<Root>
  <XmlDocVersion>19</XmlDocVersion>
  <ChainId>7290876100000</ChainId>
  <SubChainId>1</SubChainId>
  <StoreId>019</StoreId>
  <BikoretNo>9</BikoretNo>
  <DllVerNo>9.4.0.50</DllVerNo>
  <Items Count="4653">
    <Item>
      <PriceUpdateDate>2025-12-03 10:20:12</PriceUpdateDate>
      <ItemCode>7290010429554</ItemCode>
      <ItemType>1</ItemType>
      <ItemName>ש.זית יד מורדכי 750מ</ItemName>
      <ManufacturerName>קריות זול</ManufacturerName>
      <ManufactureCountry>לא ידוע</ManufactureCountry>
      <ManufacturerItemDescription>ש.זית יד מורדכי 750מ</ManufacturerItemDescription>
      <UnitQty>לא ידוע</UnitQty>
      <Quantity>750.00</Quantity>
      <UnitOfMeasure>לא ידוע</UnitOfMeasure>
      <bIsWeighted>0</bIsWeighted>
      <QtyInPackage>לא ידוע</QtyInPackage>
      <ItemPrice>45.90</ItemPrice>
      <UnitOfMeasurePrice>0.0612</UnitOfMeasurePrice>
      <AllowDiscount>1</AllowDiscount>
      <ItemStatus>1</ItemStatus>
      <ItemId>130352</ItemId>
    </Item>
    <Item>
      <PriceUpdateDate>2025-08-20 16:33:15</PriceUpdateDate>
      <ItemCode>5900020020710</ItemCode>
      <ItemType>1</ItemType>
      <ItemName>חטיף דגנים קראנץ בר</ItemName>
      <ManufacturerName>לא ידוע</ManufacturerName>
      <ManufactureCountry>לא ידוע</ManufactureCountry>
      <ManufacturerItemDescription>חטיף דגנים קראנץ בר</ManufacturerItemDescription>
      <UnitQty>לא ידוע</UnitQty>
      <Quantity>150.00</Quantity>
      <UnitOfMeasure>לא ידוע</UnitOfMeasure>
      <bIsWeighted>0</bIsWeighted>
      <QtyInPackage>לא ידוע</QtyInPackage>
      <ItemPrice>18.90</ItemPrice>
      <UnitOfMeasurePrice>0.1260</UnitOfMeasurePrice>
      <AllowDiscount>1</AllowDiscount>
      <ItemStatus>1</ItemStatus>
      <ItemId>130354</ItemId>
    </Item>
    <Item>
      <PriceUpdateDate>2025-08-21 12:21:42</PriceUpdateDate>
      <ItemCode>7290102393060</ItemCode>
      <ItemType>1</ItemType>
      <ItemName>מולר מיקס גליליות 15</ItemName>
      <ManufacturerName>קריות זול</ManufacturerName>
      <ManufactureCountry>לא ידוע</ManufactureCountry>
      <ManufacturerItemDescription>מולר מיקס גליליות 15</ManufacturerItemDescription>
      <UnitQty>לא ידוע</UnitQty>
      <Quantity>150.00</Quantity>
      <UnitOfMeasure>לא ידוע</UnitOfMeasure>
      <bIsWeighted>0</bIsWeighted>
      <QtyInPackage>לא ידוע</QtyInPackage>
      <ItemPrice>7.80</ItemPrice>
      <UnitOfMeasurePrice>0.0520</UnitOfMeasurePrice>
      <AllowDiscount>1</AllowDiscount>
      <ItemStatus>1</ItemStatus>
      <ItemId>142419</ItemId>
    </Item>
    <Item>
      <PriceUpdateDate>2025-05-28 11:36:36</PriceUpdateDate>
      <ItemCode>7290112490032</ItemCode>
      <ItemType>1</ItemType>
      <ItemName>נמס בכוס קנור תירס</ItemName>
      <ManufacturerName>לא ידוע</ManufacturerName>
      <ManufactureCountry>לא ידוע</ManufactureCountry>
      <ManufacturerItemDescription>נמס בכוס קנור תירס</ManufacturerItemDescription>
      <UnitQty>יחידה   </UnitQty>
      <Quantity>0.00</Quantity>
      <UnitOfMeasure>יחידה   </UnitOfMeasure>
      <bIsWeighted>0</bIsWeighted>
      <QtyInPackage>לא ידוע</QtyInPackage>
      <ItemPrice>9.90</ItemPrice>
      <UnitOfMeasurePrice>0.0000</UnitOfMeasurePrice>
      <AllowDiscount>1</AllowDiscount>
      <ItemStatus>1</ItemStatus>
      <ItemId>212251</ItemId>
    </Item>
    <Item>
      <PriceUpdateDate>2025-08-21 12:21:43</PriceUpdateDate>
      <ItemCode>7290102393169</ItemCode>
      <ItemType>1</ItemType>
      <ItemName>מולר סימפלי פרוט תות</ItemName>
      <ManufacturerName>לא ידוע</ManufacturerName>
      <ManufactureCountry>לא ידוע</ManufactureCountry>
      <ManufacturerItemDescription>מולר סימפלי פרוט תות</ManufacturerItemDescription>
      <UnitQty>לא ידוע</UnitQty>
      <Quantity>150.00</Quantity>
      <UnitOfMeasure>לא ידוע</UnitOfMeasure>
      <bIsWeighted>0</bIsWeighted>
      <QtyInPackage>לא ידוע</QtyInPackage>
      <ItemPrice>6.80</ItemPrice>
      <UnitOfMeasurePrice>0.0453</UnitOfMeasurePrice>
      <AllowDiscount>1</AllowDiscount>
      <ItemStatus>1</ItemStatus>
      <ItemId>142428</ItemId>
    </Item>
    <Item>
      <PriceUpdateDate>2025-08-21 12:21:43</PriceUpdateDate>
      <ItemCode>7290102393176</ItemCode>
      <ItemType>1</ItemType>
      <ItemName>מולר סימפלי פרוט אפר</ItemName>
      <ManufacturerName>לא ידוע</ManufacturerName>
      <ManufactureCountry>לא ידוע</ManufactureCountry>
      <ManufacturerItemDescription>מולר סימפלי פרוט אפר</ManufacturerItemDescription>
      <UnitQty>לא ידוע</UnitQty>
      <Quantity>150.00</Quantity>
      <UnitOfMeasure>לא ידוע</UnitOfMeasure>
      <bIsWeighted>0</bIsWeighted>
      <QtyInPackage>לא ידוע</QtyInPackage>
      <ItemPrice>6.80</ItemPrice>
      <UnitOfMeasurePrice>0.0453</UnitOfMeasurePrice>
      <AllowDiscount>1</AllowDiscount>
      <ItemStatus>1</ItemStatus>
      <ItemId>142429</ItemId>
    </Item>
    <Item>
      <PriceUpdateDate>2025-08-21 12:21:43</PriceUpdateDate>
      <ItemCode>7290102393190</ItemCode>
      <ItemType>1</ItemType>
      <ItemName>מולר סימפלי פרוט פיר</ItemName>
      <ManufacturerName>לא ידוע</ManufacturerName>
      <ManufactureCountry>לא ידוע</ManufactureCountry>
      <ManufacturerItemDescription>מולר סימפלי פרוט פיר</ManufacturerItemDescription>
      <UnitQty>לא ידוע</UnitQty>
      <Quantity>150.00</Quantity>
      <UnitOfMeasure>לא ידוע</UnitOfMeasure>
      <bIsWeighted>0</bIsWeighted>
      <QtyInPackage>לא ידוע</QtyInPackage>
      <ItemPrice>6.80</ItemPrice>
      <UnitOfMeasurePrice>0.0453</UnitOfMeasurePrice>
      <AllowDiscount>1</AllowDiscount>
      <ItemStatus>1</ItemStatus>
      <ItemId>142431</ItemId>
    </Item>
    <Item>
      <PriceUpdateDate>2025-08-21 12:21:43</PriceUpdateDate>
      <ItemCode>7290102393947</ItemCode>
      <ItemType>1</ItemType>
      <ItemName>מולר סימפלי פרוט קיו</ItemName>
      <ManufacturerName>לא ידוע</ManufacturerName>
      <ManufactureCountry>לא ידוע</ManufactureCountry>
      <ManufacturerItemDescription>מולר סימפלי פרוט קיו</ManufacturerItemDescription>
      <UnitQty>לא ידוע</UnitQty>
      <Quantity>150.00</Quantity>
      <UnitOfMeasure>לא ידוע</UnitOfMeasure>
      <bIsWeighted>0</bIsWeighted>
      <QtyInPackage>לא ידוע</QtyInPackage>
      <ItemPrice>6.80</ItemPrice>
      <UnitOfMeasurePrice>0.0453</UnitOfMeasurePrice>
      <AllowDiscount>1</AllowDiscount>
      <ItemStatus>1</ItemStatus>
      <ItemId>142462</ItemId>
    </Item>
    <Item>
      <PriceUpdateDate>2025-08-21 12:21:44</PriceUpdateDate>
      <ItemCode>7290102394081</ItemCode>
      <ItemType>1</ItemType>
      <ItemName>מולר מיקס קורנפקלס מ</ItemName>
      <ManufacturerName>לא ידוע</ManufacturerName>
      <ManufactureCountry>לא ידוע</ManufactureCountry>
      <ManufacturerItemDescription>מולר מיקס קורנפקלס מ</ManufacturerItemDescription>
      <UnitQty>יחידה   </UnitQty>
      <Quantity>0.00</Quantity>
      <UnitOfMeasure>יחידה   </UnitOfMeasure>
      <bIsWeighted>0</bIsWeighted>
      <QtyInPackage>לא ידוע</QtyInPackage>
      <ItemPrice>7.80</ItemPrice>
      <UnitOfMeasurePrice>0.0000</UnitOfMeasurePrice>
      <AllowDiscount>1</AllowDiscount>
      <ItemStatus>1</ItemStatus>
      <ItemId>142474</ItemId>
    </Item>
    <Item>
      <PriceUpdateDate>2025-12-03 10:19:08</PriceUpdateDate>
      <ItemCode>7290111012006</ItemCode>
      <ItemType>1</ItemType>
      <ItemName>*מבצע* ממחטות כיס טו</ItemName>
      <ManufacturerName>פריטי המותג של יאיר</ManufacturerName>
      <ManufactureCountry>לא ידוע</ManufactureCountry>
      <ManufacturerItemDescription>*מבצע* ממחטות כיס טו</ManufacturerItemDescription>
      <UnitQty>יחידה   </UnitQty>
      <Quantity>0.00</Quantity>
      <UnitOfMeasure>יחידה   </UnitOfMeasure>
      <bIsWeighted>0</bIsWeighted>
      <QtyInPackage>לא ידוע</QtyInPackage>
      <ItemPrice>7.80</ItemPrice>
      <UnitOfMeasurePrice>0.0000</UnitOfMeasurePrice>
      <AllowDiscount>1</AllowDiscount>
      <ItemStatus>1</ItemStatus>
      <ItemId>241110</ItemId>
    </Item>
    <Item>
      <PriceUpdateDate>2025-11-30 13:50:31</PriceUpdateDate>
      <ItemCode>8000350009083</ItemCode>
      <ItemType>1</ItemType>
      <ItemName>וישנזי חטיף עוגיה פר</ItemName>
      <ManufacturerName>לא ידוע</ManufacturerName>
      <ManufactureCountry>לא ידוע</ManufactureCountry>
      <ManufacturerItemDescription>וישנזי חטיף עוגיה פר</ManufacturerItemDescription>
      <UnitQty>לא ידוע</UnitQty>
      <Quantity>125.00</Quantity>
      <UnitOfMeasure>לא ידוע</UnitOfMeasure>
      <bIsWeighted>0</bIsWeighted>
      <QtyInPackage>לא ידוע</QtyInPackage>
      <ItemPrice>14.90</ItemPrice>
      <UnitOfMeasurePrice>0.1192</UnitOfMeasurePrice>
      <AllowDiscount>1</AllowDiscount>
      <ItemStatus>1</ItemStatus>
      <ItemId>256642</ItemId>
    </Item>
    <Item>
      <PriceUpdateDate>2025-08-20 09:29:22</PriceUpdateDate>
      <ItemCode>4002603080294</ItemCode>
      <ItemType>1</ItemType>
      <ItemName>פרלין אייסקונפקט 225</ItemName>
      <ManufacturerName>לא ידוע</ManufacturerName>
      <ManufactureCountry>לא ידוע</ManufactureCountry>
      <ManufacturerItemDescription>פרלין אייסקונפקט 225</ManufacturerItemDescription>
      <UnitQty>לא ידוע</UnitQty>
      <Quantity>225.00</Quantity>
      <UnitOfMeasure>לא ידוע</UnitOfMeasure>
      <bIsWeighted>0</bIsWeighted>
      <QtyInPackage>לא ידוע</QtyInPackage>
      <ItemPrice>21.90</ItemPrice>
      <UnitOfMeasurePrice>0.0973</UnitOfMeasurePrice>
      <AllowDiscount>1</AllowDiscount>
      <ItemStatus>1</ItemStatus>
      <ItemId>249395</ItemId>
    </Item>
    <Item>
      <PriceUpdateDate>2025-08-21 13:56:21</PriceUpdateDate>
      <ItemCode>8000500167656</ItemCode>
      <ItemType>1</ItemType>
      <ItemName>קינדר קאנטרי 4 יח</ItemName>
      <ManufacturerName>לא ידוע</ManufacturerName>
      <ManufactureCountry>לא ידוע</ManufactureCountry>
      <ManufacturerItemDescription>קינדר קאנטרי 4 יח</ManufacturerItemDescription>
      <UnitQty>יחידה   </UnitQty>
      <Quantity>0.00</Quantity>
      <UnitOfMeasure>יחידה   </UnitOfMeasure>
      <bIsWeighted>0</bIsWeighted>
      <QtyInPackage>לא ידוע</QtyInPackage>
      <ItemPrice>12.50</ItemPrice>
      <UnitOfMeasurePrice>0.0000</UnitOfMeasurePrice>
      <AllowDiscount>1</AllowDiscount>
      <ItemStatus>1</ItemStatus>
      <ItemId>246853</ItemId>
    </Item>
    <Item>
      <PriceUpdateDate>2025-08-31 10:12:30</PriceUpdateDate>
      <ItemCode>7290110579319</ItemCode>
      <ItemType>1</ItemType>
      <ItemName>חומוס גלילי 400גר</ItemName>
      <ManufacturerName>לא ידוע</ManufacturerName>
      <ManufactureCountry>לא ידוע</ManufactureCountry>
      <ManufacturerItemDescription>חומוס גלילי 400גר</ManufacturerItemDescription>
      <UnitQty>לא ידוע</UnitQty>
      <Quantity>400.00</Quantity>
      <UnitOfMeasure>לא ידוע</UnitOfMeasure>
      <bIsWeighted>0</bIsWeighted>
      <QtyInPackage>לא ידוע</QtyInPackage>
      <ItemPrice>13.90</ItemPrice>
      <UnitOfMeasurePrice>0.0348</UnitOfMeasurePrice>
      <AllowDiscount>1</AllowDiscount>
      <ItemStatus>1</ItemStatus>
      <ItemId>240734</ItemId>
    </Item>
    <Item>
      <PriceUpdateDate>2024-12-15 09:45:20</PriceUpdateDate>
      <ItemCode>7290015855990</ItemCode>
      <ItemType>1</ItemType>
      <ItemName>לקט ירקות למרק א. אד</ItemName>
      <ManufacturerName>לא ידוע</ManufacturerName>
      <ManufactureCountry>ישראל</ManufactureCountry>
      <ManufacturerItemDescription>לקט ירקות למרק א. אד</ManufacturerItemDescription>
      <UnitQty>יחידה   </UnitQty>
      <Quantity>0.00</Quantity>
      <UnitOfMeasure>יחידה   </UnitOfMeasure>
      <bIsWeighted>0</bIsWeighted>
      <QtyInPackage>לא ידוע</QtyInPackage>
      <ItemPrice>15.90</ItemPrice>
      <UnitOfMeasurePrice>0.0000</UnitOfMeasurePrice>
      <AllowDiscount>1</AllowDiscount>
      <ItemStatus>1</ItemStatus>
      <ItemId>240401</ItemId>
    </Item>
    <Item>
      <PriceUpdateDate>2025-11-02 11:36:16</PriceUpdateDate>
      <ItemCode>7296082000226</ItemCode>
      <ItemType>1</ItemType>
      <ItemName>ביצים רגילות מדיום 1</ItemName>
      <ManufacturerName>לא ידוע</ManufacturerName>
      <ManufactureCountry>לא ידוע</ManufactureCountry>
      <ManufacturerItemDescription>ביצים רגילות מדיום 1</ManufacturerItemDescription>
      <UnitQty>יחידה   </UnitQty>
      <Quantity>0.00</Quantity>
      <UnitOfMeasure>יחידה   </UnitOfMeasure>
      <bIsWeighted>0</bIsWeighted>
      <QtyInPackage>לא ידוע</QtyInPackage>
      <ItemPrice>19.69</ItemPrice>
      <UnitOfMeasurePrice>0.0000</UnitOfMeasurePrice>
      <AllowDiscount>1</AllowDiscount>
      <ItemStatus>1</ItemStatus>
      <ItemId>250803</ItemId>
    </Item>
    <Item>
      <PriceUpdateDate>2025-08-20 09:35:31</PriceUpdateDate>
      <ItemCode>7290018441275</ItemCode>
      <ItemType>1</ItemType>
      <ItemName>גלידת פיינט נטפליקס</ItemName>
      <ManufacturerName>לא ידוע</ManufacturerName>
      <ManufactureCountry>לא ידוע</ManufactureCountry>
      <ManufacturerItemDescription>גלידת פיינט נטפליקס</ManufacturerItemDescription>
      <UnitQty>לא ידוע</UnitQty>
      <Quantity>442.00</Quantity>
      <UnitOfMeasure>לא ידוע</UnitOfMeasure>
      <bIsWeighted>0</bIsWeighted>
      <QtyInPackage>לא ידוע</QtyInPackage>
      <ItemPrice>24.90</ItemPrice>
      <UnitOfMeasurePrice>0.0563</UnitOfMeasurePrice>
      <AllowDiscount>1</AllowDiscount>
      <ItemStatus>1</ItemStatus>
      <ItemId>255668</ItemId>
    </Item>
    <Item>
      <PriceUpdateDate>2025-08-26 10:37:05</PriceUpdateDate>
      <ItemCode>7290002211747</ItemCode>
      <ItemType>1</ItemType>
      <ItemName>קמח כוסמין 80% מלא מ</ItemName>
      <ManufacturerName>לא ידוע</ManufacturerName>
      <ManufactureCountry>לא ידוע</ManufactureCountry>
      <ManufacturerItemDescription>קמח כוסמין 80% מלא מ</ManufacturerItemDescription>
      <UnitQty>לא ידוע</UnitQty>
      <Quantity>1000.00</Quantity>
      <UnitOfMeasure>לא ידוע</UnitOfMeasure>
      <bIsWeighted>0</bIsWeighted>
      <QtyInPackage>לא ידוע</QtyInPackage>
      <ItemPrice>13.90</ItemPrice>
      <UnitOfMeasurePrice>0.0139</UnitOfMeasurePrice>
      <AllowDiscount>1</AllowDiscount>
      <ItemStatus>1</ItemStatus>
      <ItemId>247995</ItemId>
    </Item>
    <Item>
      <PriceUpdateDate>2025-08-21 12:21:44</PriceUpdateDate>
      <ItemCode>7290102394821</ItemCode>
      <ItemType>1</ItemType>
      <ItemName>גבינה צהובה נעם 28%</ItemName>
      <ManufacturerName>לא ידוע</ManufacturerName>
      <ManufactureCountry>לא ידוע</ManufactureCountry>
      <ManufacturerItemDescription>גבינה צהובה נעם 28%</ManufacturerItemDescription>
      <UnitQty>לא ידוע</UnitQty>
      <Quantity>200.00</Quantity>
      <UnitOfMeasure>לא ידוע</UnitOfMeasure>
      <bIsWeighted>0</bIsWeighted>
      <QtyInPackage>לא ידוע</QtyInPackage>
      <ItemPrice>22.70</ItemPrice>
      <UnitOfMeasurePrice>0.1135</UnitOfMeasurePrice>
      <AllowDiscount>1</AllowDiscount>
      <ItemStatus>1</ItemStatus>
      <ItemId>142505</ItemId>
    </Item>
    <Item>
      <PriceUpdateDate>2025-08-21 12:21:44</PriceUpdateDate>
      <ItemCode>7290102394845</ItemCode>
      <ItemType>1</ItemType>
      <ItemName>גבינה צהובה נעם 9% פ</ItemName>
      <ManufacturerName>לא ידוע</ManufacturerName>
      <ManufactureCountry>לא ידוע</ManufactureCountry>
      <ManufacturerItemDescription>גבינה צהובה נעם 9% פ</ManufacturerItemDescription>
      <UnitQty>לא ידוע</UnitQty>
      <Quantity>200.00</Quantity>
      <UnitOfMeasure>לא ידוע</UnitOfMeasure>
      <bIsWeighted>0</bIsWeighted>
      <QtyInPackage>לא ידוע</QtyInPackage>
      <ItemPrice>22.70</ItemPrice>
      <UnitOfMeasurePrice>0.1135</UnitOfMeasurePrice>
      <AllowDiscount>1</AllowDiscount>
      <ItemStatus>1</ItemStatus>
      <ItemId>142506</ItemId>
    </Item>
    <Item>
      <PriceUpdateDate>2025-11-02 11:36:13</PriceUpdateDate>
      <ItemCode>7290102395217</ItemCode>
      <ItemType>1</ItemType>
      <ItemName>מולר ביאנקו במתיקות</ItemName>
      <ManufacturerName>לא ידוע</ManufacturerName>
      <ManufactureCountry>לא ידוע</ManufactureCountry>
      <ManufacturerItemDescription>מולר ביאנקו במתיקות</ManufacturerItemDescription>
      <UnitQty>יחידה   </UnitQty>
      <Quantity>0.00</Quantity>
      <UnitOfMeasure>יחידה   </UnitOfMeasure>
      <bIsWeighted>0</bIsWeighted>
      <QtyInPackage>לא ידוע</QtyInPackage>
      <ItemPrice>26.90</ItemPrice>
      <UnitOfMeasurePrice>0.0000</UnitOfMeasurePrice>
      <AllowDiscount>1</AllowDiscount>
      <ItemStatus>1</ItemStatus>
      <ItemId>142528</ItemId>
    </Item>
    <Item>
      <PriceUpdateDate>2025-08-21 12:21:45</PriceUpdateDate>
      <ItemCode>7290102395224</ItemCode>
      <ItemType>1</ItemType>
      <ItemName>יוגורט מולר ביו לבן </ItemName>
      <ManufacturerName>לא ידוע</ManufacturerName>
      <ManufactureCountry>לא ידוע</ManufactureCountry>
      <ManufacturerItemDescription>יוגורט מולר ביו לבן </ManufacturerItemDescription>
      <UnitQty>לא ידוע</UnitQty>
      <Quantity>1200.00</Quantity>
      <UnitOfMeasure>לא ידוע</UnitOfMeasure>
      <bIsWeighted>0</bIsWeighted>
      <QtyInPackage>לא ידוע</QtyInPackage>
      <ItemPrice>23.30</ItemPrice>
      <UnitOfMeasurePrice>0.0194</UnitOfMeasurePrice>
      <AllowDiscount>1</AllowDiscount>
      <ItemStatus>1</ItemStatus>
      <ItemId>142529</ItemId>
    </Item>
    <Item>
      <PriceUpdateDate>2025-08-21 12:21:45</PriceUpdateDate>
      <ItemCode>7290102395231</ItemCode>
      <ItemType>1</ItemType>
      <ItemName>יוגורט מולר ביו לבן </ItemName>
      <ManufacturerName>לא ידוע</ManufacturerName>
      <ManufactureCountry>לא ידוע</ManufactureCountry>
      <ManufacturerItemDescription>יוגורט מולר ביו לבן </ManufacturerItemDescription>
      <UnitQty>לא ידוע</UnitQty>
      <Quantity>1200.00</Quantity>
      <UnitOfMeasure>לא ידוע</UnitOfMeasure>
      <bIsWeighted>0</bIsWeighted>
      <QtyInPackage>לא ידוע</QtyInPackage>
      <ItemPrice>23.30</ItemPrice>
      <UnitOfMeasurePrice>0.0194</UnitOfMeasurePrice>
      <AllowDiscount>1</AllowDiscount>
      <ItemStatus>1</ItemStatus>
      <ItemId>142530</ItemId>
    </Item>
    <Item>
      <PriceUpdateDate>2025-08-21 12:21:46</PriceUpdateDate>
      <ItemCode>7290102395446</ItemCode>
      <ItemType>1</ItemType>
      <ItemName>מוו וניל קצפת 123גר</ItemName>
      <ManufacturerName>לא ידוע</ManufacturerName>
      <ManufactureCountry>לא ידוע</ManufactureCountry>
      <ManufacturerItemDescription>מוו וניל קצפת 123גר</ManufacturerItemDescription>
      <UnitQty>לא ידוע</UnitQty>
      <Quantity>123.00</Quantity>
      <UnitOfMeasure>לא ידוע</UnitOfMeasure>
      <bIsWeighted>0</bIsWeighted>
      <QtyInPackage>לא ידוע</QtyInPackage>
      <ItemPrice>4.50</ItemPrice>
      <UnitOfMeasurePrice>0.0366</UnitOfMeasurePrice>
      <AllowDiscount>1</AllowDiscount>
      <ItemStatus>1</ItemStatus>
      <ItemId>142540</ItemId>
    </Item>
    <Item>
      <PriceUpdateDate>2025-08-21 12:21:46</PriceUpdateDate>
      <ItemCode>7290102395477</ItemCode>
      <ItemType>1</ItemType>
      <ItemName>מוו שוקולד קצפת 123ג</ItemName>
      <ManufacturerName>לא ידוע</ManufacturerName>
      <ManufactureCountry>לא ידוע</ManufactureCountry>
      <ManufacturerItemDescription>מוו שוקולד קצפת 123ג</ManufacturerItemDescription>
      <UnitQty>לא ידוע</UnitQty>
      <Quantity>123.00</Quantity>
      <UnitOfMeasure>לא ידוע</UnitOfMeasure>
      <bIsWeighted>0</bIsWeighted>
      <QtyInPackage>לא ידוע</QtyInPackage>
      <ItemPrice>4.50</ItemPrice>
      <UnitOfMeasurePrice>0.0366</UnitOfMeasurePrice>
      <AllowDiscount>1</AllowDiscount>
      <ItemStatus>1</ItemStatus>
      <ItemId>142543</ItemId>
    </Item>
    <Item>
      <PriceUpdateDate>2025-08-21 12:21:46</PriceUpdateDate>
      <ItemCode>7290102396399</ItemCode>
      <ItemType>1</ItemType>
      <ItemName>מוו מעדן שוקולד מארז</ItemName>
      <ManufacturerName>לא ידוע</ManufacturerName>
      <ManufactureCountry>לא ידוע</ManufactureCountry>
      <ManufacturerItemDescription>מוו מעדן שוקולד מארז</ManufacturerItemDescription>
      <UnitQty>לא ידוע</UnitQty>
      <Quantity>800.00</Quantity>
      <UnitOfMeasure>לא ידוע</UnitOfMeasure>
      <bIsWeighted>0</bIsWeighted>
      <QtyInPackage>לא ידוע</QtyInPackage>
      <ItemPrice>17.20</ItemPrice>
      <UnitOfMeasurePrice>0.0215</UnitOfMeasurePrice>
      <AllowDiscount>1</AllowDiscount>
      <ItemStatus>1</ItemStatus>
      <ItemId>142597</ItemId>
    </Item>
    <Item>
      <PriceUpdateDate>2025-08-21 12:21:47</PriceUpdateDate>
      <ItemCode>7290102396665</ItemCode>
      <ItemType>1</ItemType>
      <ItemName>גבינה צהובה נעם 15%</ItemName>
      <ManufacturerName>לא ידוע</ManufacturerName>
      <ManufactureCountry>לא ידוע</ManufactureCountry>
      <ManufacturerItemDescription>גבינה צהובה נעם 15%</ManufacturerItemDescription>
      <UnitQty>לא ידוע</UnitQty>
      <Quantity>200.00</Quantity>
      <UnitOfMeasure>לא ידוע</UnitOfMeasure>
      <bIsWeighted>0</bIsWeighted>
      <QtyInPackage>לא ידוע</QtyInPackage>
      <ItemPrice>22.70</ItemPrice>
      <UnitOfMeasurePrice>0.1135</UnitOfMeasurePrice>
      <AllowDiscount>1</AllowDiscount>
      <ItemStatus>1</ItemStatus>
      <ItemId>142616</ItemId>
    </Item>
    <Item>
      <PriceUpdateDate>2025-08-21 12:21:47</PriceUpdateDate>
      <ItemCode>7290102396740</ItemCode>
      <ItemType>1</ItemType>
      <ItemName>מולר סימפלי מאגדת 8י</ItemName>
      <ManufacturerName>לא ידוע</ManufacturerName>
      <ManufactureCountry>לא ידוע</ManufactureCountry>
      <ManufacturerItemDescription>מולר סימפלי מאגדת 8י</ManufacturerItemDescription>
      <UnitQty>לא ידוע</UnitQty>
      <Quantity>1200.00</Quantity>
      <UnitOfMeasure>לא ידוע</UnitOfMeasure>
      <bIsWeighted>0</bIsWeighted>
      <QtyInPackage>לא ידוע</QtyInPackage>
      <ItemPrice>39.30</ItemPrice>
      <UnitOfMeasurePrice>0.0327</UnitOfMeasurePrice>
      <AllowDiscount>1</AllowDiscount>
      <ItemStatus>1</ItemStatus>
      <ItemId>142623</ItemId>
    </Item>
    <Item>
      <PriceUpdateDate>2025-08-20 13:19:00</PriceUpdateDate>
      <ItemCode>7290010117970</ItemCode>
      <ItemType>1</ItemType>
      <ItemName>בוטנים טבעי 50 גרם</ItemName>
      <ManufacturerName>לא ידוע</ManufacturerName>
      <ManufactureCountry>לא ידוע</ManufactureCountry>
      <ManufacturerItemDescription>בוטנים טבעי 50 גרם</ManufacturerItemDescription>
      <UnitQty>לא ידוע</UnitQty>
      <Quantity>50.00</Quantity>
      <UnitOfMeasure>לא ידוע</UnitOfMeasure>
      <bIsWeighted>0</bIsWeighted>
      <QtyInPackage>לא ידוע</QtyInPackage>
      <ItemPrice>4.50</ItemPrice>
      <UnitOfMeasurePrice>0.0900</UnitOfMeasurePrice>
      <AllowDiscount>1</AllowDiscount>
      <ItemStatus>1</ItemStatus>
      <ItemId>214141</ItemId>
    </Item>
    <Item>
      <PriceUpdateDate>2025-08-21 12:21:47</PriceUpdateDate>
      <ItemCode>7290102397204</ItemCode>
      <ItemType>1</ItemType>
      <ItemName>גבינה צהובה נעם 22%</ItemName>
      <ManufacturerName>לא ידוע</ManufacturerName>
      <ManufactureCountry>לא ידוע</ManufactureCountry>
      <ManufacturerItemDescription>גבינה צהובה נעם 22%</ManufacturerItemDescription>
      <UnitQty>לא ידוע</UnitQty>
      <Quantity>200.00</Quantity>
      <UnitOfMeasure>לא ידוע</UnitOfMeasure>
      <bIsWeighted>0</bIsWeighted>
      <QtyInPackage>לא ידוע</QtyInPackage>
      <ItemPrice>22.70</ItemPrice>
      <UnitOfMeasurePrice>0.1135</UnitOfMeasurePrice>
      <AllowDiscount>1</AllowDiscount>
      <ItemStatus>1</ItemStatus>
      <ItemId>142652</ItemId>
    </Item>
    <Item>
      <PriceUpdateDate>2025-08-21 12:21:48</PriceUpdateDate>
      <ItemCode>7290102397600</ItemCode>
      <ItemType>1</ItemType>
      <ItemName>מולר מיקס+ שקדים ובו</ItemName>
      <ManufacturerName>לא ידוע</ManufacturerName>
      <ManufactureCountry>לא ידוע</ManufactureCountry>
      <ManufacturerItemDescription>מולר מיקס+ שקדים ובו</ManufacturerItemDescription>
      <UnitQty>לא ידוע</UnitQty>
      <Quantity>170.00</Quantity>
      <UnitOfMeasure>לא ידוע</UnitOfMeasure>
      <bIsWeighted>0</bIsWeighted>
      <QtyInPackage>לא ידוע</QtyInPackage>
      <ItemPrice>7.80</ItemPrice>
      <UnitOfMeasurePrice>0.0459</UnitOfMeasurePrice>
      <AllowDiscount>1</AllowDiscount>
      <ItemStatus>1</ItemStatus>
      <ItemId>142675</ItemId>
    </Item>
    <Item>
      <PriceUpdateDate>2025-08-21 12:21:48</PriceUpdateDate>
      <ItemCode>7290102397617</ItemCode>
      <ItemType>1</ItemType>
      <ItemName>מולר מיקס קליק 150גר</ItemName>
      <ManufacturerName>לא ידוע</ManufacturerName>
      <ManufactureCountry>לא ידוע</ManufactureCountry>
      <ManufacturerItemDescription>מולר מיקס קליק 150גר</ManufacturerItemDescription>
      <UnitQty>לא ידוע</UnitQty>
      <Quantity>150.00</Quantity>
      <UnitOfMeasure>לא ידוע</UnitOfMeasure>
      <bIsWeighted>0</bIsWeighted>
      <QtyInPackage>לא ידוע</QtyInPackage>
      <ItemPrice>7.80</ItemPrice>
      <UnitOfMeasurePrice>0.0520</UnitOfMeasurePrice>
      <AllowDiscount>1</AllowDiscount>
      <ItemStatus>1</ItemStatus>
      <ItemId>142676</ItemId>
    </Item>
    <Item>
      <PriceUpdateDate>2025-08-26 11:54:58</PriceUpdateDate>
      <ItemCode>9720188050109</ItemCode>
      <ItemType>1</ItemType>
      <ItemName>טופוטי ממרח טופו בטע</ItemName>
      <ManufacturerName>לא ידוע</ManufacturerName>
      <ManufactureCountry>לא ידוע</ManufactureCountry>
      <ManufacturerItemDescription>טופוטי ממרח טופו בטע</ManufacturerItemDescription>
      <UnitQty>לא ידוע</UnitQty>
      <Quantity>227.00</Quantity>
      <UnitOfMeasure>לא ידוע</UnitOfMeasure>
      <bIsWeighted>0</bIsWeighted>
      <QtyInPackage>לא ידוע</QtyInPackage>
      <ItemPrice>26.30</ItemPrice>
      <UnitOfMeasurePrice>0.1159</UnitOfMeasurePrice>
      <AllowDiscount>1</AllowDiscount>
      <ItemStatus>1</ItemStatus>
      <ItemId>142681</ItemId>
    </Item>
    <Item>
      <PriceUpdateDate>2024-12-25 10:28:32</PriceUpdateDate>
      <ItemCode>54051140</ItemCode>
      <ItemType>1</ItemType>
      <ItemName>אלפרו מעדן סויה וניל</ItemName>
      <ManufacturerName>קריות זול</ManufacturerName>
      <ManufactureCountry>לא ידוע</ManufactureCountry>
      <ManufacturerItemDescription>אלפרו מעדן סויה וניל</ManufacturerItemDescription>
      <UnitQty>לא ידוע</UnitQty>
      <Quantity>500.00</Quantity>
      <UnitOfMeasure>לא ידוע</UnitOfMeasure>
      <bIsWeighted>0</bIsWeighted>
      <QtyInPackage>לא ידוע</QtyInPackage>
      <ItemPrice>19.90</ItemPrice>
      <UnitOfMeasurePrice>0.0398</UnitOfMeasurePrice>
      <AllowDiscount>1</AllowDiscount>
      <ItemStatus>1</ItemStatus>
      <ItemId>142816</ItemId>
    </Item>
    <Item>
      <PriceUpdateDate>2024-12-25 10:28:32</PriceUpdateDate>
      <ItemCode>54051157</ItemCode>
      <ItemType>1</ItemType>
      <ItemName>אלפרו מעדן סויה שוקו</ItemName>
      <ManufacturerName>קריות זול</ManufacturerName>
      <ManufactureCountry>לא ידוע</ManufactureCountry>
      <ManufacturerItemDescription>אלפרו מעדן סויה שוקו</ManufacturerItemDescription>
      <UnitQty>לא ידוע</UnitQty>
      <Quantity>500.00</Quantity>
      <UnitOfMeasure>לא ידוע</UnitOfMeasure>
      <bIsWeighted>0</bIsWeighted>
      <QtyInPackage>לא ידוע</QtyInPackage>
      <ItemPrice>19.90</ItemPrice>
      <UnitOfMeasurePrice>0.0398</UnitOfMeasurePrice>
      <AllowDiscount>1</AllowDiscount>
      <ItemStatus>1</ItemStatus>
      <ItemId>142817</ItemId>
    </Item>
    <Item>
      <PriceUpdateDate>2025-11-02 11:35:45</PriceUpdateDate>
      <ItemCode>46214731552</ItemCode>
      <ItemType>1</ItemType>
      <ItemName>מרבה עוגיות 37% שוקו</ItemName>
      <ManufacturerName>קריות זול</ManufacturerName>
      <ManufactureCountry>לא ידוע</ManufactureCountry>
      <ManufacturerItemDescription>מרבה עוגיות 37% שוקו</ManufacturerItemDescription>
      <UnitQty>לא ידוע</UnitQty>
      <Quantity>225.00</Quantity>
      <UnitOfMeasure>לא ידוע</UnitOfMeasure>
      <bIsWeighted>0</bIsWeighted>
      <QtyInPackage>לא ידוע</QtyInPackage>
      <ItemPrice>12.90</ItemPrice>
      <UnitOfMeasurePrice>0.0573</UnitOfMeasurePrice>
      <AllowDiscount>1</AllowDiscount>
      <ItemStatus>1</ItemStatus>
      <ItemId>142834</ItemId>
    </Item>
    <Item>
      <PriceUpdateDate>2025-08-18 11:13:12</PriceUpdateDate>
      <ItemCode>4009300522935</ItemCode>
      <ItemType>1</ItemType>
      <ItemName>פומפדור תה ירוק לימו</ItemName>
      <ManufacturerName>לא ידוע</ManufacturerName>
      <ManufactureCountry>לא ידוע</ManufactureCountry>
      <ManufacturerItemDescription>פומפדור תה ירוק לימו</ManufacturerItemDescription>
      <UnitQty>לא ידוע</UnitQty>
      <Quantity>30.00</Quantity>
      <UnitOfMeasure>לא ידוע</UnitOfMeasure>
      <bIsWeighted>0</bIsWeighted>
      <QtyInPackage>לא ידוע</QtyInPackage>
      <ItemPrice>19.90</ItemPrice>
      <UnitOfMeasurePrice>0.6633</UnitOfMeasurePrice>
      <AllowDiscount>1</AllowDiscount>
      <ItemStatus>1</ItemStatus>
      <ItemId>142902</ItemId>
    </Item>
    <Item>
      <PriceUpdateDate>2025-12-05 07:48:40</PriceUpdateDate>
      <ItemCode>4009300524588</ItemCode>
      <ItemType>1</ItemType>
      <ItemName>פומפדור חליטת תה פיר</ItemName>
      <ManufacturerName>לא ידוע</ManufacturerName>
      <ManufactureCountry>לא ידוע</ManufactureCountry>
      <ManufacturerItemDescription>פומפדור חליטת תה פיר</ManufacturerItemDescription>
      <UnitQty>לא ידוע</UnitQty>
      <Quantity>60.00</Quantity>
      <UnitOfMeasure>לא ידוע</UnitOfMeasure>
      <bIsWeighted>0</bIsWeighted>
      <QtyInPackage>לא ידוע</QtyInPackage>
      <ItemPrice>16.90</ItemPrice>
      <UnitOfMeasurePrice>0.2817</UnitOfMeasurePrice>
      <AllowDiscount>1</AllowDiscount>
      <ItemStatus>1</ItemStatus>
      <ItemId>142906</ItemId>
    </Item>
    <Item>
      <PriceUpdateDate>2025-08-18 11:13:13</PriceUpdateDate>
      <ItemCode>4009300526438</ItemCode>
      <ItemType>1</ItemType>
      <ItemName>פומפדור תה ירוק קלאס</ItemName>
      <ManufacturerName>לא ידוע</ManufacturerName>
      <ManufactureCountry>לא ידוע</ManufactureCountry>
      <ManufacturerItemDescription>פומפדור תה ירוק קלאס</ManufacturerItemDescription>
      <UnitQty>יחידה   </UnitQty>
      <Quantity>0.00</Quantity>
      <UnitOfMeasure>יחידה   </UnitOfMeasure>
      <bIsWeighted>0</bIsWeighted>
      <QtyInPackage>לא ידוע</QtyInPackage>
      <ItemPrice>19.90</ItemPrice>
      <UnitOfMeasurePrice>0.0000</UnitOfMeasurePrice>
      <AllowDiscount>1</AllowDiscount>
      <ItemStatus>1</ItemStatus>
      <ItemId>142912</ItemId>
    </Item>
    <Item>
      <PriceUpdateDate>2025-09-02 11:45:51</PriceUpdateDate>
      <ItemCode>5011157630281</ItemCode>
      <ItemType>1</ItemType>
      <ItemName>אורז בסמטי טילדה 1קג</ItemName>
      <ManufacturerName>לא ידוע</ManufacturerName>
      <ManufactureCountry>לא ידוע</ManufactureCountry>
      <ManufacturerItemDescription>אורז בסמטי טילדה 1קג</ManufacturerItemDescription>
      <UnitQty>לא ידוע</UnitQty>
      <Quantity>1000.00</Quantity>
      <UnitOfMeasure>לא ידוע</UnitOfMeasure>
      <bIsWeighted>0</bIsWeighted>
      <QtyInPackage>לא ידוע</QtyInPackage>
      <ItemPrice>20.90</ItemPrice>
      <UnitOfMeasurePrice>0.0209</UnitOfMeasurePrice>
      <AllowDiscount>1</AllowDiscount>
      <ItemStatus>1</ItemStatus>
      <ItemId>142935</ItemId>
    </Item>
    <Item>
      <PriceUpdateDate>2025-08-26 10:48:06</PriceUpdateDate>
      <ItemCode>5411188096108</ItemCode>
      <ItemType>1</ItemType>
      <ItemName>אלפרו לבישול על בסיס</ItemName>
      <ManufacturerName>לא ידוע</ManufacturerName>
      <ManufactureCountry>לא ידוע</ManufactureCountry>
      <ManufacturerItemDescription>אלפרו לבישול על בסיס</ManufacturerItemDescription>
      <UnitQty>לא ידוע</UnitQty>
      <Quantity>250.00</Quantity>
      <UnitOfMeasure>לא ידוע</UnitOfMeasure>
      <bIsWeighted>0</bIsWeighted>
      <QtyInPackage>לא ידוע</QtyInPackage>
      <ItemPrice>13.90</ItemPrice>
      <UnitOfMeasurePrice>0.0556</UnitOfMeasurePrice>
      <AllowDiscount>1</AllowDiscount>
      <ItemStatus>1</ItemStatus>
      <ItemId>142948</ItemId>
    </Item>
    <Item>
      <PriceUpdateDate>2025-08-18 11:13:19</PriceUpdateDate>
      <ItemCode>5601008200444</ItemCode>
      <ItemType>1</ItemType>
      <ItemName>עוגיות טבעת גודיס מצ</ItemName>
      <ManufacturerName>לא ידוע</ManufacturerName>
      <ManufactureCountry>לא ידוע</ManufactureCountry>
      <ManufacturerItemDescription>עוגיות טבעת גודיס מצ</ManufacturerItemDescription>
      <UnitQty>לא ידוע</UnitQty>
      <Quantity>150.00</Quantity>
      <UnitOfMeasure>לא ידוע</UnitOfMeasure>
      <bIsWeighted>0</bIsWeighted>
      <QtyInPackage>לא ידוע</QtyInPackage>
      <ItemPrice>10.90</ItemPrice>
      <UnitOfMeasurePrice>0.0727</UnitOfMeasurePrice>
      <AllowDiscount>1</AllowDiscount>
      <ItemStatus>1</ItemStatus>
      <ItemId>142970</ItemId>
    </Item>
    <Item>
      <PriceUpdateDate>2025-08-18 11:13:19</PriceUpdateDate>
      <ItemCode>5601008200451</ItemCode>
      <ItemType>1</ItemType>
      <ItemName>עוגיות טבעת גודיס מצ</ItemName>
      <ManufacturerName>לא ידוע</ManufacturerName>
      <ManufactureCountry>לא ידוע</ManufactureCountry>
      <ManufacturerItemDescription>עוגיות טבעת גודיס מצ</ManufacturerItemDescription>
      <UnitQty>לא ידוע</UnitQty>
      <Quantity>150.00</Quantity>
      <UnitOfMeasure>לא ידוע</UnitOfMeasure>
      <bIsWeighted>0</bIsWeighted>
      <QtyInPackage>לא ידוע</QtyInPackage>
      <ItemPrice>10.90</ItemPrice>
      <UnitOfMeasurePrice>0.0727</UnitOfMeasurePrice>
      <AllowDiscount>1</AllowDiscount>
      <ItemStatus>1</ItemStatus>
      <ItemId>142971</ItemId>
    </Item>
    <Item>
      <PriceUpdateDate>2025-08-18 11:13:19</PriceUpdateDate>
      <ItemCode>5601008200468</ItemCode>
      <ItemType>1</ItemType>
      <ItemName>עוגיות טבעת גודיס מצ</ItemName>
      <ManufacturerName>לא ידוע</ManufacturerName>
      <ManufactureCountry>לא ידוע</ManufactureCountry>
      <ManufacturerItemDescription>עוגיות טבעת גודיס מצ</ManufacturerItemDescription>
      <UnitQty>לא ידוע</UnitQty>
      <Quantity>150.00</Quantity>
      <UnitOfMeasure>לא ידוע</UnitOfMeasure>
      <bIsWeighted>0</bIsWeighted>
      <QtyInPackage>לא ידוע</QtyInPackage>
      <ItemPrice>10.90</ItemPrice>
      <UnitOfMeasurePrice>0.0727</UnitOfMeasurePrice>
      <AllowDiscount>1</AllowDiscount>
      <ItemStatus>1</ItemStatus>
      <ItemId>142972</ItemId>
    </Item>
    <Item>
      <PriceUpdateDate>2025-08-26 11:20:13</PriceUpdateDate>
      <ItemCode>7290014762800</ItemCode>
      <ItemType>1</ItemType>
      <ItemName>מעדן סויה בטעם שוקול</ItemName>
      <ManufacturerName>לא ידוע</ManufacturerName>
      <ManufactureCountry>לא ידוע</ManufactureCountry>
      <ManufacturerItemDescription>מעדן סויה בטעם שוקול</ManufacturerItemDescription>
      <UnitQty>לא ידוע</UnitQty>
      <Quantity>125.00</Quantity>
      <UnitOfMeasure>לא ידוע</UnitOfMeasure>
      <bIsWeighted>0</bIsWeighted>
      <QtyInPackage>לא ידוע</QtyInPackage>
      <ItemPrice>5.20</ItemPrice>
      <UnitOfMeasurePrice>0.0416</UnitOfMeasurePrice>
      <AllowDiscount>1</AllowDiscount>
      <ItemStatus>1</ItemStatus>
      <ItemId>208221</ItemId>
    </Item>
    <Item>
      <PriceUpdateDate>2025-08-19 18:18:27</PriceUpdateDate>
      <ItemCode>7290001305188</ItemCode>
      <ItemType>1</ItemType>
      <ItemName>פלמוליב נוזל לכלים פ</ItemName>
      <ManufacturerName>קריות זול</ManufacturerName>
      <ManufactureCountry>לא ידוע</ManufactureCountry>
      <ManufacturerItemDescription>פלמוליב נוזל לכלים פ</ManufacturerItemDescription>
      <UnitQty>לא ידוע</UnitQty>
      <Quantity>750.00</Quantity>
      <UnitOfMeasure>לא ידוע</UnitOfMeasure>
      <bIsWeighted>0</bIsWeighted>
      <QtyInPackage>לא ידוע</QtyInPackage>
      <ItemPrice>15.90</ItemPrice>
      <UnitOfMeasurePrice>0.0212</UnitOfMeasurePrice>
      <AllowDiscount>1</AllowDiscount>
      <ItemStatus>1</ItemStatus>
      <ItemId>143009</ItemId>
    </Item>
    <Item>
      <PriceUpdateDate>2025-08-19 18:18:29</PriceUpdateDate>
      <ItemCode>7290003514007</ItemCode>
      <ItemType>1</ItemType>
      <ItemName>שקדי מרק מנה 400 גרם</ItemName>
      <ManufacturerName>לא ידוע</ManufacturerName>
      <ManufactureCountry>לא ידוע</ManufactureCountry>
      <ManufacturerItemDescription>שקדי מרק מנה 400 גרם</ManufacturerItemDescription>
      <UnitQty>לא ידוע</UnitQty>
      <Quantity>400.00</Quantity>
      <UnitOfMeasure>לא ידוע</UnitOfMeasure>
      <bIsWeighted>0</bIsWeighted>
      <QtyInPackage>לא ידוע</QtyInPackage>
      <ItemPrice>10.90</ItemPrice>
      <UnitOfMeasurePrice>0.0273</UnitOfMeasurePrice>
      <AllowDiscount>1</AllowDiscount>
      <ItemStatus>1</ItemStatus>
      <ItemId>143063</ItemId>
    </Item>
    <Item>
      <PriceUpdateDate>2025-08-19 18:18:30</PriceUpdateDate>
      <ItemCode>7290004078270</ItemCode>
      <ItemType>1</ItemType>
      <ItemName>פלמוליב לכלים לימון</ItemName>
      <ManufacturerName>קריות זול</ManufacturerName>
      <ManufactureCountry>לא ידוע</ManufactureCountry>
      <ManufacturerItemDescription>פלמוליב לכלים לימון</ManufacturerItemDescription>
      <UnitQty>לא ידוע</UnitQty>
      <Quantity>1000.00</Quantity>
      <UnitOfMeasure>לא ידוע</UnitOfMeasure>
      <bIsWeighted>0</bIsWeighted>
      <QtyInPackage>לא ידוע</QtyInPackage>
      <ItemPrice>17.90</ItemPrice>
      <UnitOfMeasurePrice>0.0179</UnitOfMeasurePrice>
      <AllowDiscount>1</AllowDiscount>
      <ItemStatus>1</ItemStatus>
      <ItemId>143097</ItemId>
    </Item>
    <Item>
      <PriceUpdateDate>2025-08-19 18:18:30</PriceUpdateDate>
      <ItemCode>7290004078942</ItemCode>
      <ItemType>1</ItemType>
      <ItemName>ליידי ספיד סטיק 24/7</ItemName>
      <ManufacturerName>קריות זול</ManufacturerName>
      <ManufactureCountry>לא ידוע</ManufactureCountry>
      <ManufacturerItemDescription>ליידי ספיד סטיק 24/7</ManufacturerItemDescription>
      <UnitQty>לא ידוע</UnitQty>
      <Quantity>65.00</Quantity>
      <UnitOfMeasure>לא ידוע</UnitOfMeasure>
      <bIsWeighted>0</bIsWeighted>
      <QtyInPackage>לא ידוע</QtyInPackage>
      <ItemPrice>23.90</ItemPrice>
      <UnitOfMeasurePrice>0.3677</UnitOfMeasurePrice>
      <AllowDiscount>1</AllowDiscount>
      <ItemStatus>1</ItemStatus>
      <ItemId>143106</ItemId>
    </Item>
    <Item>
      <PriceUpdateDate>2025-04-20 07:59:06</PriceUpdateDate>
      <ItemCode>7290013358356</ItemCode>
      <ItemType>1</ItemType>
      <ItemName>פירורי לחם מוזהבים מ</ItemName>
      <ManufacturerName>לא ידוע</ManufacturerName>
      <ManufactureCountry>לא ידוע</ManufactureCountry>
      <ManufacturerItemDescription>פירורי לחם מוזהבים מ</ManufacturerItemDescription>
      <UnitQty>לא ידוע</UnitQty>
      <Quantity>320.00</Quantity>
      <UnitOfMeasure>לא ידוע</UnitOfMeasure>
      <bIsWeighted>0</bIsWeighted>
      <QtyInPackage>לא ידוע</QtyInPackage>
      <ItemPrice>8.90</ItemPrice>
      <UnitOfMeasurePrice>0.0278</UnitOfMeasurePrice>
      <AllowDiscount>1</AllowDiscount>
      <ItemStatus>1</ItemStatus>
      <ItemId>143269</ItemId>
    </Item>
    <Item>
      <PriceUpdateDate>2025-11-02 11:35:47</PriceUpdateDate>
      <ItemCode>7290013358530</ItemCode>
      <ItemType>1</ItemType>
      <ItemName>רוטב צילי מתוק מאסטר</ItemName>
      <ManufacturerName>לא ידוע</ManufacturerName>
      <ManufactureCountry>לא ידוע</ManufactureCountry>
      <ManufacturerItemDescription>רוטב צילי מתוק מאסטר</ManufacturerItemDescription>
      <UnitQty>לא ידוע</UnitQty>
      <Quantity>700.00</Quantity>
      <UnitOfMeasure>לא ידוע</UnitOfMeasure>
      <bIsWeighted>0</bIsWeighted>
      <QtyInPackage>לא ידוע</QtyInPackage>
      <ItemPrice>18.90</ItemPrice>
      <UnitOfMeasurePrice>0.0270</UnitOfMeasurePrice>
      <AllowDiscount>1</AllowDiscount>
      <ItemStatus>1</ItemStatus>
      <ItemId>143277</ItemId>
    </Item>
    <Item>
      <PriceUpdateDate>2025-08-31 09:59:42</PriceUpdateDate>
      <ItemCode>7290014525177</ItemCode>
      <ItemType>1</ItemType>
      <ItemName>סלים פרוט בטעם יוגור</ItemName>
      <ManufacturerName>לא ידוע</ManufacturerName>
      <ManufactureCountry>לא ידוע</ManufactureCountry>
      <ManufacturerItemDescription>סלים פרוט בטעם יוגור</ManufacturerItemDescription>
      <UnitQty>לא ידוע</UnitQty>
      <Quantity>182.00</Quantity>
      <UnitOfMeasure>לא ידוע</UnitOfMeasure>
      <bIsWeighted>0</bIsWeighted>
      <QtyInPackage>לא ידוע</QtyInPackage>
      <ItemPrice>15.90</ItemPrice>
      <UnitOfMeasurePrice>0.0874</UnitOfMeasurePrice>
      <AllowDiscount>1</AllowDiscount>
      <ItemStatus>1</ItemStatus>
      <ItemId>143290</ItemId>
    </Item>
    <Item>
      <PriceUpdateDate>2025-08-31 10:00:08</PriceUpdateDate>
      <ItemCode>7290100658338</ItemCode>
      <ItemType>1</ItemType>
      <ItemName>פלמוליב נוזל לכלים א</ItemName>
      <ManufacturerName>לא ידוע</ManufacturerName>
      <ManufactureCountry>לא ידוע</ManufactureCountry>
      <ManufacturerItemDescription>פלמוליב נוזל לכלים א</ManufacturerItemDescription>
      <UnitQty>לא ידוע</UnitQty>
      <Quantity>750.00</Quantity>
      <UnitOfMeasure>לא ידוע</UnitOfMeasure>
      <bIsWeighted>0</bIsWeighted>
      <QtyInPackage>לא ידוע</QtyInPackage>
      <ItemPrice>15.90</ItemPrice>
      <UnitOfMeasurePrice>0.0212</UnitOfMeasurePrice>
      <AllowDiscount>1</AllowDiscount>
      <ItemStatus>1</ItemStatus>
      <ItemId>143363</ItemId>
    </Item>
    <Item>
      <PriceUpdateDate>2025-08-31 10:00:08</PriceUpdateDate>
      <ItemCode>7290100659090</ItemCode>
      <ItemType>1</ItemType>
      <ItemName>פרי חטיף דגנים תמרים</ItemName>
      <ManufacturerName>לא ידוע</ManufacturerName>
      <ManufactureCountry>לא ידוע</ManufactureCountry>
      <ManufacturerItemDescription>פרי חטיף דגנים תמרים</ManufacturerItemDescription>
      <UnitQty>לא ידוע</UnitQty>
      <Quantity>110.00</Quantity>
      <UnitOfMeasure>לא ידוע</UnitOfMeasure>
      <bIsWeighted>0</bIsWeighted>
      <QtyInPackage>לא ידוע</QtyInPackage>
      <ItemPrice>20.90</ItemPrice>
      <UnitOfMeasurePrice>0.1900</UnitOfMeasurePrice>
      <AllowDiscount>1</AllowDiscount>
      <ItemStatus>1</ItemStatus>
      <ItemId>143369</ItemId>
    </Item>
    <Item>
      <PriceUpdateDate>2025-08-31 10:00:15</PriceUpdateDate>
      <ItemCode>7290105439581</ItemCode>
      <ItemType>1</ItemType>
      <ItemName>חרדל דיזון צרפתי 370</ItemName>
      <ManufacturerName>לא ידוע</ManufacturerName>
      <ManufactureCountry>לא ידוע</ManufactureCountry>
      <ManufacturerItemDescription>חרדל דיזון צרפתי 370</ManufacturerItemDescription>
      <UnitQty>לא ידוע</UnitQty>
      <Quantity>370.00</Quantity>
      <UnitOfMeasure>לא ידוע</UnitOfMeasure>
      <bIsWeighted>0</bIsWeighted>
      <QtyInPackage>לא ידוע</QtyInPackage>
      <ItemPrice>14.90</ItemPrice>
      <UnitOfMeasurePrice>0.0403</UnitOfMeasurePrice>
      <AllowDiscount>1</AllowDiscount>
      <ItemStatus>1</ItemStatus>
      <ItemId>143545</ItemId>
    </Item>
    <Item>
      <PriceUpdateDate>2025-08-31 10:00:15</PriceUpdateDate>
      <ItemCode>7290105439598</ItemCode>
      <ItemType>1</ItemType>
      <ItemName>חרדל דיזון גרגירים מ</ItemName>
      <ManufacturerName>לא ידוע</ManufacturerName>
      <ManufactureCountry>לא ידוע</ManufactureCountry>
      <ManufacturerItemDescription>חרדל דיזון גרגירים מ</ManufacturerItemDescription>
      <UnitQty>לא ידוע</UnitQty>
      <Quantity>370.00</Quantity>
      <UnitOfMeasure>לא ידוע</UnitOfMeasure>
      <bIsWeighted>0</bIsWeighted>
      <QtyInPackage>לא ידוע</QtyInPackage>
      <ItemPrice>14.90</ItemPrice>
      <UnitOfMeasurePrice>0.0403</UnitOfMeasurePrice>
      <AllowDiscount>1</AllowDiscount>
      <ItemStatus>1</ItemStatus>
      <ItemId>143546</ItemId>
    </Item>
    <Item>
      <PriceUpdateDate>2025-09-08 07:58:05</PriceUpdateDate>
      <ItemCode>7891024030974</ItemCode>
      <ItemType>1</ItemType>
      <ItemName>קולגייט טריפל אקשן מ</ItemName>
      <ManufacturerName>לא ידוע</ManufacturerName>
      <ManufactureCountry>לא ידוע</ManufactureCountry>
      <ManufacturerItemDescription>קולגייט טריפל אקשן מ</ManufacturerItemDescription>
      <UnitQty>לא ידוע</UnitQty>
      <Quantity>75.00</Quantity>
      <UnitOfMeasure>לא ידוע</UnitOfMeasure>
      <bIsWeighted>0</bIsWeighted>
      <QtyInPackage>לא ידוע</QtyInPackage>
      <ItemPrice>9.90</ItemPrice>
      <UnitOfMeasurePrice>0.1320</UnitOfMeasurePrice>
      <AllowDiscount>1</AllowDiscount>
      <ItemStatus>1</ItemStatus>
      <ItemId>143558</ItemId>
    </Item>
    <Item>
      <PriceUpdateDate>2025-09-08 07:58:06</PriceUpdateDate>
      <ItemCode>7891024124826</ItemCode>
      <ItemType>1</ItemType>
      <ItemName>קולגייט אופטיק וויט</ItemName>
      <ManufacturerName>לא ידוע</ManufacturerName>
      <ManufactureCountry>לא ידוע</ManufactureCountry>
      <ManufacturerItemDescription>קולגייט אופטיק וויט</ManufacturerItemDescription>
      <UnitQty>לא ידוע</UnitQty>
      <Quantity>75.00</Quantity>
      <UnitOfMeasure>לא ידוע</UnitOfMeasure>
      <bIsWeighted>0</bIsWeighted>
      <QtyInPackage>לא ידוע</QtyInPackage>
      <ItemPrice>21.90</ItemPrice>
      <UnitOfMeasurePrice>0.2920</UnitOfMeasurePrice>
      <AllowDiscount>1</AllowDiscount>
      <ItemStatus>1</ItemStatus>
      <ItemId>143561</ItemId>
    </Item>
    <Item>
      <PriceUpdateDate>2025-09-08 07:58:10</PriceUpdateDate>
      <ItemCode>8076800195019</ItemCode>
      <ItemType>1</ItemType>
      <ItemName>פסטה ספגטי ברילה 500</ItemName>
      <ManufacturerName>קריות זול</ManufacturerName>
      <ManufactureCountry>לא ידוע</ManufactureCountry>
      <ManufacturerItemDescription>פסטה ספגטי ברילה 500</ManufacturerItemDescription>
      <UnitQty>לא ידוע</UnitQty>
      <Quantity>500.00</Quantity>
      <UnitOfMeasure>לא ידוע</UnitOfMeasure>
      <bIsWeighted>0</bIsWeighted>
      <QtyInPackage>לא ידוע</QtyInPackage>
      <ItemPrice>9.90</ItemPrice>
      <UnitOfMeasurePrice>0.0198</UnitOfMeasurePrice>
      <AllowDiscount>1</AllowDiscount>
      <ItemStatus>1</ItemStatus>
      <ItemId>143578</ItemId>
    </Item>
    <Item>
      <PriceUpdateDate>2025-09-05 07:57:39</PriceUpdateDate>
      <ItemCode>8076800195033</ItemCode>
      <ItemType>1</ItemType>
      <ItemName>ברילה ספגטי מס' 3 50</ItemName>
      <ManufacturerName>קריות זול</ManufacturerName>
      <ManufactureCountry>לא ידוע</ManufactureCountry>
      <ManufacturerItemDescription>ברילה ספגטי מס' 3 50</ManufacturerItemDescription>
      <UnitQty>לא ידוע</UnitQty>
      <Quantity>500.00</Quantity>
      <UnitOfMeasure>לא ידוע</UnitOfMeasure>
      <bIsWeighted>0</bIsWeighted>
      <QtyInPackage>לא ידוע</QtyInPackage>
      <ItemPrice>9.90</ItemPrice>
      <UnitOfMeasurePrice>0.0198</UnitOfMeasurePrice>
      <AllowDiscount>1</AllowDiscount>
      <ItemStatus>1</ItemStatus>
      <ItemId>143579</ItemId>
    </Item>
    <Item>
      <PriceUpdateDate>2025-09-05 07:57:39</PriceUpdateDate>
      <ItemCode>8076800195057</ItemCode>
      <ItemType>1</ItemType>
      <ItemName>ברילה ספגטיני מס 5</ItemName>
      <ManufacturerName>קריות זול</ManufacturerName>
      <ManufactureCountry>לא ידוע</ManufactureCountry>
      <ManufacturerItemDescription>ברילה ספגטיני מס 5</ManufacturerItemDescription>
      <UnitQty>לא ידוע</UnitQty>
      <Quantity>500.00</Quantity>
      <UnitOfMeasure>לא ידוע</UnitOfMeasure>
      <bIsWeighted>0</bIsWeighted>
      <QtyInPackage>לא ידוע</QtyInPackage>
      <ItemPrice>9.90</ItemPrice>
      <UnitOfMeasurePrice>0.0198</UnitOfMeasurePrice>
      <AllowDiscount>1</AllowDiscount>
      <ItemStatus>1</ItemStatus>
      <ItemId>143580</ItemId>
    </Item>
    <Item>
      <PriceUpdateDate>2025-09-04 13:46:38</PriceUpdateDate>
      <ItemCode>8076800195132</ItemCode>
      <ItemType>1</ItemType>
      <ItemName>ברילה ספגטי מס 13 50</ItemName>
      <ManufacturerName>לא ידוע</ManufacturerName>
      <ManufactureCountry>לא ידוע</ManufactureCountry>
      <ManufacturerItemDescription>ברילה ספגטי מס 13 50</ManufacturerItemDescription>
      <UnitQty>לא ידוע</UnitQty>
      <Quantity>500.00</Quantity>
      <UnitOfMeasure>לא ידוע</UnitOfMeasure>
      <bIsWeighted>0</bIsWeighted>
      <QtyInPackage>לא ידוע</QtyInPackage>
      <ItemPrice>9.90</ItemPrice>
      <UnitOfMeasurePrice>0.0198</UnitOfMeasurePrice>
      <AllowDiscount>1</AllowDiscount>
      <ItemStatus>1</ItemStatus>
      <ItemId>143581</ItemId>
    </Item>
    <Item>
      <PriceUpdateDate>2025-08-31 10:26:19</PriceUpdateDate>
      <ItemCode>8076800315097</ItemCode>
      <ItemType>1</ItemType>
      <ItemName>ברילה פסטה מס 9 500ג</ItemName>
      <ManufacturerName>קריות זול</ManufacturerName>
      <ManufactureCountry>לא ידוע</ManufactureCountry>
      <ManufacturerItemDescription>ברילה פסטה מס 9 500ג</ManufacturerItemDescription>
      <UnitQty>לא ידוע</UnitQty>
      <Quantity>500.00</Quantity>
      <UnitOfMeasure>לא ידוע</UnitOfMeasure>
      <bIsWeighted>0</bIsWeighted>
      <QtyInPackage>לא ידוע</QtyInPackage>
      <ItemPrice>9.90</ItemPrice>
      <UnitOfMeasurePrice>0.0198</UnitOfMeasurePrice>
      <AllowDiscount>1</AllowDiscount>
      <ItemStatus>1</ItemStatus>
      <ItemId>143582</ItemId>
    </Item>
    <Item>
      <PriceUpdateDate>2025-09-04 13:46:38</PriceUpdateDate>
      <ItemCode>8076802085738</ItemCode>
      <ItemType>1</ItemType>
      <ItemName>ברילה פנה רגטה 500גר</ItemName>
      <ManufacturerName>קריות זול</ManufacturerName>
      <ManufactureCountry>לא ידוע</ManufactureCountry>
      <ManufacturerItemDescription>ברילה פנה רגטה 500גר</ManufacturerItemDescription>
      <UnitQty>לא ידוע</UnitQty>
      <Quantity>500.00</Quantity>
      <UnitOfMeasure>לא ידוע</UnitOfMeasure>
      <bIsWeighted>0</bIsWeighted>
      <QtyInPackage>לא ידוע</QtyInPackage>
      <ItemPrice>9.90</ItemPrice>
      <UnitOfMeasurePrice>0.0198</UnitOfMeasurePrice>
      <AllowDiscount>1</AllowDiscount>
      <ItemStatus>1</ItemStatus>
      <ItemId>143585</ItemId>
    </Item>
    <Item>
      <PriceUpdateDate>2025-09-04 13:46:38</PriceUpdateDate>
      <ItemCode>8076802085981</ItemCode>
      <ItemType>1</ItemType>
      <ItemName>ברילה פתיתי פוזליני</ItemName>
      <ManufacturerName>קריות זול</ManufacturerName>
      <ManufactureCountry>לא ידוע</ManufactureCountry>
      <ManufacturerItemDescription>ברילה פתיתי פוזליני</ManufacturerItemDescription>
      <UnitQty>לא ידוע</UnitQty>
      <Quantity>500.00</Quantity>
      <UnitOfMeasure>לא ידוע</UnitOfMeasure>
      <bIsWeighted>0</bIsWeighted>
      <QtyInPackage>לא ידוע</QtyInPackage>
      <ItemPrice>9.90</ItemPrice>
      <UnitOfMeasurePrice>0.0198</UnitOfMeasurePrice>
      <AllowDiscount>1</AllowDiscount>
      <ItemStatus>1</ItemStatus>
      <ItemId>143590</ItemId>
    </Item>
    <Item>
      <PriceUpdateDate>2025-09-08 07:58:12</PriceUpdateDate>
      <ItemCode>8076808050440</ItemCode>
      <ItemType>1</ItemType>
      <ItemName>פסטה מקרוני מס 44 בר</ItemName>
      <ManufacturerName>לא ידוע</ManufacturerName>
      <ManufactureCountry>לא ידוע</ManufactureCountry>
      <ManufacturerItemDescription>פסטה מקרוני מס 44 בר</ManufacturerItemDescription>
      <UnitQty>לא ידוע</UnitQty>
      <Quantity>500.00</Quantity>
      <UnitOfMeasure>לא ידוע</UnitOfMeasure>
      <bIsWeighted>0</bIsWeighted>
      <QtyInPackage>לא ידוע</QtyInPackage>
      <ItemPrice>9.90</ItemPrice>
      <UnitOfMeasurePrice>0.0198</UnitOfMeasurePrice>
      <AllowDiscount>1</AllowDiscount>
      <ItemStatus>1</ItemStatus>
      <ItemId>143593</ItemId>
    </Item>
    <Item>
      <PriceUpdateDate>2025-09-08 07:58:13</PriceUpdateDate>
      <ItemCode>8076808070882</ItemCode>
      <ItemType>1</ItemType>
      <ItemName>ברילה קנלוני 250גר</ItemName>
      <ManufacturerName>לא ידוע</ManufacturerName>
      <ManufactureCountry>לא ידוע</ManufactureCountry>
      <ManufacturerItemDescription>ברילה קנלוני 250גר</ManufacturerItemDescription>
      <UnitQty>לא ידוע</UnitQty>
      <Quantity>250.00</Quantity>
      <UnitOfMeasure>לא ידוע</UnitOfMeasure>
      <bIsWeighted>0</bIsWeighted>
      <QtyInPackage>לא ידוע</QtyInPackage>
      <ItemPrice>17.90</ItemPrice>
      <UnitOfMeasurePrice>0.0716</UnitOfMeasurePrice>
      <AllowDiscount>1</AllowDiscount>
      <ItemStatus>1</ItemStatus>
      <ItemId>143595</ItemId>
    </Item>
    <Item>
      <PriceUpdateDate>2025-09-08 07:58:13</PriceUpdateDate>
      <ItemCode>8076808150072</ItemCode>
      <ItemType>1</ItemType>
      <ItemName>ברילה ספגטי מס 7 ברי</ItemName>
      <ManufacturerName>קריות זול</ManufacturerName>
      <ManufactureCountry>לא ידוע</ManufactureCountry>
      <ManufacturerItemDescription>ברילה ספגטי מס 7 ברי</ManufacturerItemDescription>
      <UnitQty>לא ידוע</UnitQty>
      <Quantity>500.00</Quantity>
      <UnitOfMeasure>לא ידוע</UnitOfMeasure>
      <bIsWeighted>0</bIsWeighted>
      <QtyInPackage>לא ידוע</QtyInPackage>
      <ItemPrice>9.90</ItemPrice>
      <UnitOfMeasurePrice>0.0198</UnitOfMeasurePrice>
      <AllowDiscount>1</AllowDiscount>
      <ItemStatus>1</ItemStatus>
      <ItemId>143596</ItemId>
    </Item>
    <Item>
      <PriceUpdateDate>2025-09-08 07:58:13</PriceUpdateDate>
      <ItemCode>8076809512268</ItemCode>
      <ItemType>1</ItemType>
      <ItemName>ברילה פסטה גירנדולה</ItemName>
      <ManufacturerName>קריות זול</ManufacturerName>
      <ManufactureCountry>לא ידוע</ManufactureCountry>
      <ManufacturerItemDescription>ברילה פסטה גירנדולה</ManufacturerItemDescription>
      <UnitQty>לא ידוע</UnitQty>
      <Quantity>500.00</Quantity>
      <UnitOfMeasure>לא ידוע</UnitOfMeasure>
      <bIsWeighted>0</bIsWeighted>
      <QtyInPackage>לא ידוע</QtyInPackage>
      <ItemPrice>9.90</ItemPrice>
      <UnitOfMeasurePrice>0.0198</UnitOfMeasurePrice>
      <AllowDiscount>1</AllowDiscount>
      <ItemStatus>1</ItemStatus>
      <ItemId>143598</ItemId>
    </Item>
    <Item>
      <PriceUpdateDate>2025-09-08 07:58:13</PriceUpdateDate>
      <ItemCode>8076809513388</ItemCode>
      <ItemType>1</ItemType>
      <ItemName>רוטב ארביאט ברילה 40</ItemName>
      <ManufacturerName>לא ידוע</ManufacturerName>
      <ManufactureCountry>לא ידוע</ManufactureCountry>
      <ManufacturerItemDescription>רוטב ארביאט ברילה 40</ManufacturerItemDescription>
      <UnitQty>לא ידוע</UnitQty>
      <Quantity>400.00</Quantity>
      <UnitOfMeasure>לא ידוע</UnitOfMeasure>
      <bIsWeighted>0</bIsWeighted>
      <QtyInPackage>לא ידוע</QtyInPackage>
      <ItemPrice>17.90</ItemPrice>
      <UnitOfMeasurePrice>0.0447</UnitOfMeasurePrice>
      <AllowDiscount>1</AllowDiscount>
      <ItemStatus>1</ItemStatus>
      <ItemId>143599</ItemId>
    </Item>
    <Item>
      <PriceUpdateDate>2025-08-31 10:26:19</PriceUpdateDate>
      <ItemCode>8076809513654</ItemCode>
      <ItemType>1</ItemType>
      <ItemName>בסיס לבולונז 400 גרם</ItemName>
      <ManufacturerName>קריות זול</ManufacturerName>
      <ManufactureCountry>לא ידוע</ManufactureCountry>
      <ManufacturerItemDescription>בסיס לבולונז 400 גרם</ManufacturerItemDescription>
      <UnitQty>לא ידוע</UnitQty>
      <Quantity>400.00</Quantity>
      <UnitOfMeasure>לא ידוע</UnitOfMeasure>
      <bIsWeighted>0</bIsWeighted>
      <QtyInPackage>לא ידוע</QtyInPackage>
      <ItemPrice>17.90</ItemPrice>
      <UnitOfMeasurePrice>0.0447</UnitOfMeasurePrice>
      <AllowDiscount>1</AllowDiscount>
      <ItemStatus>1</ItemStatus>
      <ItemId>143601</ItemId>
    </Item>
    <Item>
      <PriceUpdateDate>2025-08-31 10:26:20</PriceUpdateDate>
      <ItemCode>8076809513692</ItemCode>
      <ItemType>1</ItemType>
      <ItemName>רוטב נפולטנה 400 גרם</ItemName>
      <ManufacturerName>קריות זול</ManufacturerName>
      <ManufactureCountry>לא ידוע</ManufactureCountry>
      <ManufacturerItemDescription>רוטב נפולטנה 400 גרם</ManufacturerItemDescription>
      <UnitQty>לא ידוע</UnitQty>
      <Quantity>400.00</Quantity>
      <UnitOfMeasure>לא ידוע</UnitOfMeasure>
      <bIsWeighted>0</bIsWeighted>
      <QtyInPackage>לא ידוע</QtyInPackage>
      <ItemPrice>17.90</ItemPrice>
      <UnitOfMeasurePrice>0.0447</UnitOfMeasurePrice>
      <AllowDiscount>1</AllowDiscount>
      <ItemStatus>1</ItemStatus>
      <ItemId>143602</ItemId>
    </Item>
    <Item>
      <PriceUpdateDate>2025-09-08 07:58:14</PriceUpdateDate>
      <ItemCode>8076809513739</ItemCode>
      <ItemType>1</ItemType>
      <ItemName>רוטב עגבניות עם בזיל</ItemName>
      <ManufacturerName>קריות זול</ManufacturerName>
      <ManufactureCountry>לא ידוע</ManufactureCountry>
      <ManufacturerItemDescription>רוטב עגבניות עם בזיל</ManufacturerItemDescription>
      <UnitQty>לא ידוע</UnitQty>
      <Quantity>400.00</Quantity>
      <UnitOfMeasure>לא ידוע</UnitOfMeasure>
      <bIsWeighted>0</bIsWeighted>
      <QtyInPackage>לא ידוע</QtyInPackage>
      <ItemPrice>17.90</ItemPrice>
      <UnitOfMeasurePrice>0.0447</UnitOfMeasurePrice>
      <AllowDiscount>1</AllowDiscount>
      <ItemStatus>1</ItemStatus>
      <ItemId>143603</ItemId>
    </Item>
    <Item>
      <PriceUpdateDate>2025-09-08 07:58:14</PriceUpdateDate>
      <ItemCode>8076809523561</ItemCode>
      <ItemType>1</ItemType>
      <ItemName>רוטב פסטה טוסקנה 400</ItemName>
      <ManufacturerName>לא ידוע</ManufacturerName>
      <ManufactureCountry>לא ידוע</ManufactureCountry>
      <ManufacturerItemDescription>רוטב פסטה טוסקנה 400</ManufacturerItemDescription>
      <UnitQty>לא ידוע</UnitQty>
      <Quantity>400.00</Quantity>
      <UnitOfMeasure>לא ידוע</UnitOfMeasure>
      <bIsWeighted>0</bIsWeighted>
      <QtyInPackage>לא ידוע</QtyInPackage>
      <ItemPrice>17.90</ItemPrice>
      <UnitOfMeasurePrice>0.0447</UnitOfMeasurePrice>
      <AllowDiscount>1</AllowDiscount>
      <ItemStatus>1</ItemStatus>
      <ItemId>143612</ItemId>
    </Item>
    <Item>
      <PriceUpdateDate>2025-09-08 07:58:15</PriceUpdateDate>
      <ItemCode>8076809523714</ItemCode>
      <ItemType>1</ItemType>
      <ItemName>פסטה טליאטלה ברילה 5</ItemName>
      <ManufacturerName>לא ידוע</ManufacturerName>
      <ManufactureCountry>לא ידוע</ManufactureCountry>
      <ManufacturerItemDescription>פסטה טליאטלה ברילה 5</ManufacturerItemDescription>
      <UnitQty>לא ידוע</UnitQty>
      <Quantity>500.00</Quantity>
      <UnitOfMeasure>לא ידוע</UnitOfMeasure>
      <bIsWeighted>0</bIsWeighted>
      <QtyInPackage>לא ידוע</QtyInPackage>
      <ItemPrice>30.90</ItemPrice>
      <UnitOfMeasurePrice>0.0618</UnitOfMeasurePrice>
      <AllowDiscount>1</AllowDiscount>
      <ItemStatus>1</ItemStatus>
      <ItemId>143614</ItemId>
    </Item>
    <Item>
      <PriceUpdateDate>2025-09-08 07:58:16</PriceUpdateDate>
      <ItemCode>8076809529433</ItemCode>
      <ItemType>1</ItemType>
      <ItemName>פסטה פנטה רגטה מחיטה</ItemName>
      <ManufacturerName>לא ידוע</ManufacturerName>
      <ManufactureCountry>לא ידוע</ManufactureCountry>
      <ManufacturerItemDescription>פסטה פנטה רגטה מחיטה</ManufacturerItemDescription>
      <UnitQty>לא ידוע</UnitQty>
      <Quantity>500.00</Quantity>
      <UnitOfMeasure>לא ידוע</UnitOfMeasure>
      <bIsWeighted>0</bIsWeighted>
      <QtyInPackage>לא ידוע</QtyInPackage>
      <ItemPrice>17.90</ItemPrice>
      <UnitOfMeasurePrice>0.0358</UnitOfMeasurePrice>
      <AllowDiscount>1</AllowDiscount>
      <ItemStatus>1</ItemStatus>
      <ItemId>143620</ItemId>
    </Item>
    <Item>
      <PriceUpdateDate>2025-09-08 07:58:17</PriceUpdateDate>
      <ItemCode>8423207206488</ItemCode>
      <ItemType>1</ItemType>
      <ItemName>סלים דליס חטיף דגנים</ItemName>
      <ManufacturerName>לא ידוע</ManufacturerName>
      <ManufactureCountry>לא ידוע</ManufactureCountry>
      <ManufacturerItemDescription>סלים דליס חטיף דגנים</ManufacturerItemDescription>
      <UnitQty>לא ידוע</UnitQty>
      <Quantity>120.00</Quantity>
      <UnitOfMeasure>לא ידוע</UnitOfMeasure>
      <bIsWeighted>0</bIsWeighted>
      <QtyInPackage>לא ידוע</QtyInPackage>
      <ItemPrice>15.90</ItemPrice>
      <UnitOfMeasurePrice>0.1325</UnitOfMeasurePrice>
      <AllowDiscount>1</AllowDiscount>
      <ItemStatus>1</ItemStatus>
      <ItemId>143637</ItemId>
    </Item>
    <Item>
      <PriceUpdateDate>2025-08-31 10:26:20</PriceUpdateDate>
      <ItemCode>8423207206495</ItemCode>
      <ItemType>1</ItemType>
      <ItemName>סלים דליס חטיף דגנים</ItemName>
      <ManufacturerName>לא ידוע</ManufacturerName>
      <ManufactureCountry>לא ידוע</ManufactureCountry>
      <ManufacturerItemDescription>סלים דליס חטיף דגנים</ManufacturerItemDescription>
      <UnitQty>לא ידוע</UnitQty>
      <Quantity>1200.00</Quantity>
      <UnitOfMeasure>לא ידוע</UnitOfMeasure>
      <bIsWeighted>0</bIsWeighted>
      <QtyInPackage>לא ידוע</QtyInPackage>
      <ItemPrice>15.90</ItemPrice>
      <UnitOfMeasurePrice>0.0133</UnitOfMeasurePrice>
      <AllowDiscount>1</AllowDiscount>
      <ItemStatus>1</ItemStatus>
      <ItemId>143638</ItemId>
    </Item>
    <Item>
      <PriceUpdateDate>2025-09-08 07:58:17</PriceUpdateDate>
      <ItemCode>8423207206501</ItemCode>
      <ItemType>1</ItemType>
      <ItemName>סלים דליס חטיף דגנים</ItemName>
      <ManufacturerName>לא ידוע</ManufacturerName>
      <ManufactureCountry>לא ידוע</ManufactureCountry>
      <ManufacturerItemDescription>סלים דליס חטיף דגנים</ManufacturerItemDescription>
      <UnitQty>לא ידוע</UnitQty>
      <Quantity>120.00</Quantity>
      <UnitOfMeasure>לא ידוע</UnitOfMeasure>
      <bIsWeighted>0</bIsWeighted>
      <QtyInPackage>לא ידוע</QtyInPackage>
      <ItemPrice>15.90</ItemPrice>
      <UnitOfMeasurePrice>0.1325</UnitOfMeasurePrice>
      <AllowDiscount>1</AllowDiscount>
      <ItemStatus>1</ItemStatus>
      <ItemId>143639</ItemId>
    </Item>
    <Item>
      <PriceUpdateDate>2025-09-08 07:58:18</PriceUpdateDate>
      <ItemCode>8423207207362</ItemCode>
      <ItemType>1</ItemType>
      <ItemName>סלים דליס חטיף שוקול</ItemName>
      <ManufacturerName>לא ידוע</ManufacturerName>
      <ManufactureCountry>לא ידוע</ManufactureCountry>
      <ManufacturerItemDescription>סלים דליס חטיף שוקול</ManufacturerItemDescription>
      <UnitQty>לא ידוע</UnitQty>
      <Quantity>120.00</Quantity>
      <UnitOfMeasure>לא ידוע</UnitOfMeasure>
      <bIsWeighted>0</bIsWeighted>
      <QtyInPackage>לא ידוע</QtyInPackage>
      <ItemPrice>15.90</ItemPrice>
      <UnitOfMeasurePrice>0.1325</UnitOfMeasurePrice>
      <AllowDiscount>1</AllowDiscount>
      <ItemStatus>1</ItemStatus>
      <ItemId>143640</ItemId>
    </Item>
    <Item>
      <PriceUpdateDate>2025-09-08 07:58:18</PriceUpdateDate>
      <ItemCode>8423207208260</ItemCode>
      <ItemType>1</ItemType>
      <ItemName>סלים דליס חטיף דגנים</ItemName>
      <ManufacturerName>לא ידוע</ManufacturerName>
      <ManufactureCountry>לא ידוע</ManufactureCountry>
      <ManufacturerItemDescription>סלים דליס חטיף דגנים</ManufacturerItemDescription>
      <UnitQty>לא ידוע</UnitQty>
      <Quantity>120.00</Quantity>
      <UnitOfMeasure>לא ידוע</UnitOfMeasure>
      <bIsWeighted>0</bIsWeighted>
      <QtyInPackage>לא ידוע</QtyInPackage>
      <ItemPrice>15.90</ItemPrice>
      <UnitOfMeasurePrice>0.1325</UnitOfMeasurePrice>
      <AllowDiscount>1</AllowDiscount>
      <ItemStatus>1</ItemStatus>
      <ItemId>143647</ItemId>
    </Item>
    <Item>
      <PriceUpdateDate>2025-09-08 07:58:18</PriceUpdateDate>
      <ItemCode>8423207208680</ItemCode>
      <ItemType>1</ItemType>
      <ItemName>סלים דליס קידס חטיף</ItemName>
      <ManufacturerName>לא ידוע</ManufacturerName>
      <ManufactureCountry>לא ידוע</ManufactureCountry>
      <ManufacturerItemDescription>סלים דליס קידס חטיף</ManufacturerItemDescription>
      <UnitQty>לא ידוע</UnitQty>
      <Quantity>78.00</Quantity>
      <UnitOfMeasure>לא ידוע</UnitOfMeasure>
      <bIsWeighted>0</bIsWeighted>
      <QtyInPackage>לא ידוע</QtyInPackage>
      <ItemPrice>15.90</ItemPrice>
      <UnitOfMeasurePrice>0.2038</UnitOfMeasurePrice>
      <AllowDiscount>1</AllowDiscount>
      <ItemStatus>1</ItemStatus>
      <ItemId>143648</ItemId>
    </Item>
    <Item>
      <PriceUpdateDate>2025-09-08 07:58:19</PriceUpdateDate>
      <ItemCode>8423207208697</ItemCode>
      <ItemType>1</ItemType>
      <ItemName>סלים דליס קידס חטיף</ItemName>
      <ManufacturerName>לא ידוע</ManufacturerName>
      <ManufactureCountry>לא ידוע</ManufactureCountry>
      <ManufacturerItemDescription>סלים דליס קידס חטיף</ManufacturerItemDescription>
      <UnitQty>לא ידוע</UnitQty>
      <Quantity>120.00</Quantity>
      <UnitOfMeasure>לא ידוע</UnitOfMeasure>
      <bIsWeighted>0</bIsWeighted>
      <QtyInPackage>לא ידוע</QtyInPackage>
      <ItemPrice>15.90</ItemPrice>
      <UnitOfMeasurePrice>0.1325</UnitOfMeasurePrice>
      <AllowDiscount>1</AllowDiscount>
      <ItemStatus>1</ItemStatus>
      <ItemId>143649</ItemId>
    </Item>
    <Item>
      <PriceUpdateDate>2025-09-08 07:58:19</PriceUpdateDate>
      <ItemCode>8423207208703</ItemCode>
      <ItemType>1</ItemType>
      <ItemName>סלים דליס חטיף אקסטר</ItemName>
      <ManufacturerName>לא ידוע</ManufacturerName>
      <ManufactureCountry>לא ידוע</ManufactureCountry>
      <ManufacturerItemDescription>סלים דליס חטיף אקסטר</ManufacturerItemDescription>
      <UnitQty>לא ידוע</UnitQty>
      <Quantity>120.00</Quantity>
      <UnitOfMeasure>לא ידוע</UnitOfMeasure>
      <bIsWeighted>0</bIsWeighted>
      <QtyInPackage>לא ידוע</QtyInPackage>
      <ItemPrice>15.90</ItemPrice>
      <UnitOfMeasurePrice>0.1325</UnitOfMeasurePrice>
      <AllowDiscount>1</AllowDiscount>
      <ItemStatus>1</ItemStatus>
      <ItemId>143650</ItemId>
    </Item>
    <Item>
      <PriceUpdateDate>2025-11-02 11:35:51</PriceUpdateDate>
      <ItemCode>8710502064814</ItemCode>
      <ItemType>1</ItemType>
      <ItemName>עוגיות שוקולד ציפס ר</ItemName>
      <ManufacturerName>לא ידוע</ManufacturerName>
      <ManufactureCountry>לא ידוע</ManufactureCountry>
      <ManufacturerItemDescription>עוגיות שוקולד ציפס ר</ManufacturerItemDescription>
      <UnitQty>לא ידוע</UnitQty>
      <Quantity>175.00</Quantity>
      <UnitOfMeasure>לא ידוע</UnitOfMeasure>
      <bIsWeighted>0</bIsWeighted>
      <QtyInPackage>לא ידוע</QtyInPackage>
      <ItemPrice>15.90</ItemPrice>
      <UnitOfMeasurePrice>0.0909</UnitOfMeasurePrice>
      <AllowDiscount>1</AllowDiscount>
      <ItemStatus>1</ItemStatus>
      <ItemId>143669</ItemId>
    </Item>
    <Item>
      <PriceUpdateDate>2025-11-02 11:35:53</PriceUpdateDate>
      <ItemCode>8710502470028</ItemCode>
      <ItemType>1</ItemType>
      <ItemName>עוגיות שוקוציפס נוגט</ItemName>
      <ManufacturerName>לא ידוע</ManufacturerName>
      <ManufactureCountry>לא ידוע</ManufactureCountry>
      <ManufacturerItemDescription>עוגיות שוקוציפס נוגט</ManufacturerItemDescription>
      <UnitQty>לא ידוע</UnitQty>
      <Quantity>160.00</Quantity>
      <UnitOfMeasure>לא ידוע</UnitOfMeasure>
      <bIsWeighted>0</bIsWeighted>
      <QtyInPackage>לא ידוע</QtyInPackage>
      <ItemPrice>15.90</ItemPrice>
      <UnitOfMeasurePrice>0.0994</UnitOfMeasurePrice>
      <AllowDiscount>1</AllowDiscount>
      <ItemStatus>1</ItemStatus>
      <ItemId>143677</ItemId>
    </Item>
    <Item>
      <PriceUpdateDate>2025-09-04 13:46:40</PriceUpdateDate>
      <ItemCode>8714789402918</ItemCode>
      <ItemType>1</ItemType>
      <ItemName>אגקס חגיגת הפרחים אד</ItemName>
      <ManufacturerName>לא ידוע</ManufacturerName>
      <ManufactureCountry>לא ידוע</ManufactureCountry>
      <ManufacturerItemDescription>אגקס חגיגת הפרחים אד</ManufacturerItemDescription>
      <UnitQty>ליטרים</UnitQty>
      <Quantity>1.50</Quantity>
      <UnitOfMeasure>ליטר    </UnitOfMeasure>
      <bIsWeighted>0</bIsWeighted>
      <QtyInPackage>לא ידוע</QtyInPackage>
      <ItemPrice>23.90</ItemPrice>
      <UnitOfMeasurePrice>15.9333</UnitOfMeasurePrice>
      <AllowDiscount>1</AllowDiscount>
      <ItemStatus>1</ItemStatus>
      <ItemId>143709</ItemId>
    </Item>
    <Item>
      <PriceUpdateDate>2025-08-31 10:12:31</PriceUpdateDate>
      <ItemCode>7290112330352</ItemCode>
      <ItemType>1</ItemType>
      <ItemName>דנונה פרו 20 גרם וני</ItemName>
      <ManufacturerName>לא ידוע</ManufacturerName>
      <ManufactureCountry>לא ידוע</ManufactureCountry>
      <ManufacturerItemDescription>דנונה פרו 20 גרם וני</ManufacturerItemDescription>
      <UnitQty>לא ידוע</UnitQty>
      <Quantity>200.00</Quantity>
      <UnitOfMeasure>לא ידוע</UnitOfMeasure>
      <bIsWeighted>0</bIsWeighted>
      <QtyInPackage>לא ידוע</QtyInPackage>
      <ItemPrice>7.00</ItemPrice>
      <UnitOfMeasurePrice>0.0350</UnitOfMeasurePrice>
      <AllowDiscount>1</AllowDiscount>
      <ItemStatus>1</ItemStatus>
      <ItemId>213681</ItemId>
    </Item>
    <Item>
      <PriceUpdateDate>2025-09-08 07:58:42</PriceUpdateDate>
      <ItemCode>80518532743</ItemCode>
      <ItemType>1</ItemType>
      <ItemName>בלוני גומי רמה 3</ItemName>
      <ManufacturerName>לא ידוע</ManufacturerName>
      <ManufactureCountry>לא ידוע</ManufactureCountry>
      <ManufacturerItemDescription>בלוני גומי רמה 3</ManufacturerItemDescription>
      <UnitQty>יחידה   </UnitQty>
      <Quantity>0.00</Quantity>
      <UnitOfMeasure>יחידה   </UnitOfMeasure>
      <bIsWeighted>0</bIsWeighted>
      <QtyInPackage>לא ידוע</QtyInPackage>
      <ItemPrice>12.90</ItemPrice>
      <UnitOfMeasurePrice>0.0000</UnitOfMeasurePrice>
      <AllowDiscount>1</AllowDiscount>
      <ItemStatus>1</ItemStatus>
      <ItemId>143812</ItemId>
    </Item>
    <Item>
      <PriceUpdateDate>2024-05-13 11:46:56</PriceUpdateDate>
      <ItemCode>5201184066508</ItemCode>
      <ItemType>1</ItemType>
      <ItemName>נרות מספרים</ItemName>
      <ManufacturerName>לא ידוע</ManufacturerName>
      <ManufactureCountry>לא ידוע</ManufactureCountry>
      <ManufacturerItemDescription>נרות מספרים</ManufacturerItemDescription>
      <UnitQty>יחידה   </UnitQty>
      <Quantity>0.00</Quantity>
      <UnitOfMeasure>יחידה   </UnitOfMeasure>
      <bIsWeighted>0</bIsWeighted>
      <QtyInPackage>לא ידוע</QtyInPackage>
      <ItemPrice>2.90</ItemPrice>
      <UnitOfMeasurePrice>0.0000</UnitOfMeasurePrice>
      <AllowDiscount>1</AllowDiscount>
      <ItemStatus>1</ItemStatus>
      <ItemId>143833</ItemId>
    </Item>
    <Item>
      <PriceUpdateDate>2019-04-21 07:38:42</PriceUpdateDate>
      <ItemCode>7290101451105</ItemCode>
      <ItemType>1</ItemType>
      <ItemName>נרות מטה כוכבים ממות</ItemName>
      <ManufacturerName>לא ידוע</ManufacturerName>
      <ManufactureCountry>לא ידוע</ManufactureCountry>
      <ManufacturerItemDescription>נרות מטה כוכבים ממות</ManufacturerItemDescription>
      <UnitQty>יחידה   </UnitQty>
      <Quantity>0.00</Quantity>
      <UnitOfMeasure>יחידה   </UnitOfMeasure>
      <bIsWeighted>0</bIsWeighted>
      <QtyInPackage>לא ידוע</QtyInPackage>
      <ItemPrice>5.90</ItemPrice>
      <UnitOfMeasurePrice>0.0000</UnitOfMeasurePrice>
      <AllowDiscount>1</AllowDiscount>
      <ItemStatus>1</ItemStatus>
      <ItemId>143859</ItemId>
    </Item>
    <Item>
      <PriceUpdateDate>2025-09-08 07:55:06</PriceUpdateDate>
      <ItemCode>7290014901247</ItemCode>
      <ItemType>1</ItemType>
      <ItemName>שמפו סטייל קרטין 750</ItemName>
      <ManufacturerName>לא ידוע</ManufacturerName>
      <ManufactureCountry>לא ידוע</ManufactureCountry>
      <ManufacturerItemDescription>שמפו סטייל קרטין 750</ManufacturerItemDescription>
      <UnitQty>לא ידוע</UnitQty>
      <Quantity>750.00</Quantity>
      <UnitOfMeasure>לא ידוע</UnitOfMeasure>
      <bIsWeighted>0</bIsWeighted>
      <QtyInPackage>לא ידוע</QtyInPackage>
      <ItemPrice>29.90</ItemPrice>
      <UnitOfMeasurePrice>0.0399</UnitOfMeasurePrice>
      <AllowDiscount>1</AllowDiscount>
      <ItemStatus>1</ItemStatus>
      <ItemId>236764</ItemId>
    </Item>
    <Item>
      <PriceUpdateDate>2025-08-19 08:30:38</PriceUpdateDate>
      <ItemCode>4810168057435</ItemCode>
      <ItemType>1</ItemType>
      <ItemName>חתיכות פילה דג הרינג</ItemName>
      <ManufacturerName>לא ידוע</ManufacturerName>
      <ManufactureCountry>לא ידוע</ManufactureCountry>
      <ManufacturerItemDescription>חתיכות פילה דג הרינג</ManufacturerItemDescription>
      <UnitQty>לא ידוע</UnitQty>
      <Quantity>400.00</Quantity>
      <UnitOfMeasure>לא ידוע</UnitOfMeasure>
      <bIsWeighted>0</bIsWeighted>
      <QtyInPackage>לא ידוע</QtyInPackage>
      <ItemPrice>31.90</ItemPrice>
      <UnitOfMeasurePrice>0.0797</UnitOfMeasurePrice>
      <AllowDiscount>1</AllowDiscount>
      <ItemStatus>1</ItemStatus>
      <ItemId>236539</ItemId>
    </Item>
    <Item>
      <PriceUpdateDate>2025-08-17 15:30:01</PriceUpdateDate>
      <ItemCode>5203997119396</ItemCode>
      <ItemType>1</ItemType>
      <ItemName>שחף- בסיס פיצה קוטר</ItemName>
      <ManufacturerName>לא ידוע</ManufacturerName>
      <ManufactureCountry>לא ידוע</ManufactureCountry>
      <ManufacturerItemDescription>שחף- בסיס פיצה קוטר</ManufacturerItemDescription>
      <UnitQty>לא ידוע</UnitQty>
      <Quantity>0.00</Quantity>
      <UnitOfMeasure>לא ידוע</UnitOfMeasure>
      <bIsWeighted>0</bIsWeighted>
      <QtyInPackage>לא ידוע</QtyInPackage>
      <ItemPrice>17.90</ItemPrice>
      <UnitOfMeasurePrice>0.0000</UnitOfMeasurePrice>
      <AllowDiscount>1</AllowDiscount>
      <ItemStatus>1</ItemStatus>
      <ItemId>246806</ItemId>
    </Item>
    <Item>
      <PriceUpdateDate>2025-08-21 11:23:58</PriceUpdateDate>
      <ItemCode>7290100704707</ItemCode>
      <ItemType>1</ItemType>
      <ItemName>אורז מיקס סוגת 500 ג</ItemName>
      <ManufacturerName>קריות זול</ManufacturerName>
      <ManufactureCountry>לא ידוע</ManufactureCountry>
      <ManufacturerItemDescription>אורז מיקס סוגת 500 ג</ManufacturerItemDescription>
      <UnitQty>לא ידוע</UnitQty>
      <Quantity>500.00</Quantity>
      <UnitOfMeasure>לא ידוע</UnitOfMeasure>
      <bIsWeighted>0</bIsWeighted>
      <QtyInPackage>לא ידוע</QtyInPackage>
      <ItemPrice>11.90</ItemPrice>
      <UnitOfMeasurePrice>0.0238</UnitOfMeasurePrice>
      <AllowDiscount>1</AllowDiscount>
      <ItemStatus>1</ItemStatus>
      <ItemId>240071</ItemId>
    </Item>
    <Item>
      <PriceUpdateDate>2025-09-08 08:00:42</PriceUpdateDate>
      <ItemCode>8700216697743</ItemCode>
      <ItemType>1</ItemType>
      <ItemName>אריאל קפסולות כביסה</ItemName>
      <ManufacturerName>לא ידוע</ManufacturerName>
      <ManufactureCountry>לא ידוע</ManufactureCountry>
      <ManufacturerItemDescription>אריאל קפסולות כביסה</ManufacturerItemDescription>
      <UnitQty>יחידה   </UnitQty>
      <Quantity>0.00</Quantity>
      <UnitOfMeasure>יחידה   </UnitOfMeasure>
      <bIsWeighted>0</bIsWeighted>
      <QtyInPackage>לא ידוע</QtyInPackage>
      <ItemPrice>41.90</ItemPrice>
      <UnitOfMeasurePrice>0.0000</UnitOfMeasurePrice>
      <AllowDiscount>1</AllowDiscount>
      <ItemStatus>1</ItemStatus>
      <ItemId>254619</ItemId>
    </Item>
    <Item>
      <PriceUpdateDate>2025-09-08 08:00:49</PriceUpdateDate>
      <ItemCode>8006540689059</ItemCode>
      <ItemType>1</ItemType>
      <ItemName>אולוויז מגני תחתון נ</ItemName>
      <ManufacturerName>לא ידוע</ManufacturerName>
      <ManufactureCountry>לא ידוע</ManufactureCountry>
      <ManufacturerItemDescription>אולוויז מגני תחתון נ</ManufacturerItemDescription>
      <UnitQty>יחידה   </UnitQty>
      <Quantity>0.00</Quantity>
      <UnitOfMeasure>יחידה   </UnitOfMeasure>
      <bIsWeighted>0</bIsWeighted>
      <QtyInPackage>לא ידוע</QtyInPackage>
      <ItemPrice>20.90</ItemPrice>
      <UnitOfMeasurePrice>0.0000</UnitOfMeasurePrice>
      <AllowDiscount>1</AllowDiscount>
      <ItemStatus>1</ItemStatus>
      <ItemId>249604</ItemId>
    </Item>
    <Item>
      <PriceUpdateDate>2025-08-27 09:53:16</PriceUpdateDate>
      <ItemCode>7290001713150</ItemCode>
      <ItemType>1</ItemType>
      <ItemName>אקונומיקה קצף ניקוי</ItemName>
      <ManufacturerName>לא ידוע</ManufacturerName>
      <ManufactureCountry>לא ידוע</ManufactureCountry>
      <ManufacturerItemDescription>אקונומיקה קצף ניקוי</ManufacturerItemDescription>
      <UnitQty>ליטרים</UnitQty>
      <Quantity>1.00</Quantity>
      <UnitOfMeasure>ליטר    </UnitOfMeasure>
      <bIsWeighted>0</bIsWeighted>
      <QtyInPackage>לא ידוע</QtyInPackage>
      <ItemPrice>13.90</ItemPrice>
      <UnitOfMeasurePrice>13.9000</UnitOfMeasurePrice>
      <AllowDiscount>1</AllowDiscount>
      <ItemStatus>1</ItemStatus>
      <ItemId>213545</ItemId>
    </Item>
    <Item>
      <PriceUpdateDate>2025-08-21 11:30:22</PriceUpdateDate>
      <ItemCode>7290012228261</ItemCode>
      <ItemType>1</ItemType>
      <ItemName>נקניקיות קנקרס הודו</ItemName>
      <ManufacturerName>לא ידוע</ManufacturerName>
      <ManufactureCountry>לא ידוע</ManufactureCountry>
      <ManufacturerItemDescription>נקניקיות קנקרס הודו</ManufacturerItemDescription>
      <UnitQty>לא ידוע</UnitQty>
      <Quantity>300.00</Quantity>
      <UnitOfMeasure>לא ידוע</UnitOfMeasure>
      <bIsWeighted>0</bIsWeighted>
      <QtyInPackage>לא ידוע</QtyInPackage>
      <ItemPrice>31.90</ItemPrice>
      <UnitOfMeasurePrice>0.1063</UnitOfMeasurePrice>
      <AllowDiscount>1</AllowDiscount>
      <ItemStatus>1</ItemStatus>
      <ItemId>212118</ItemId>
    </Item>
    <Item>
      <PriceUpdateDate>2025-09-08 08:00:49</PriceUpdateDate>
      <ItemCode>8006540689110</ItemCode>
      <ItemType>1</ItemType>
      <ItemName>אולוויז מגני תחתון נ</ItemName>
      <ManufacturerName>לא ידוע</ManufacturerName>
      <ManufactureCountry>לא ידוע</ManufactureCountry>
      <ManufacturerItemDescription>אולוויז מגני תחתון נ</ManufacturerItemDescription>
      <UnitQty>יחידה   </UnitQty>
      <Quantity>0.00</Quantity>
      <UnitOfMeasure>יחידה   </UnitOfMeasure>
      <bIsWeighted>0</bIsWeighted>
      <QtyInPackage>לא ידוע</QtyInPackage>
      <ItemPrice>20.90</ItemPrice>
      <UnitOfMeasurePrice>0.0000</UnitOfMeasurePrice>
      <AllowDiscount>1</AllowDiscount>
      <ItemStatus>1</ItemStatus>
      <ItemId>249605</ItemId>
    </Item>
    <Item>
      <PriceUpdateDate>2025-07-10 09:20:37</PriceUpdateDate>
      <ItemCode>7290109581101</ItemCode>
      <ItemType>1</ItemType>
      <ItemName>קבנוס פפרוני זוגלובק</ItemName>
      <ManufacturerName>לא ידוע</ManufacturerName>
      <ManufactureCountry>לא ידוע</ManufactureCountry>
      <ManufacturerItemDescription>קבנוס פפרוני זוגלובק</ManufacturerItemDescription>
      <UnitQty>לא ידוע</UnitQty>
      <Quantity>135.00</Quantity>
      <UnitOfMeasure>לא ידוע</UnitOfMeasure>
      <bIsWeighted>0</bIsWeighted>
      <QtyInPackage>לא ידוע</QtyInPackage>
      <ItemPrice>16.90</ItemPrice>
      <UnitOfMeasurePrice>0.1252</UnitOfMeasurePrice>
      <AllowDiscount>1</AllowDiscount>
      <ItemStatus>1</ItemStatus>
      <ItemId>255024</ItemId>
    </Item>
    <Item>
      <PriceUpdateDate>2025-08-21 10:21:50</PriceUpdateDate>
      <ItemCode>7290002778882</ItemCode>
      <ItemType>1</ItemType>
      <ItemName>קראנץ נוגט שפיצר 400</ItemName>
      <ManufacturerName>לא ידוע</ManufacturerName>
      <ManufactureCountry>לא ידוע</ManufactureCountry>
      <ManufacturerItemDescription>קראנץ נוגט שפיצר 400</ManufacturerItemDescription>
      <UnitQty>לא ידוע</UnitQty>
      <Quantity>400.00</Quantity>
      <UnitOfMeasure>לא ידוע</UnitOfMeasure>
      <bIsWeighted>0</bIsWeighted>
      <QtyInPackage>לא ידוע</QtyInPackage>
      <ItemPrice>13.90</ItemPrice>
      <UnitOfMeasurePrice>0.0348</UnitOfMeasurePrice>
      <AllowDiscount>1</AllowDiscount>
      <ItemStatus>1</ItemStatus>
      <ItemId>250935</ItemId>
    </Item>
    <Item>
      <PriceUpdateDate>2025-01-06 11:30:49</PriceUpdateDate>
      <ItemCode>7290115190199</ItemCode>
      <ItemType>1</ItemType>
      <ItemName>פרלמנט נייט 100</ItemName>
      <ManufacturerName>לא ידוע</ManufacturerName>
      <ManufactureCountry>לא ידוע</ManufactureCountry>
      <ManufacturerItemDescription>פרלמנט נייט 100</ManufacturerItemDescription>
      <UnitQty>יחידה   </UnitQty>
      <Quantity>0.00</Quantity>
      <UnitOfMeasure>יחידה   </UnitOfMeasure>
      <bIsWeighted>0</bIsWeighted>
      <QtyInPackage>לא ידוע</QtyInPackage>
      <ItemPrice>51.00</ItemPrice>
      <UnitOfMeasurePrice>0.0000</UnitOfMeasurePrice>
      <AllowDiscount>0</AllowDiscount>
      <ItemStatus>1</ItemStatus>
      <ItemId>234828</ItemId>
    </Item>
    <Item>
      <PriceUpdateDate>2025-05-05 10:45:40</PriceUpdateDate>
      <ItemCode>7290018929629</ItemCode>
      <ItemType>1</ItemType>
      <ItemName>שקיות אשפה גורילה קט</ItemName>
      <ManufacturerName>פריטי המותג של יאיר</ManufacturerName>
      <ManufactureCountry>לא ידוע</ManufactureCountry>
      <ManufacturerItemDescription>שקיות אשפה גורילה קט</ManufacturerItemDescription>
      <UnitQty>יחידה   </UnitQty>
      <Quantity>0.00</Quantity>
      <UnitOfMeasure>יחידה   </UnitOfMeasure>
      <bIsWeighted>0</bIsWeighted>
      <QtyInPackage>לא ידוע</QtyInPackage>
      <ItemPrice>10.90</ItemPrice>
      <UnitOfMeasurePrice>0.0000</UnitOfMeasurePrice>
      <AllowDiscount>1</AllowDiscount>
      <ItemStatus>1</ItemStatus>
      <ItemId>248008</ItemId>
    </Item>
    <Item>
      <PriceUpdateDate>2025-09-03 07:27:27</PriceUpdateDate>
      <ItemCode>7290017088815</ItemCode>
      <ItemType>1</ItemType>
      <ItemName>תחבושות בריז נורמל 1</ItemName>
      <ManufacturerName>לא ידוע</ManufacturerName>
      <ManufactureCountry>לא ידוע</ManufactureCountry>
      <ManufacturerItemDescription>תחבושות בריז נורמל 1</ManufacturerItemDescription>
      <UnitQty>יחידה   </UnitQty>
      <Quantity>0.00</Quantity>
      <UnitOfMeasure>יחידה   </UnitOfMeasure>
      <bIsWeighted>0</bIsWeighted>
      <QtyInPackage>לא ידוע</QtyInPackage>
      <ItemPrice>20.90</ItemPrice>
      <UnitOfMeasurePrice>0.0000</UnitOfMeasurePrice>
      <AllowDiscount>1</AllowDiscount>
      <ItemStatus>1</ItemStatus>
      <ItemId>235272</ItemId>
    </Item>
    <Item>
      <PriceUpdateDate>2025-10-21 09:50:30</PriceUpdateDate>
      <ItemCode>4006000157078</ItemCode>
      <ItemType>1</ItemType>
      <ItemName>שפתון לבלו נסיכות של</ItemName>
      <ManufacturerName>לא ידוע</ManufacturerName>
      <ManufactureCountry>לא ידוע</ManufactureCountry>
      <ManufacturerItemDescription>שפתון לבלו נסיכות של</ManufacturerItemDescription>
      <UnitQty>לא ידוע</UnitQty>
      <Quantity>4.80</Quantity>
      <UnitOfMeasure>לא ידוע</UnitOfMeasure>
      <bIsWeighted>0</bIsWeighted>
      <QtyInPackage>לא ידוע</QtyInPackage>
      <ItemPrice>14.90</ItemPrice>
      <UnitOfMeasurePrice>3.1042</UnitOfMeasurePrice>
      <AllowDiscount>1</AllowDiscount>
      <ItemStatus>1</ItemStatus>
      <ItemId>256180</ItemId>
    </Item>
    <Item>
      <PriceUpdateDate>2025-08-21 13:13:20</PriceUpdateDate>
      <ItemCode>7290002109976</ItemCode>
      <ItemType>1</ItemType>
      <ItemName>סרדין בשמן קנולה 125</ItemName>
      <ManufacturerName>לא ידוע</ManufacturerName>
      <ManufactureCountry>לא ידוע</ManufactureCountry>
      <ManufacturerItemDescription>סרדין בשמן קנולה 125</ManufacturerItemDescription>
      <UnitQty>לא ידוע</UnitQty>
      <Quantity>125.00</Quantity>
      <UnitOfMeasure>לא ידוע</UnitOfMeasure>
      <bIsWeighted>0</bIsWeighted>
      <QtyInPackage>לא ידוע</QtyInPackage>
      <ItemPrice>6.90</ItemPrice>
      <UnitOfMeasurePrice>0.0552</UnitOfMeasurePrice>
      <AllowDiscount>1</AllowDiscount>
      <ItemStatus>1</ItemStatus>
      <ItemId>250945</ItemId>
    </Item>
    <Item>
      <PriceUpdateDate>2025-08-20 11:39:40</PriceUpdateDate>
      <ItemCode>7290010777044</ItemCode>
      <ItemType>1</ItemType>
      <ItemName>פיתה ארטיזן 8 יחידות</ItemName>
      <ManufacturerName>לא ידוע</ManufacturerName>
      <ManufactureCountry>לא ידוע</ManufactureCountry>
      <ManufacturerItemDescription>פיתה ארטיזן 8 יחידות</ManufacturerItemDescription>
      <UnitQty>יחידה   </UnitQty>
      <Quantity>0.00</Quantity>
      <UnitOfMeasure>יחידה   </UnitOfMeasure>
      <bIsWeighted>0</bIsWeighted>
      <QtyInPackage>לא ידוע</QtyInPackage>
      <ItemPrice>17.90</ItemPrice>
      <UnitOfMeasurePrice>0.0000</UnitOfMeasurePrice>
      <AllowDiscount>1</AllowDiscount>
      <ItemStatus>1</ItemStatus>
      <ItemId>250657</ItemId>
    </Item>
    <Item>
      <PriceUpdateDate>2025-09-03 13:38:19</PriceUpdateDate>
      <ItemCode>7290119373970</ItemCode>
      <ItemType>1</ItemType>
      <ItemName>קפסולות טנזניה 13</ItemName>
      <ManufacturerName>לא ידוע</ManufacturerName>
      <ManufactureCountry>לא ידוע</ManufactureCountry>
      <ManufacturerItemDescription>קפסולות טנזניה 13</ManufacturerItemDescription>
      <UnitQty>יחידה   </UnitQty>
      <Quantity>0.00</Quantity>
      <UnitOfMeasure>יחידה   </UnitOfMeasure>
      <bIsWeighted>0</bIsWeighted>
      <QtyInPackage>לא ידוע</QtyInPackage>
      <ItemPrice>21.90</ItemPrice>
      <UnitOfMeasurePrice>0.0000</UnitOfMeasurePrice>
      <AllowDiscount>1</AllowDiscount>
      <ItemStatus>1</ItemStatus>
      <ItemId>247251</ItemId>
    </Item>
    <Item>
      <PriceUpdateDate>2025-08-19 11:26:55</PriceUpdateDate>
      <ItemCode>7290000663036</ItemCode>
      <ItemType>1</ItemType>
      <ItemName>פילה אמנון ללא עור ק</ItemName>
      <ManufacturerName>לא ידוע</ManufacturerName>
      <ManufactureCountry>לא ידוע</ManufactureCountry>
      <ManufacturerItemDescription>פילה אמנון ללא עור ק</ManufacturerItemDescription>
      <UnitQty>קילוגרמים</UnitQty>
      <Quantity>1.00</Quantity>
      <UnitOfMeasure>ק"ג</UnitOfMeasure>
      <bIsWeighted>1</bIsWeighted>
      <QtyInPackage>לא ידוע</QtyInPackage>
      <ItemPrice>47.90</ItemPrice>
      <UnitOfMeasurePrice>47.9000</UnitOfMeasurePrice>
      <AllowDiscount>1</AllowDiscount>
      <ItemStatus>1</ItemStatus>
      <ItemId>238884</ItemId>
    </Item>
    <Item>
      <PriceUpdateDate>2025-08-31 08:46:32</PriceUpdateDate>
      <ItemCode>7290002329602</ItemCode>
      <ItemType>1</ItemType>
      <ItemName>עוגה בחושה שוקולד עו</ItemName>
      <ManufacturerName>לא ידוע</ManufacturerName>
      <ManufactureCountry>לא ידוע</ManufactureCountry>
      <ManufacturerItemDescription>עוגה בחושה שוקולד עו</ManufacturerItemDescription>
      <UnitQty>לא ידוע</UnitQty>
      <Quantity>350.00</Quantity>
      <UnitOfMeasure>לא ידוע</UnitOfMeasure>
      <bIsWeighted>0</bIsWeighted>
      <QtyInPackage>לא ידוע</QtyInPackage>
      <ItemPrice>10.90</ItemPrice>
      <UnitOfMeasurePrice>0.0311</UnitOfMeasurePrice>
      <AllowDiscount>1</AllowDiscount>
      <ItemStatus>1</ItemStatus>
      <ItemId>214495</ItemId>
    </Item>
    <Item>
      <PriceUpdateDate>2024-02-13 08:13:03</PriceUpdateDate>
      <ItemCode>7290000978383</ItemCode>
      <ItemType>1</ItemType>
      <ItemName>תמר מג'הול ענק</ItemName>
      <ManufacturerName>לא ידוע</ManufacturerName>
      <ManufactureCountry>לא ידוע</ManufactureCountry>
      <ManufacturerItemDescription>תמר מג'הול ענק</ManufacturerItemDescription>
      <UnitQty>קילוגרמים</UnitQty>
      <Quantity>1.00</Quantity>
      <UnitOfMeasure>ק"ג</UnitOfMeasure>
      <bIsWeighted>1</bIsWeighted>
      <QtyInPackage>לא ידוע</QtyInPackage>
      <ItemPrice>54.90</ItemPrice>
      <UnitOfMeasurePrice>54.9000</UnitOfMeasurePrice>
      <AllowDiscount>1</AllowDiscount>
      <ItemStatus>1</ItemStatus>
      <ItemId>209084</ItemId>
    </Item>
    <Item>
      <PriceUpdateDate>2025-08-31 10:12:26</PriceUpdateDate>
      <ItemCode>7290110565527</ItemCode>
      <ItemType>1</ItemType>
      <ItemName>דנונה פרו 20 גרם חלב</ItemName>
      <ManufacturerName>לא ידוע</ManufacturerName>
      <ManufactureCountry>לא ידוע</ManufactureCountry>
      <ManufacturerItemDescription>דנונה פרו 20 גרם חלב</ManufacturerItemDescription>
      <UnitQty>לא ידוע</UnitQty>
      <Quantity>200.00</Quantity>
      <UnitOfMeasure>לא ידוע</UnitOfMeasure>
      <bIsWeighted>0</bIsWeighted>
      <QtyInPackage>לא ידוע</QtyInPackage>
      <ItemPrice>7.00</ItemPrice>
      <UnitOfMeasurePrice>0.0350</UnitOfMeasurePrice>
      <AllowDiscount>1</AllowDiscount>
      <ItemStatus>1</ItemStatus>
      <ItemId>209089</ItemId>
    </Item>
    <Item>
      <PriceUpdateDate>2025-08-27 09:53:16</PriceUpdateDate>
      <ItemCode>7290001713167</ItemCode>
      <ItemType>1</ItemType>
      <ItemName>קצף לניקוי כלים סניט</ItemName>
      <ManufacturerName>לא ידוע</ManufacturerName>
      <ManufactureCountry>לא ידוע</ManufactureCountry>
      <ManufacturerItemDescription>קצף לניקוי כלים סניט</ManufacturerItemDescription>
      <UnitQty>ליטרים</UnitQty>
      <Quantity>1.00</Quantity>
      <UnitOfMeasure>ליטר    </UnitOfMeasure>
      <bIsWeighted>0</bIsWeighted>
      <QtyInPackage>לא ידוע</QtyInPackage>
      <ItemPrice>13.90</ItemPrice>
      <UnitOfMeasurePrice>13.9000</UnitOfMeasurePrice>
      <AllowDiscount>1</AllowDiscount>
      <ItemStatus>1</ItemStatus>
      <ItemId>213546</ItemId>
    </Item>
    <Item>
      <PriceUpdateDate>2025-12-29 15:00:04</PriceUpdateDate>
      <ItemCode>7290003457991</ItemCode>
      <ItemType>1</ItemType>
      <ItemName>חטיפי גלידה קורנטו ק</ItemName>
      <ManufacturerName>קריות זול</ManufacturerName>
      <ManufactureCountry>לא ידוע</ManufactureCountry>
      <ManufacturerItemDescription>חטיפי גלידה קורנטו ק</ManufacturerItemDescription>
      <UnitQty>לא ידוע</UnitQty>
      <Quantity>300.00</Quantity>
      <UnitOfMeasure>לא ידוע</UnitOfMeasure>
      <bIsWeighted>0</bIsWeighted>
      <QtyInPackage>לא ידוע</QtyInPackage>
      <ItemPrice>42.90</ItemPrice>
      <UnitOfMeasurePrice>0.1430</UnitOfMeasurePrice>
      <AllowDiscount>1</AllowDiscount>
      <ItemStatus>1</ItemStatus>
      <ItemId>144604</ItemId>
    </Item>
    <Item>
      <PriceUpdateDate>2025-12-29 15:00:05</PriceUpdateDate>
      <ItemCode>7290006681553</ItemCode>
      <ItemType>1</ItemType>
      <ItemName>קרמבו וניל שטראוס 8</ItemName>
      <ManufacturerName>קריות זול</ManufacturerName>
      <ManufactureCountry>לא ידוע</ManufactureCountry>
      <ManufacturerItemDescription>קרמבו וניל שטראוס 8</ManufacturerItemDescription>
      <UnitQty>יחידה   </UnitQty>
      <Quantity>0.00</Quantity>
      <UnitOfMeasure>יחידה   </UnitOfMeasure>
      <bIsWeighted>0</bIsWeighted>
      <QtyInPackage>לא ידוע</QtyInPackage>
      <ItemPrice>22.90</ItemPrice>
      <UnitOfMeasurePrice>0.0000</UnitOfMeasurePrice>
      <AllowDiscount>1</AllowDiscount>
      <ItemStatus>1</ItemStatus>
      <ItemId>144627</ItemId>
    </Item>
    <Item>
      <PriceUpdateDate>2025-12-25 07:23:31</PriceUpdateDate>
      <ItemCode>7290008806985</ItemCode>
      <ItemType>1</ItemType>
      <ItemName>נשנושי שוקו וניל פרו</ItemName>
      <ManufacturerName>קריות זול</ManufacturerName>
      <ManufactureCountry>לא ידוע</ManufactureCountry>
      <ManufacturerItemDescription>נשנושי שוקו וניל פרו</ManufacturerItemDescription>
      <UnitQty>לא ידוע</UnitQty>
      <Quantity>630.00</Quantity>
      <UnitOfMeasure>לא ידוע</UnitOfMeasure>
      <bIsWeighted>0</bIsWeighted>
      <QtyInPackage>לא ידוע</QtyInPackage>
      <ItemPrice>56.90</ItemPrice>
      <UnitOfMeasurePrice>0.0903</UnitOfMeasurePrice>
      <AllowDiscount>1</AllowDiscount>
      <ItemStatus>1</ItemStatus>
      <ItemId>144639</ItemId>
    </Item>
    <Item>
      <PriceUpdateDate>2025-12-25 07:23:32</PriceUpdateDate>
      <ItemCode>7290011081690</ItemCode>
      <ItemType>1</ItemType>
      <ItemName>קרמיסימו פרווה שוקו</ItemName>
      <ManufacturerName>קריות זול</ManufacturerName>
      <ManufactureCountry>לא ידוע</ManufactureCountry>
      <ManufacturerItemDescription>קרמיסימו פרווה שוקו</ManufacturerItemDescription>
      <UnitQty>לא ידוע</UnitQty>
      <Quantity>1330.00</Quantity>
      <UnitOfMeasure>לא ידוע</UnitOfMeasure>
      <bIsWeighted>0</bIsWeighted>
      <QtyInPackage>לא ידוע</QtyInPackage>
      <ItemPrice>27.90</ItemPrice>
      <UnitOfMeasurePrice>0.0210</UnitOfMeasurePrice>
      <AllowDiscount>1</AllowDiscount>
      <ItemStatus>1</ItemStatus>
      <ItemId>144678</ItemId>
    </Item>
    <Item>
      <PriceUpdateDate>2025-08-31 08:46:43</PriceUpdateDate>
      <ItemCode>7290013267665</ItemCode>
      <ItemType>1</ItemType>
      <ItemName>מיני סולרו טרופי מאג</ItemName>
      <ManufacturerName>לא ידוע</ManufacturerName>
      <ManufactureCountry>לא ידוע</ManufactureCountry>
      <ManufacturerItemDescription>מיני סולרו טרופי מאג</ManufacturerItemDescription>
      <UnitQty>יחידה   </UnitQty>
      <Quantity>0.00</Quantity>
      <UnitOfMeasure>יחידה   </UnitOfMeasure>
      <bIsWeighted>0</bIsWeighted>
      <QtyInPackage>לא ידוע</QtyInPackage>
      <ItemPrice>29.90</ItemPrice>
      <UnitOfMeasurePrice>0.0000</UnitOfMeasurePrice>
      <AllowDiscount>1</AllowDiscount>
      <ItemStatus>1</ItemStatus>
      <ItemId>144773</ItemId>
    </Item>
    <Item>
      <PriceUpdateDate>2025-08-26 11:14:36</PriceUpdateDate>
      <ItemCode>7290119380626</ItemCode>
      <ItemType>1</ItemType>
      <ItemName>פרו קראנצ' פצפוץ שוק</ItemName>
      <ManufacturerName>לא ידוע</ManufacturerName>
      <ManufactureCountry>לא ידוע</ManufactureCountry>
      <ManufacturerItemDescription>פרו קראנצ' פצפוץ שוק</ManufacturerItemDescription>
      <UnitQty>לא ידוע</UnitQty>
      <Quantity>178.00</Quantity>
      <UnitOfMeasure>לא ידוע</UnitOfMeasure>
      <bIsWeighted>0</bIsWeighted>
      <QtyInPackage>לא ידוע</QtyInPackage>
      <ItemPrice>8.10</ItemPrice>
      <UnitOfMeasurePrice>0.0455</UnitOfMeasurePrice>
      <AllowDiscount>1</AllowDiscount>
      <ItemStatus>1</ItemStatus>
      <ItemId>254923</ItemId>
    </Item>
    <Item>
      <PriceUpdateDate>2025-10-22 10:05:26</PriceUpdateDate>
      <ItemCode>7290119383535</ItemCode>
      <ItemType>1</ItemType>
      <ItemName>מילקי שכבות בטעם ממו</ItemName>
      <ManufacturerName>לא ידוע</ManufacturerName>
      <ManufactureCountry>לא ידוע</ManufactureCountry>
      <ManufacturerItemDescription>מילקי שכבות בטעם ממו</ManufacturerItemDescription>
      <UnitQty>לא ידוע</UnitQty>
      <Quantity>113.00</Quantity>
      <UnitOfMeasure>לא ידוע</UnitOfMeasure>
      <bIsWeighted>0</bIsWeighted>
      <QtyInPackage>לא ידוע</QtyInPackage>
      <ItemPrice>3.90</ItemPrice>
      <UnitOfMeasurePrice>0.0345</UnitOfMeasurePrice>
      <AllowDiscount>1</AllowDiscount>
      <ItemStatus>1</ItemStatus>
      <ItemId>256209</ItemId>
    </Item>
    <Item>
      <PriceUpdateDate>2025-08-19 11:26:41</PriceUpdateDate>
      <ItemCode>7290000644783</ItemCode>
      <ItemType>1</ItemType>
      <ItemName>מנות סלמון קפוא תנוב</ItemName>
      <ManufacturerName>לא ידוע</ManufacturerName>
      <ManufactureCountry>לא ידוע</ManufactureCountry>
      <ManufacturerItemDescription>מנות סלמון קפוא תנוב</ManufacturerItemDescription>
      <UnitQty>קילוגרמים</UnitQty>
      <Quantity>1.00</Quantity>
      <UnitOfMeasure>ק"ג</UnitOfMeasure>
      <bIsWeighted>1</bIsWeighted>
      <QtyInPackage>לא ידוע</QtyInPackage>
      <ItemPrice>106.90</ItemPrice>
      <UnitOfMeasurePrice>106.9000</UnitOfMeasurePrice>
      <AllowDiscount>1</AllowDiscount>
      <ItemStatus>1</ItemStatus>
      <ItemId>145223</ItemId>
    </Item>
    <Item>
      <PriceUpdateDate>2025-08-19 11:26:52</PriceUpdateDate>
      <ItemCode>7290000659312</ItemCode>
      <ItemType>1</ItemType>
      <ItemName>פילה סלמון פרמיום קפ</ItemName>
      <ManufacturerName>לא ידוע</ManufacturerName>
      <ManufactureCountry>לא ידוע</ManufactureCountry>
      <ManufacturerItemDescription>פילה סלמון פרמיום קפ</ManufacturerItemDescription>
      <UnitQty>קילוגרמים</UnitQty>
      <Quantity>1.00</Quantity>
      <UnitOfMeasure>ק"ג</UnitOfMeasure>
      <bIsWeighted>1</bIsWeighted>
      <QtyInPackage>לא ידוע</QtyInPackage>
      <ItemPrice>94.90</ItemPrice>
      <UnitOfMeasurePrice>94.9000</UnitOfMeasurePrice>
      <AllowDiscount>1</AllowDiscount>
      <ItemStatus>1</ItemStatus>
      <ItemId>145227</ItemId>
    </Item>
    <Item>
      <PriceUpdateDate>2025-08-19 11:27:09</PriceUpdateDate>
      <ItemCode>7290000103365</ItemCode>
      <ItemType>1</ItemType>
      <ItemName>מרק ירקות קפוא סנפרו</ItemName>
      <ManufacturerName>לא ידוע</ManufacturerName>
      <ManufactureCountry>לא ידוע</ManufactureCountry>
      <ManufacturerItemDescription>מרק ירקות קפוא סנפרו</ManufacturerItemDescription>
      <UnitQty>לא ידוע</UnitQty>
      <Quantity>550.00</Quantity>
      <UnitOfMeasure>לא ידוע</UnitOfMeasure>
      <bIsWeighted>0</bIsWeighted>
      <QtyInPackage>לא ידוע</QtyInPackage>
      <ItemPrice>20.90</ItemPrice>
      <UnitOfMeasurePrice>0.0380</UnitOfMeasurePrice>
      <AllowDiscount>1</AllowDiscount>
      <ItemStatus>1</ItemStatus>
      <ItemId>145234</ItemId>
    </Item>
    <Item>
      <PriceUpdateDate>2025-08-19 11:27:14</PriceUpdateDate>
      <ItemCode>7290000103730</ItemCode>
      <ItemType>1</ItemType>
      <ItemName>לקט להקפצה עם פסטה פ</ItemName>
      <ManufacturerName>לא ידוע</ManufacturerName>
      <ManufactureCountry>לא ידוע</ManufactureCountry>
      <ManufacturerItemDescription>לקט להקפצה עם פסטה פ</ManufacturerItemDescription>
      <UnitQty>לא ידוע</UnitQty>
      <Quantity>800.00</Quantity>
      <UnitOfMeasure>לא ידוע</UnitOfMeasure>
      <bIsWeighted>0</bIsWeighted>
      <QtyInPackage>לא ידוע</QtyInPackage>
      <ItemPrice>28.90</ItemPrice>
      <UnitOfMeasurePrice>0.0361</UnitOfMeasurePrice>
      <AllowDiscount>1</AllowDiscount>
      <ItemStatus>1</ItemStatus>
      <ItemId>145246</ItemId>
    </Item>
    <Item>
      <PriceUpdateDate>2025-08-19 11:27:15</PriceUpdateDate>
      <ItemCode>7290000103839</ItemCode>
      <ItemType>1</ItemType>
      <ItemName>מרק כתום קפוא סנפרוס</ItemName>
      <ManufacturerName>לא ידוע</ManufacturerName>
      <ManufactureCountry>לא ידוע</ManufactureCountry>
      <ManufacturerItemDescription>מרק כתום קפוא סנפרוס</ManufacturerItemDescription>
      <UnitQty>לא ידוע</UnitQty>
      <Quantity>570.00</Quantity>
      <UnitOfMeasure>לא ידוע</UnitOfMeasure>
      <bIsWeighted>0</bIsWeighted>
      <QtyInPackage>לא ידוע</QtyInPackage>
      <ItemPrice>20.90</ItemPrice>
      <UnitOfMeasurePrice>0.0367</UnitOfMeasurePrice>
      <AllowDiscount>1</AllowDiscount>
      <ItemStatus>1</ItemStatus>
      <ItemId>145256</ItemId>
    </Item>
    <Item>
      <PriceUpdateDate>2025-08-19 11:27:15</PriceUpdateDate>
      <ItemCode>7290000103846</ItemCode>
      <ItemType>1</ItemType>
      <ItemName>מרק אפונה קפוא סנפרו</ItemName>
      <ManufacturerName>לא ידוע</ManufacturerName>
      <ManufactureCountry>לא ידוע</ManufactureCountry>
      <ManufacturerItemDescription>מרק אפונה קפוא סנפרו</ManufacturerItemDescription>
      <UnitQty>לא ידוע</UnitQty>
      <Quantity>570.00</Quantity>
      <UnitOfMeasure>לא ידוע</UnitOfMeasure>
      <bIsWeighted>0</bIsWeighted>
      <QtyInPackage>לא ידוע</QtyInPackage>
      <ItemPrice>20.90</ItemPrice>
      <UnitOfMeasurePrice>0.0367</UnitOfMeasurePrice>
      <AllowDiscount>1</AllowDiscount>
      <ItemStatus>1</ItemStatus>
      <ItemId>145257</ItemId>
    </Item>
    <Item>
      <PriceUpdateDate>2025-08-19 11:27:16</PriceUpdateDate>
      <ItemCode>7290000103860</ItemCode>
      <ItemType>1</ItemType>
      <ItemName>מרק עדשים קפוא סנפרו</ItemName>
      <ManufacturerName>לא ידוע</ManufacturerName>
      <ManufactureCountry>לא ידוע</ManufactureCountry>
      <ManufacturerItemDescription>מרק עדשים קפוא סנפרו</ManufacturerItemDescription>
      <UnitQty>לא ידוע</UnitQty>
      <Quantity>570.00</Quantity>
      <UnitOfMeasure>לא ידוע</UnitOfMeasure>
      <bIsWeighted>0</bIsWeighted>
      <QtyInPackage>לא ידוע</QtyInPackage>
      <ItemPrice>20.90</ItemPrice>
      <UnitOfMeasurePrice>0.0367</UnitOfMeasurePrice>
      <AllowDiscount>1</AllowDiscount>
      <ItemStatus>1</ItemStatus>
      <ItemId>145259</ItemId>
    </Item>
    <Item>
      <PriceUpdateDate>2025-08-19 11:27:18</PriceUpdateDate>
      <ItemCode>7290000104072</ItemCode>
      <ItemType>1</ItemType>
      <ItemName>עדשים ירוקות מבושלות</ItemName>
      <ManufacturerName>לא ידוע</ManufacturerName>
      <ManufactureCountry>לא ידוע</ManufactureCountry>
      <ManufacturerItemDescription>עדשים ירוקות מבושלות</ManufacturerItemDescription>
      <UnitQty>לא ידוע</UnitQty>
      <Quantity>800.00</Quantity>
      <UnitOfMeasure>לא ידוע</UnitOfMeasure>
      <bIsWeighted>0</bIsWeighted>
      <QtyInPackage>לא ידוע</QtyInPackage>
      <ItemPrice>24.50</ItemPrice>
      <UnitOfMeasurePrice>0.0306</UnitOfMeasurePrice>
      <AllowDiscount>1</AllowDiscount>
      <ItemStatus>1</ItemStatus>
      <ItemId>145267</ItemId>
    </Item>
    <Item>
      <PriceUpdateDate>2025-08-19 11:27:19</PriceUpdateDate>
      <ItemCode>7290000104201</ItemCode>
      <ItemType>1</ItemType>
      <ItemName>אפונה עדינה סנפרוסט</ItemName>
      <ManufacturerName>קריות זול</ManufacturerName>
      <ManufactureCountry>לא ידוע</ManufactureCountry>
      <ManufacturerItemDescription>אפונה עדינה סנפרוסט</ManufacturerItemDescription>
      <UnitQty>לא ידוע</UnitQty>
      <Quantity>600.00</Quantity>
      <UnitOfMeasure>לא ידוע</UnitOfMeasure>
      <bIsWeighted>0</bIsWeighted>
      <QtyInPackage>לא ידוע</QtyInPackage>
      <ItemPrice>23.90</ItemPrice>
      <UnitOfMeasurePrice>0.0398</UnitOfMeasurePrice>
      <AllowDiscount>1</AllowDiscount>
      <ItemStatus>1</ItemStatus>
      <ItemId>145270</ItemId>
    </Item>
    <Item>
      <PriceUpdateDate>2025-08-19 11:27:20</PriceUpdateDate>
      <ItemCode>7290000104225</ItemCode>
      <ItemType>1</ItemType>
      <ItemName>בצל קצוץ סנפרוסט 600</ItemName>
      <ManufacturerName>קריות זול</ManufacturerName>
      <ManufactureCountry>לא ידוע</ManufactureCountry>
      <ManufacturerItemDescription>בצל קצוץ סנפרוסט 600</ManufacturerItemDescription>
      <UnitQty>לא ידוע</UnitQty>
      <Quantity>600.00</Quantity>
      <UnitOfMeasure>לא ידוע</UnitOfMeasure>
      <bIsWeighted>0</bIsWeighted>
      <QtyInPackage>לא ידוע</QtyInPackage>
      <ItemPrice>20.90</ItemPrice>
      <UnitOfMeasurePrice>0.0348</UnitOfMeasurePrice>
      <AllowDiscount>1</AllowDiscount>
      <ItemStatus>1</ItemStatus>
      <ItemId>145272</ItemId>
    </Item>
    <Item>
      <PriceUpdateDate>2025-08-19 11:27:20</PriceUpdateDate>
      <ItemCode>7290000104683</ItemCode>
      <ItemType>1</ItemType>
      <ItemName>שעועית שלמה ירוקה סנ</ItemName>
      <ManufacturerName>קריות זול</ManufacturerName>
      <ManufactureCountry>לא ידוע</ManufactureCountry>
      <ManufacturerItemDescription>שעועית שלמה ירוקה סנ</ManufacturerItemDescription>
      <UnitQty>לא ידוע</UnitQty>
      <Quantity>800.00</Quantity>
      <UnitOfMeasure>לא ידוע</UnitOfMeasure>
      <bIsWeighted>0</bIsWeighted>
      <QtyInPackage>לא ידוע</QtyInPackage>
      <ItemPrice>25.90</ItemPrice>
      <UnitOfMeasurePrice>0.0324</UnitOfMeasurePrice>
      <AllowDiscount>1</AllowDiscount>
      <ItemStatus>1</ItemStatus>
      <ItemId>145275</ItemId>
    </Item>
    <Item>
      <PriceUpdateDate>2025-09-02 11:47:59</PriceUpdateDate>
      <ItemCode>7290000104690</ItemCode>
      <ItemType>1</ItemType>
      <ItemName>גרעיני תירס סנפרוסט</ItemName>
      <ManufacturerName>קריות זול</ManufacturerName>
      <ManufactureCountry>לא ידוע</ManufactureCountry>
      <ManufacturerItemDescription>גרעיני תירס סנפרוסט</ManufacturerItemDescription>
      <UnitQty>לא ידוע</UnitQty>
      <Quantity>800.00</Quantity>
      <UnitOfMeasure>לא ידוע</UnitOfMeasure>
      <bIsWeighted>0</bIsWeighted>
      <QtyInPackage>לא ידוע</QtyInPackage>
      <ItemPrice>21.90</ItemPrice>
      <UnitOfMeasurePrice>0.0274</UnitOfMeasurePrice>
      <AllowDiscount>1</AllowDiscount>
      <ItemStatus>1</ItemStatus>
      <ItemId>145276</ItemId>
    </Item>
    <Item>
      <PriceUpdateDate>2025-08-19 11:27:21</PriceUpdateDate>
      <ItemCode>7290000104720</ItemCode>
      <ItemType>1</ItemType>
      <ItemName>שעועית ירוקה חתוכה ס</ItemName>
      <ManufacturerName>קריות זול</ManufacturerName>
      <ManufactureCountry>לא ידוע</ManufactureCountry>
      <ManufacturerItemDescription>שעועית ירוקה חתוכה ס</ManufacturerItemDescription>
      <UnitQty>לא ידוע</UnitQty>
      <Quantity>800.00</Quantity>
      <UnitOfMeasure>לא ידוע</UnitOfMeasure>
      <bIsWeighted>0</bIsWeighted>
      <QtyInPackage>לא ידוע</QtyInPackage>
      <ItemPrice>25.90</ItemPrice>
      <UnitOfMeasurePrice>0.0324</UnitOfMeasurePrice>
      <AllowDiscount>1</AllowDiscount>
      <ItemStatus>1</ItemStatus>
      <ItemId>145279</ItemId>
    </Item>
    <Item>
      <PriceUpdateDate>2025-08-19 11:27:22</PriceUpdateDate>
      <ItemCode>7290000104744</ItemCode>
      <ItemType>1</ItemType>
      <ItemName>כרובית סנפרוסט 800גר</ItemName>
      <ManufacturerName>קריות זול</ManufacturerName>
      <ManufactureCountry>לא ידוע</ManufactureCountry>
      <ManufacturerItemDescription>כרובית סנפרוסט 800גר</ManufacturerItemDescription>
      <UnitQty>לא ידוע</UnitQty>
      <Quantity>800.00</Quantity>
      <UnitOfMeasure>לא ידוע</UnitOfMeasure>
      <bIsWeighted>0</bIsWeighted>
      <QtyInPackage>לא ידוע</QtyInPackage>
      <ItemPrice>28.90</ItemPrice>
      <UnitOfMeasurePrice>0.0361</UnitOfMeasurePrice>
      <AllowDiscount>1</AllowDiscount>
      <ItemStatus>1</ItemStatus>
      <ItemId>145281</ItemId>
    </Item>
    <Item>
      <PriceUpdateDate>2025-09-08 08:13:37</PriceUpdateDate>
      <ItemCode>7290000104751</ItemCode>
      <ItemType>1</ItemType>
      <ItemName>כרוב ניצנים סנפרוסט</ItemName>
      <ManufacturerName>קריות זול</ManufacturerName>
      <ManufactureCountry>לא ידוע</ManufactureCountry>
      <ManufacturerItemDescription>כרוב ניצנים סנפרוסט</ManufacturerItemDescription>
      <UnitQty>לא ידוע</UnitQty>
      <Quantity>800.00</Quantity>
      <UnitOfMeasure>לא ידוע</UnitOfMeasure>
      <bIsWeighted>0</bIsWeighted>
      <QtyInPackage>לא ידוע</QtyInPackage>
      <ItemPrice>27.90</ItemPrice>
      <UnitOfMeasurePrice>0.0349</UnitOfMeasurePrice>
      <AllowDiscount>1</AllowDiscount>
      <ItemStatus>1</ItemStatus>
      <ItemId>145282</ItemId>
    </Item>
    <Item>
      <PriceUpdateDate>2025-08-19 11:27:22</PriceUpdateDate>
      <ItemCode>7290000104768</ItemCode>
      <ItemType>1</ItemType>
      <ItemName>תרד עלים סנפרוסט 800</ItemName>
      <ManufacturerName>קריות זול</ManufacturerName>
      <ManufactureCountry>לא ידוע</ManufactureCountry>
      <ManufacturerItemDescription>תרד עלים סנפרוסט 800</ManufacturerItemDescription>
      <UnitQty>לא ידוע</UnitQty>
      <Quantity>800.00</Quantity>
      <UnitOfMeasure>לא ידוע</UnitOfMeasure>
      <bIsWeighted>0</bIsWeighted>
      <QtyInPackage>לא ידוע</QtyInPackage>
      <ItemPrice>28.90</ItemPrice>
      <UnitOfMeasurePrice>0.0361</UnitOfMeasurePrice>
      <AllowDiscount>1</AllowDiscount>
      <ItemStatus>1</ItemStatus>
      <ItemId>145283</ItemId>
    </Item>
    <Item>
      <PriceUpdateDate>2025-08-19 11:27:23</PriceUpdateDate>
      <ItemCode>7290000104775</ItemCode>
      <ItemType>1</ItemType>
      <ItemName>תרד מדליונים סנפרוסט</ItemName>
      <ManufacturerName>קריות זול</ManufacturerName>
      <ManufactureCountry>לא ידוע</ManufactureCountry>
      <ManufacturerItemDescription>תרד מדליונים סנפרוסט</ManufacturerItemDescription>
      <UnitQty>לא ידוע</UnitQty>
      <Quantity>800.00</Quantity>
      <UnitOfMeasure>לא ידוע</UnitOfMeasure>
      <bIsWeighted>0</bIsWeighted>
      <QtyInPackage>לא ידוע</QtyInPackage>
      <ItemPrice>28.90</ItemPrice>
      <UnitOfMeasurePrice>0.0361</UnitOfMeasurePrice>
      <AllowDiscount>1</AllowDiscount>
      <ItemStatus>1</ItemStatus>
      <ItemId>145284</ItemId>
    </Item>
    <Item>
      <PriceUpdateDate>2025-08-19 11:27:23</PriceUpdateDate>
      <ItemCode>7290000104799</ItemCode>
      <ItemType>1</ItemType>
      <ItemName>שעועית לבנה מבושלת ס</ItemName>
      <ManufacturerName>קריות זול</ManufacturerName>
      <ManufactureCountry>לא ידוע</ManufactureCountry>
      <ManufacturerItemDescription>שעועית לבנה מבושלת ס</ManufacturerItemDescription>
      <UnitQty>לא ידוע</UnitQty>
      <Quantity>800.00</Quantity>
      <UnitOfMeasure>לא ידוע</UnitOfMeasure>
      <bIsWeighted>0</bIsWeighted>
      <QtyInPackage>לא ידוע</QtyInPackage>
      <ItemPrice>22.90</ItemPrice>
      <UnitOfMeasurePrice>0.0286</UnitOfMeasurePrice>
      <AllowDiscount>1</AllowDiscount>
      <ItemStatus>1</ItemStatus>
      <ItemId>145285</ItemId>
    </Item>
    <Item>
      <PriceUpdateDate>2025-08-19 11:27:24</PriceUpdateDate>
      <ItemCode>7290000104805</ItemCode>
      <ItemType>1</ItemType>
      <ItemName>גרגירי חומוס קפוא סנ</ItemName>
      <ManufacturerName>קריות זול</ManufacturerName>
      <ManufactureCountry>לא ידוע</ManufactureCountry>
      <ManufacturerItemDescription>גרגירי חומוס קפוא סנ</ManufacturerItemDescription>
      <UnitQty>לא ידוע</UnitQty>
      <Quantity>800.00</Quantity>
      <UnitOfMeasure>לא ידוע</UnitOfMeasure>
      <bIsWeighted>0</bIsWeighted>
      <QtyInPackage>לא ידוע</QtyInPackage>
      <ItemPrice>23.90</ItemPrice>
      <UnitOfMeasurePrice>0.0299</UnitOfMeasurePrice>
      <AllowDiscount>1</AllowDiscount>
      <ItemStatus>1</ItemStatus>
      <ItemId>145286</ItemId>
    </Item>
    <Item>
      <PriceUpdateDate>2025-08-19 11:27:25</PriceUpdateDate>
      <ItemCode>7290000104874</ItemCode>
      <ItemType>1</ItemType>
      <ItemName>לקט לקוסקוס סנפרוסט</ItemName>
      <ManufacturerName>קריות זול</ManufacturerName>
      <ManufactureCountry>לא ידוע</ManufactureCountry>
      <ManufacturerItemDescription>לקט לקוסקוס סנפרוסט</ManufacturerItemDescription>
      <UnitQty>לא ידוע</UnitQty>
      <Quantity>800.00</Quantity>
      <UnitOfMeasure>לא ידוע</UnitOfMeasure>
      <bIsWeighted>0</bIsWeighted>
      <QtyInPackage>לא ידוע</QtyInPackage>
      <ItemPrice>25.90</ItemPrice>
      <UnitOfMeasurePrice>0.0324</UnitOfMeasurePrice>
      <AllowDiscount>1</AllowDiscount>
      <ItemStatus>1</ItemStatus>
      <ItemId>145291</ItemId>
    </Item>
    <Item>
      <PriceUpdateDate>2025-08-19 11:27:26</PriceUpdateDate>
      <ItemCode>7290000104881</ItemCode>
      <ItemType>1</ItemType>
      <ItemName>אפונה וגזר סנפרוסט 8</ItemName>
      <ManufacturerName>קריות זול</ManufacturerName>
      <ManufactureCountry>לא ידוע</ManufactureCountry>
      <ManufacturerItemDescription>אפונה וגזר סנפרוסט 8</ManufacturerItemDescription>
      <UnitQty>לא ידוע</UnitQty>
      <Quantity>800.00</Quantity>
      <UnitOfMeasure>לא ידוע</UnitOfMeasure>
      <bIsWeighted>0</bIsWeighted>
      <QtyInPackage>לא ידוע</QtyInPackage>
      <ItemPrice>21.90</ItemPrice>
      <UnitOfMeasurePrice>0.0274</UnitOfMeasurePrice>
      <AllowDiscount>1</AllowDiscount>
      <ItemStatus>1</ItemStatus>
      <ItemId>145292</ItemId>
    </Item>
    <Item>
      <PriceUpdateDate>2025-08-19 11:27:27</PriceUpdateDate>
      <ItemCode>7290000104904</ItemCode>
      <ItemType>1</ItemType>
      <ItemName>לקט ירקות מעורבים סנ</ItemName>
      <ManufacturerName>קריות זול</ManufacturerName>
      <ManufactureCountry>לא ידוע</ManufactureCountry>
      <ManufacturerItemDescription>לקט ירקות מעורבים סנ</ManufacturerItemDescription>
      <UnitQty>לא ידוע</UnitQty>
      <Quantity>800.00</Quantity>
      <UnitOfMeasure>לא ידוע</UnitOfMeasure>
      <bIsWeighted>0</bIsWeighted>
      <QtyInPackage>לא ידוע</QtyInPackage>
      <ItemPrice>28.90</ItemPrice>
      <UnitOfMeasurePrice>0.0361</UnitOfMeasurePrice>
      <AllowDiscount>1</AllowDiscount>
      <ItemStatus>1</ItemStatus>
      <ItemId>145294</ItemId>
    </Item>
    <Item>
      <PriceUpdateDate>2025-08-19 11:27:27</PriceUpdateDate>
      <ItemCode>7290000104911</ItemCode>
      <ItemType>1</ItemType>
      <ItemName>לקט נורמנדי סנפרוסט</ItemName>
      <ManufacturerName>קריות זול</ManufacturerName>
      <ManufactureCountry>לא ידוע</ManufactureCountry>
      <ManufacturerItemDescription>לקט נורמנדי סנפרוסט</ManufacturerItemDescription>
      <UnitQty>לא ידוע</UnitQty>
      <Quantity>800.00</Quantity>
      <UnitOfMeasure>לא ידוע</UnitOfMeasure>
      <bIsWeighted>0</bIsWeighted>
      <QtyInPackage>לא ידוע</QtyInPackage>
      <ItemPrice>28.90</ItemPrice>
      <UnitOfMeasurePrice>0.0361</UnitOfMeasurePrice>
      <AllowDiscount>1</AllowDiscount>
      <ItemStatus>1</ItemStatus>
      <ItemId>145295</ItemId>
    </Item>
    <Item>
      <PriceUpdateDate>2025-08-19 11:27:28</PriceUpdateDate>
      <ItemCode>7290000106175</ItemCode>
      <ItemType>1</ItemType>
      <ItemName>לקט כפרי סנפרוסט 2קג</ItemName>
      <ManufacturerName>קריות זול</ManufacturerName>
      <ManufactureCountry>לא ידוע</ManufactureCountry>
      <ManufacturerItemDescription>לקט כפרי סנפרוסט 2קג</ManufacturerItemDescription>
      <UnitQty>לא ידוע</UnitQty>
      <Quantity>2000.00</Quantity>
      <UnitOfMeasure>לא ידוע</UnitOfMeasure>
      <bIsWeighted>0</bIsWeighted>
      <QtyInPackage>לא ידוע</QtyInPackage>
      <ItemPrice>44.90</ItemPrice>
      <UnitOfMeasurePrice>0.0224</UnitOfMeasurePrice>
      <AllowDiscount>1</AllowDiscount>
      <ItemStatus>1</ItemStatus>
      <ItemId>145299</ItemId>
    </Item>
    <Item>
      <PriceUpdateDate>2025-08-19 11:27:30</PriceUpdateDate>
      <ItemCode>7290000107189</ItemCode>
      <ItemType>1</ItemType>
      <ItemName>תחתיות ארטישוק 400גר</ItemName>
      <ManufacturerName>קריות זול</ManufacturerName>
      <ManufactureCountry>לא ידוע</ManufactureCountry>
      <ManufacturerItemDescription>תחתיות ארטישוק 400גר</ManufacturerItemDescription>
      <UnitQty>לא ידוע</UnitQty>
      <Quantity>400.00</Quantity>
      <UnitOfMeasure>לא ידוע</UnitOfMeasure>
      <bIsWeighted>0</bIsWeighted>
      <QtyInPackage>לא ידוע</QtyInPackage>
      <ItemPrice>26.90</ItemPrice>
      <UnitOfMeasurePrice>0.0672</UnitOfMeasurePrice>
      <AllowDiscount>1</AllowDiscount>
      <ItemStatus>1</ItemStatus>
      <ItemId>145305</ItemId>
    </Item>
    <Item>
      <PriceUpdateDate>2025-08-19 11:27:30</PriceUpdateDate>
      <ItemCode>7290000107295</ItemCode>
      <ItemType>1</ItemType>
      <ItemName>תפרחות ברוקולי סנפרו</ItemName>
      <ManufacturerName>קריות זול</ManufacturerName>
      <ManufactureCountry>לא ידוע</ManufactureCountry>
      <ManufacturerItemDescription>תפרחות ברוקולי סנפרו</ManufacturerItemDescription>
      <UnitQty>לא ידוע</UnitQty>
      <Quantity>800.00</Quantity>
      <UnitOfMeasure>לא ידוע</UnitOfMeasure>
      <bIsWeighted>0</bIsWeighted>
      <QtyInPackage>לא ידוע</QtyInPackage>
      <ItemPrice>28.90</ItemPrice>
      <UnitOfMeasurePrice>0.0361</UnitOfMeasurePrice>
      <AllowDiscount>1</AllowDiscount>
      <ItemStatus>1</ItemStatus>
      <ItemId>145310</ItemId>
    </Item>
    <Item>
      <PriceUpdateDate>2025-08-19 11:27:32</PriceUpdateDate>
      <ItemCode>7290000238029</ItemCode>
      <ItemType>1</ItemType>
      <ItemName>בצק עלים מרודד מעדנו</ItemName>
      <ManufacturerName>קריות זול</ManufacturerName>
      <ManufactureCountry>לא ידוע</ManufactureCountry>
      <ManufacturerItemDescription>בצק עלים מרודד מעדנו</ManufacturerItemDescription>
      <UnitQty>לא ידוע</UnitQty>
      <Quantity>1000.00</Quantity>
      <UnitOfMeasure>לא ידוע</UnitOfMeasure>
      <bIsWeighted>0</bIsWeighted>
      <QtyInPackage>לא ידוע</QtyInPackage>
      <ItemPrice>23.90</ItemPrice>
      <UnitOfMeasurePrice>0.0239</UnitOfMeasurePrice>
      <AllowDiscount>1</AllowDiscount>
      <ItemStatus>1</ItemStatus>
      <ItemId>145315</ItemId>
    </Item>
    <Item>
      <PriceUpdateDate>2025-09-08 08:13:37</PriceUpdateDate>
      <ItemCode>7290000238036</ItemCode>
      <ItemType>1</ItemType>
      <ItemName>מלווח מעדנות קופסא 7</ItemName>
      <ManufacturerName>קריות זול</ManufacturerName>
      <ManufactureCountry>לא ידוע</ManufactureCountry>
      <ManufacturerItemDescription>מלווח מעדנות קופסא 7</ManufacturerItemDescription>
      <UnitQty>לא ידוע</UnitQty>
      <Quantity>700.00</Quantity>
      <UnitOfMeasure>לא ידוע</UnitOfMeasure>
      <bIsWeighted>0</bIsWeighted>
      <QtyInPackage>לא ידוע</QtyInPackage>
      <ItemPrice>22.90</ItemPrice>
      <UnitOfMeasurePrice>0.0327</UnitOfMeasurePrice>
      <AllowDiscount>1</AllowDiscount>
      <ItemStatus>1</ItemStatus>
      <ItemId>145316</ItemId>
    </Item>
    <Item>
      <PriceUpdateDate>2025-08-19 11:27:33</PriceUpdateDate>
      <ItemCode>7290000238173</ItemCode>
      <ItemType>1</ItemType>
      <ItemName>בורקס גבינה מעדנות 8</ItemName>
      <ManufacturerName>קריות זול</ManufacturerName>
      <ManufactureCountry>לא ידוע</ManufactureCountry>
      <ManufacturerItemDescription>בורקס גבינה מעדנות 8</ManufacturerItemDescription>
      <UnitQty>לא ידוע</UnitQty>
      <Quantity>800.00</Quantity>
      <UnitOfMeasure>לא ידוע</UnitOfMeasure>
      <bIsWeighted>0</bIsWeighted>
      <QtyInPackage>לא ידוע</QtyInPackage>
      <ItemPrice>27.90</ItemPrice>
      <UnitOfMeasurePrice>0.0349</UnitOfMeasurePrice>
      <AllowDiscount>1</AllowDiscount>
      <ItemStatus>1</ItemStatus>
      <ItemId>145317</ItemId>
    </Item>
    <Item>
      <PriceUpdateDate>2025-08-19 11:28:27</PriceUpdateDate>
      <ItemCode>7290005559709</ItemCode>
      <ItemType>1</ItemType>
      <ItemName>בורקס פיצה מעדנות 70</ItemName>
      <ManufacturerName>קריות זול</ManufacturerName>
      <ManufactureCountry>לא ידוע</ManufactureCountry>
      <ManufacturerItemDescription>בורקס פיצה מעדנות 70</ManufacturerItemDescription>
      <UnitQty>לא ידוע</UnitQty>
      <Quantity>700.00</Quantity>
      <UnitOfMeasure>לא ידוע</UnitOfMeasure>
      <bIsWeighted>0</bIsWeighted>
      <QtyInPackage>לא ידוע</QtyInPackage>
      <ItemPrice>33.50</ItemPrice>
      <UnitOfMeasurePrice>0.0479</UnitOfMeasurePrice>
      <AllowDiscount>1</AllowDiscount>
      <ItemStatus>1</ItemStatus>
      <ItemId>145354</ItemId>
    </Item>
    <Item>
      <PriceUpdateDate>2025-08-19 11:28:29</PriceUpdateDate>
      <ItemCode>7290005559990</ItemCode>
      <ItemType>1</ItemType>
      <ItemName>בצק פילאס תורכי מעדנ</ItemName>
      <ManufacturerName>קריות זול</ManufacturerName>
      <ManufactureCountry>לא ידוע</ManufactureCountry>
      <ManufacturerItemDescription>בצק פילאס תורכי מעדנ</ManufacturerItemDescription>
      <UnitQty>לא ידוע</UnitQty>
      <Quantity>600.00</Quantity>
      <UnitOfMeasure>לא ידוע</UnitOfMeasure>
      <bIsWeighted>0</bIsWeighted>
      <QtyInPackage>לא ידוע</QtyInPackage>
      <ItemPrice>26.90</ItemPrice>
      <UnitOfMeasurePrice>0.0448</UnitOfMeasurePrice>
      <AllowDiscount>1</AllowDiscount>
      <ItemStatus>1</ItemStatus>
      <ItemId>145367</ItemId>
    </Item>
    <Item>
      <PriceUpdateDate>2025-09-08 08:13:38</PriceUpdateDate>
      <ItemCode>7290006271174</ItemCode>
      <ItemType>1</ItemType>
      <ItemName>גחנון לאפיה בתנור מע</ItemName>
      <ManufacturerName>קריות זול</ManufacturerName>
      <ManufactureCountry>לא ידוע</ManufactureCountry>
      <ManufacturerItemDescription>גחנון לאפיה בתנור מע</ManufacturerItemDescription>
      <UnitQty>לא ידוע</UnitQty>
      <Quantity>700.00</Quantity>
      <UnitOfMeasure>לא ידוע</UnitOfMeasure>
      <bIsWeighted>0</bIsWeighted>
      <QtyInPackage>לא ידוע</QtyInPackage>
      <ItemPrice>24.90</ItemPrice>
      <UnitOfMeasurePrice>0.0356</UnitOfMeasurePrice>
      <AllowDiscount>1</AllowDiscount>
      <ItemStatus>1</ItemStatus>
      <ItemId>145371</ItemId>
    </Item>
    <Item>
      <PriceUpdateDate>2025-08-19 11:28:29</PriceUpdateDate>
      <ItemCode>7290006271648</ItemCode>
      <ItemType>1</ItemType>
      <ItemName>מיני בורקס תפו"א מעד</ItemName>
      <ManufacturerName>קריות זול</ManufacturerName>
      <ManufactureCountry>לא ידוע</ManufactureCountry>
      <ManufacturerItemDescription>מיני בורקס תפו"א מעד</ManufacturerItemDescription>
      <UnitQty>לא ידוע</UnitQty>
      <Quantity>800.00</Quantity>
      <UnitOfMeasure>לא ידוע</UnitOfMeasure>
      <bIsWeighted>0</bIsWeighted>
      <QtyInPackage>לא ידוע</QtyInPackage>
      <ItemPrice>30.90</ItemPrice>
      <UnitOfMeasurePrice>0.0386</UnitOfMeasurePrice>
      <AllowDiscount>1</AllowDiscount>
      <ItemStatus>1</ItemStatus>
      <ItemId>145387</ItemId>
    </Item>
    <Item>
      <PriceUpdateDate>2025-08-19 11:28:30</PriceUpdateDate>
      <ItemCode>7290006271655</ItemCode>
      <ItemType>1</ItemType>
      <ItemName>מיני בורקס גבינה מעד</ItemName>
      <ManufacturerName>קריות זול</ManufacturerName>
      <ManufactureCountry>לא ידוע</ManufactureCountry>
      <ManufacturerItemDescription>מיני בורקס גבינה מעד</ManufacturerItemDescription>
      <UnitQty>לא ידוע</UnitQty>
      <Quantity>800.00</Quantity>
      <UnitOfMeasure>לא ידוע</UnitOfMeasure>
      <bIsWeighted>0</bIsWeighted>
      <QtyInPackage>לא ידוע</QtyInPackage>
      <ItemPrice>33.50</ItemPrice>
      <UnitOfMeasurePrice>0.0419</UnitOfMeasurePrice>
      <AllowDiscount>1</AllowDiscount>
      <ItemStatus>1</ItemStatus>
      <ItemId>145388</ItemId>
    </Item>
    <Item>
      <PriceUpdateDate>2025-08-19 11:28:35</PriceUpdateDate>
      <ItemCode>7290008409124</ItemCode>
      <ItemType>1</ItemType>
      <ItemName>שניצל גונגל פריך מאמ</ItemName>
      <ManufacturerName>קריות זול</ManufacturerName>
      <ManufactureCountry>לא ידוע</ManufactureCountry>
      <ManufacturerItemDescription>שניצל גונגל פריך מאמ</ManufacturerItemDescription>
      <UnitQty>לא ידוע</UnitQty>
      <Quantity>700.00</Quantity>
      <UnitOfMeasure>לא ידוע</UnitOfMeasure>
      <bIsWeighted>0</bIsWeighted>
      <QtyInPackage>לא ידוע</QtyInPackage>
      <ItemPrice>45.90</ItemPrice>
      <UnitOfMeasurePrice>0.0656</UnitOfMeasurePrice>
      <AllowDiscount>1</AllowDiscount>
      <ItemStatus>1</ItemStatus>
      <ItemId>145447</ItemId>
    </Item>
    <Item>
      <PriceUpdateDate>2025-10-15 08:06:23</PriceUpdateDate>
      <ItemCode>7290008409216</ItemCode>
      <ItemType>1</ItemType>
      <ItemName>שניצל דק פריך מאמא ע</ItemName>
      <ManufacturerName>לא ידוע</ManufacturerName>
      <ManufactureCountry>לא ידוע</ManufactureCountry>
      <ManufacturerItemDescription>שניצל דק פריך מאמא ע</ManufacturerItemDescription>
      <UnitQty>לא ידוע</UnitQty>
      <Quantity>700.00</Quantity>
      <UnitOfMeasure>לא ידוע</UnitOfMeasure>
      <bIsWeighted>0</bIsWeighted>
      <QtyInPackage>לא ידוע</QtyInPackage>
      <ItemPrice>49.90</ItemPrice>
      <UnitOfMeasurePrice>0.0713</UnitOfMeasurePrice>
      <AllowDiscount>1</AllowDiscount>
      <ItemStatus>1</ItemStatus>
      <ItemId>145452</ItemId>
    </Item>
    <Item>
      <PriceUpdateDate>2025-08-19 11:28:42</PriceUpdateDate>
      <ItemCode>7290008409582</ItemCode>
      <ItemType>1</ItemType>
      <ItemName>שניצל אמיתי ביתי מאמ</ItemName>
      <ManufacturerName>קריות זול</ManufacturerName>
      <ManufactureCountry>לא ידוע</ManufactureCountry>
      <ManufacturerItemDescription>שניצל אמיתי ביתי מאמ</ManufacturerItemDescription>
      <UnitQty>לא ידוע</UnitQty>
      <Quantity>700.00</Quantity>
      <UnitOfMeasure>לא ידוע</UnitOfMeasure>
      <bIsWeighted>0</bIsWeighted>
      <QtyInPackage>לא ידוע</QtyInPackage>
      <ItemPrice>49.90</ItemPrice>
      <UnitOfMeasurePrice>0.0713</UnitOfMeasurePrice>
      <AllowDiscount>1</AllowDiscount>
      <ItemStatus>1</ItemStatus>
      <ItemId>145476</ItemId>
    </Item>
    <Item>
      <PriceUpdateDate>2025-08-19 11:28:43</PriceUpdateDate>
      <ItemCode>7290008409773</ItemCode>
      <ItemType>1</ItemType>
      <ItemName>קציצות עוף ביתיות מא</ItemName>
      <ManufacturerName>קריות זול</ManufacturerName>
      <ManufactureCountry>לא ידוע</ManufactureCountry>
      <ManufacturerItemDescription>קציצות עוף ביתיות מא</ManufacturerItemDescription>
      <UnitQty>לא ידוע</UnitQty>
      <Quantity>700.00</Quantity>
      <UnitOfMeasure>לא ידוע</UnitOfMeasure>
      <bIsWeighted>0</bIsWeighted>
      <QtyInPackage>לא ידוע</QtyInPackage>
      <ItemPrice>40.90</ItemPrice>
      <UnitOfMeasurePrice>0.0584</UnitOfMeasurePrice>
      <AllowDiscount>1</AllowDiscount>
      <ItemStatus>1</ItemStatus>
      <ItemId>145488</ItemId>
    </Item>
    <Item>
      <PriceUpdateDate>2025-08-19 11:28:44</PriceUpdateDate>
      <ItemCode>7290011876388</ItemCode>
      <ItemType>1</ItemType>
      <ItemName>קציצות עוף ובקר מאמא</ItemName>
      <ManufacturerName>לא ידוע</ManufacturerName>
      <ManufactureCountry>לא ידוע</ManufactureCountry>
      <ManufacturerItemDescription>קציצות עוף ובקר מאמא</ManufacturerItemDescription>
      <UnitQty>לא ידוע</UnitQty>
      <Quantity>600.00</Quantity>
      <UnitOfMeasure>לא ידוע</UnitOfMeasure>
      <bIsWeighted>0</bIsWeighted>
      <QtyInPackage>לא ידוע</QtyInPackage>
      <ItemPrice>40.90</ItemPrice>
      <UnitOfMeasurePrice>0.0682</UnitOfMeasurePrice>
      <AllowDiscount>1</AllowDiscount>
      <ItemStatus>1</ItemStatus>
      <ItemId>145502</ItemId>
    </Item>
    <Item>
      <PriceUpdateDate>2025-08-19 11:28:44</PriceUpdateDate>
      <ItemCode>7290011876494</ItemCode>
      <ItemType>1</ItemType>
      <ItemName>שניצל עוף V תירס מאמ</ItemName>
      <ManufacturerName>קריות זול</ManufacturerName>
      <ManufactureCountry>לא ידוע</ManufactureCountry>
      <ManufacturerItemDescription>שניצל עוף V תירס מאמ</ManufacturerItemDescription>
      <UnitQty>לא ידוע</UnitQty>
      <Quantity>750.00</Quantity>
      <UnitOfMeasure>לא ידוע</UnitOfMeasure>
      <bIsWeighted>0</bIsWeighted>
      <QtyInPackage>לא ידוע</QtyInPackage>
      <ItemPrice>45.90</ItemPrice>
      <UnitOfMeasurePrice>0.0612</UnitOfMeasurePrice>
      <AllowDiscount>1</AllowDiscount>
      <ItemStatus>1</ItemStatus>
      <ItemId>145510</ItemId>
    </Item>
    <Item>
      <PriceUpdateDate>2025-08-19 11:28:48</PriceUpdateDate>
      <ItemCode>7290013117243</ItemCode>
      <ItemType>1</ItemType>
      <ItemName>בורקס פילו בולגרית מ</ItemName>
      <ManufacturerName>לא ידוע</ManufacturerName>
      <ManufactureCountry>לא ידוע</ManufactureCountry>
      <ManufacturerItemDescription>בורקס פילו בולגרית מ</ManufacturerItemDescription>
      <UnitQty>לא ידוע</UnitQty>
      <Quantity>600.00</Quantity>
      <UnitOfMeasure>לא ידוע</UnitOfMeasure>
      <bIsWeighted>0</bIsWeighted>
      <QtyInPackage>לא ידוע</QtyInPackage>
      <ItemPrice>28.50</ItemPrice>
      <UnitOfMeasurePrice>0.0475</UnitOfMeasurePrice>
      <AllowDiscount>1</AllowDiscount>
      <ItemStatus>1</ItemStatus>
      <ItemId>145532</ItemId>
    </Item>
    <Item>
      <PriceUpdateDate>2025-08-19 11:28:49</PriceUpdateDate>
      <ItemCode>7290013117427</ItemCode>
      <ItemType>1</ItemType>
      <ItemName>בצק פריך מרודד למאפי</ItemName>
      <ManufacturerName>לא ידוע</ManufacturerName>
      <ManufactureCountry>לא ידוע</ManufactureCountry>
      <ManufacturerItemDescription>בצק פריך מרודד למאפי</ManufacturerItemDescription>
      <UnitQty>לא ידוע</UnitQty>
      <Quantity>900.00</Quantity>
      <UnitOfMeasure>לא ידוע</UnitOfMeasure>
      <bIsWeighted>0</bIsWeighted>
      <QtyInPackage>לא ידוע</QtyInPackage>
      <ItemPrice>30.90</ItemPrice>
      <UnitOfMeasurePrice>0.0343</UnitOfMeasurePrice>
      <AllowDiscount>1</AllowDiscount>
      <ItemStatus>1</ItemStatus>
      <ItemId>145536</ItemId>
    </Item>
    <Item>
      <PriceUpdateDate>2025-05-05 07:30:59</PriceUpdateDate>
      <ItemCode>7290000046006</ItemCode>
      <ItemType>1</ItemType>
      <ItemName>עמק 28%  תנובה</ItemName>
      <ManufacturerName>לא ידוע</ManufacturerName>
      <ManufactureCountry>ישראל</ManufactureCountry>
      <ManufacturerItemDescription>עמק 28%  תנובה</ManufacturerItemDescription>
      <UnitQty>קילוגרמים</UnitQty>
      <Quantity>1.00</Quantity>
      <UnitOfMeasure>ק"ג</UnitOfMeasure>
      <bIsWeighted>1</bIsWeighted>
      <QtyInPackage>לא ידוע</QtyInPackage>
      <ItemPrice>52.30</ItemPrice>
      <UnitOfMeasurePrice>52.3000</UnitOfMeasurePrice>
      <AllowDiscount>1</AllowDiscount>
      <ItemStatus>1</ItemStatus>
      <ItemId>145596</ItemId>
    </Item>
    <Item>
      <PriceUpdateDate>2025-05-05 07:31:00</PriceUpdateDate>
      <ItemCode>7290000046020</ItemCode>
      <ItemType>1</ItemType>
      <ItemName>גלבוע 22% תנובה</ItemName>
      <ManufacturerName>קריות זול</ManufacturerName>
      <ManufactureCountry>ישראל</ManufactureCountry>
      <ManufacturerItemDescription>גלבוע 22% תנובה</ManufacturerItemDescription>
      <UnitQty>קילוגרמים</UnitQty>
      <Quantity>1.00</Quantity>
      <UnitOfMeasure>ק"ג</UnitOfMeasure>
      <bIsWeighted>1</bIsWeighted>
      <QtyInPackage>לא ידוע</QtyInPackage>
      <ItemPrice>49.72</ItemPrice>
      <UnitOfMeasurePrice>49.7200</UnitOfMeasurePrice>
      <AllowDiscount>1</AllowDiscount>
      <ItemStatus>1</ItemStatus>
      <ItemId>145597</ItemId>
    </Item>
    <Item>
      <PriceUpdateDate>2025-08-18 09:16:45</PriceUpdateDate>
      <ItemCode>7290000046501</ItemCode>
      <ItemType>1</ItemType>
      <ItemName>טל העמק חריץ 32% תנו</ItemName>
      <ManufacturerName>קריות זול</ManufacturerName>
      <ManufactureCountry>ישראל</ManufactureCountry>
      <ManufacturerItemDescription>טל העמק חריץ 32% תנו</ManufacturerItemDescription>
      <UnitQty>קילוגרמים</UnitQty>
      <Quantity>1.00</Quantity>
      <UnitOfMeasure>ק"ג</UnitOfMeasure>
      <bIsWeighted>1</bIsWeighted>
      <QtyInPackage>לא ידוע</QtyInPackage>
      <ItemPrice>68.90</ItemPrice>
      <UnitOfMeasurePrice>68.9000</UnitOfMeasurePrice>
      <AllowDiscount>1</AllowDiscount>
      <ItemStatus>1</ItemStatus>
      <ItemId>145602</ItemId>
    </Item>
    <Item>
      <PriceUpdateDate>2025-08-18 09:16:46</PriceUpdateDate>
      <ItemCode>7290000046662</ItemCode>
      <ItemType>1</ItemType>
      <ItemName>עמק סקנדינבית חריץ</ItemName>
      <ManufacturerName>קריות זול</ManufacturerName>
      <ManufactureCountry>ישראל</ManufactureCountry>
      <ManufacturerItemDescription>עמק סקנדינבית חריץ</ManufacturerItemDescription>
      <UnitQty>קילוגרמים</UnitQty>
      <Quantity>1.00</Quantity>
      <UnitOfMeasure>ק"ג</UnitOfMeasure>
      <bIsWeighted>1</bIsWeighted>
      <QtyInPackage>לא ידוע</QtyInPackage>
      <ItemPrice>89.00</ItemPrice>
      <UnitOfMeasurePrice>89.0000</UnitOfMeasurePrice>
      <AllowDiscount>1</AllowDiscount>
      <ItemStatus>1</ItemStatus>
      <ItemId>145608</ItemId>
    </Item>
    <Item>
      <PriceUpdateDate>2025-08-18 09:16:46</PriceUpdateDate>
      <ItemCode>7290000047485</ItemCode>
      <ItemType>1</ItemType>
      <ItemName>בולגרית 24% תנובה</ItemName>
      <ManufacturerName>לא ידוע</ManufacturerName>
      <ManufactureCountry>ישראל</ManufactureCountry>
      <ManufacturerItemDescription>בולגרית 24% תנובה</ManufacturerItemDescription>
      <UnitQty>קילוגרמים</UnitQty>
      <Quantity>1.00</Quantity>
      <UnitOfMeasure>ק"ג</UnitOfMeasure>
      <bIsWeighted>1</bIsWeighted>
      <QtyInPackage>לא ידוע</QtyInPackage>
      <ItemPrice>69.90</ItemPrice>
      <UnitOfMeasurePrice>69.9000</UnitOfMeasurePrice>
      <AllowDiscount>1</AllowDiscount>
      <ItemStatus>1</ItemStatus>
      <ItemId>145613</ItemId>
    </Item>
    <Item>
      <PriceUpdateDate>2025-08-18 09:16:48</PriceUpdateDate>
      <ItemCode>7290004122607</ItemCode>
      <ItemType>1</ItemType>
      <ItemName>עמק לייט חריץ 9% תנו</ItemName>
      <ManufacturerName>לא ידוע</ManufacturerName>
      <ManufactureCountry>ישראל</ManufactureCountry>
      <ManufacturerItemDescription>עמק לייט חריץ 9% תנו</ManufacturerItemDescription>
      <UnitQty>קילוגרמים</UnitQty>
      <Quantity>1.00</Quantity>
      <UnitOfMeasure>ק"ג</UnitOfMeasure>
      <bIsWeighted>1</bIsWeighted>
      <QtyInPackage>לא ידוע</QtyInPackage>
      <ItemPrice>92.00</ItemPrice>
      <UnitOfMeasurePrice>92.0000</UnitOfMeasurePrice>
      <AllowDiscount>1</AllowDiscount>
      <ItemStatus>1</ItemStatus>
      <ItemId>145622</ItemId>
    </Item>
    <Item>
      <PriceUpdateDate>2025-05-05 07:31:00</PriceUpdateDate>
      <ItemCode>72961209</ItemCode>
      <ItemType>1</ItemType>
      <ItemName>שמנת חמוצה 15% 200מל</ItemName>
      <ManufacturerName>לא ידוע</ManufacturerName>
      <ManufactureCountry>לא ידוע</ManufactureCountry>
      <ManufacturerItemDescription>שמנת חמוצה 15% 200מל</ManufacturerItemDescription>
      <UnitQty>לא ידוע</UnitQty>
      <Quantity>200.00</Quantity>
      <UnitOfMeasure>לא ידוע</UnitOfMeasure>
      <bIsWeighted>0</bIsWeighted>
      <QtyInPackage>לא ידוע</QtyInPackage>
      <ItemPrice>2.81</ItemPrice>
      <UnitOfMeasurePrice>0.0141</UnitOfMeasurePrice>
      <AllowDiscount>1</AllowDiscount>
      <ItemStatus>1</ItemStatus>
      <ItemId>145636</ItemId>
    </Item>
    <Item>
      <PriceUpdateDate>2025-08-26 11:47:47</PriceUpdateDate>
      <ItemCode>72961506</ItemCode>
      <ItemType>1</ItemType>
      <ItemName>פרילי תות 1.5% שומן</ItemName>
      <ManufacturerName>קריות זול</ManufacturerName>
      <ManufactureCountry>לא ידוע</ManufactureCountry>
      <ManufacturerItemDescription>פרילי תות 1.5% שומן</ManufacturerItemDescription>
      <UnitQty>לא ידוע</UnitQty>
      <Quantity>125.00</Quantity>
      <UnitOfMeasure>לא ידוע</UnitOfMeasure>
      <bIsWeighted>0</bIsWeighted>
      <QtyInPackage>לא ידוע</QtyInPackage>
      <ItemPrice>4.80</ItemPrice>
      <UnitOfMeasurePrice>0.0384</UnitOfMeasurePrice>
      <AllowDiscount>1</AllowDiscount>
      <ItemStatus>1</ItemStatus>
      <ItemId>145639</ItemId>
    </Item>
    <Item>
      <PriceUpdateDate>2025-08-26 11:47:48</PriceUpdateDate>
      <ItemCode>72961520</ItemCode>
      <ItemType>1</ItemType>
      <ItemName>יוגורט עם אננס 1.5%</ItemName>
      <ManufacturerName>קריות זול</ManufacturerName>
      <ManufactureCountry>לא ידוע</ManufactureCountry>
      <ManufacturerItemDescription>יוגורט עם אננס 1.5%</ManufacturerItemDescription>
      <UnitQty>לא ידוע</UnitQty>
      <Quantity>125.00</Quantity>
      <UnitOfMeasure>לא ידוע</UnitOfMeasure>
      <bIsWeighted>0</bIsWeighted>
      <QtyInPackage>לא ידוע</QtyInPackage>
      <ItemPrice>4.80</ItemPrice>
      <UnitOfMeasurePrice>0.0384</UnitOfMeasurePrice>
      <AllowDiscount>1</AllowDiscount>
      <ItemStatus>1</ItemStatus>
      <ItemId>145641</ItemId>
    </Item>
    <Item>
      <PriceUpdateDate>2025-08-26 11:47:51</PriceUpdateDate>
      <ItemCode>72963753</ItemCode>
      <ItemType>1</ItemType>
      <ItemName>27% שמנת של פעם חמוצ</ItemName>
      <ManufacturerName>קריות זול</ManufacturerName>
      <ManufactureCountry>לא ידוע</ManufactureCountry>
      <ManufacturerItemDescription>27% שמנת של פעם חמוצ</ManufacturerItemDescription>
      <UnitQty>לא ידוע</UnitQty>
      <Quantity>200.00</Quantity>
      <UnitOfMeasure>לא ידוע</UnitOfMeasure>
      <bIsWeighted>0</bIsWeighted>
      <QtyInPackage>לא ידוע</QtyInPackage>
      <ItemPrice>5.60</ItemPrice>
      <UnitOfMeasurePrice>0.0280</UnitOfMeasurePrice>
      <AllowDiscount>1</AllowDiscount>
      <ItemStatus>1</ItemStatus>
      <ItemId>145649</ItemId>
    </Item>
    <Item>
      <PriceUpdateDate>2025-08-27 09:53:21</PriceUpdateDate>
      <ItemCode>7290002814054</ItemCode>
      <ItemType>1</ItemType>
      <ItemName>אנטרטיק במתז 1 ליטר</ItemName>
      <ManufacturerName>לא ידוע</ManufacturerName>
      <ManufactureCountry>לא ידוע</ManufactureCountry>
      <ManufacturerItemDescription>אנטרטיק במתז 1 ליטר</ManufacturerItemDescription>
      <UnitQty>ליטרים</UnitQty>
      <Quantity>1.00</Quantity>
      <UnitOfMeasure>ליטר    </UnitOfMeasure>
      <bIsWeighted>0</bIsWeighted>
      <QtyInPackage>לא ידוע</QtyInPackage>
      <ItemPrice>14.90</ItemPrice>
      <UnitOfMeasurePrice>14.9000</UnitOfMeasurePrice>
      <AllowDiscount>1</AllowDiscount>
      <ItemStatus>1</ItemStatus>
      <ItemId>213547</ItemId>
    </Item>
    <Item>
      <PriceUpdateDate>2025-05-19 11:46:24</PriceUpdateDate>
      <ItemCode>72964132</ItemCode>
      <ItemType>1</ItemType>
      <ItemName>פרילי טבעי עם גרנולה</ItemName>
      <ManufacturerName>קריות זול</ManufacturerName>
      <ManufactureCountry>לא ידוע</ManufactureCountry>
      <ManufacturerItemDescription>פרילי טבעי עם גרנולה</ManufacturerItemDescription>
      <UnitQty>לא ידוע</UnitQty>
      <Quantity>150.00</Quantity>
      <UnitOfMeasure>לא ידוע</UnitOfMeasure>
      <bIsWeighted>0</bIsWeighted>
      <QtyInPackage>לא ידוע</QtyInPackage>
      <ItemPrice>6.10</ItemPrice>
      <UnitOfMeasurePrice>0.0407</UnitOfMeasurePrice>
      <AllowDiscount>1</AllowDiscount>
      <ItemStatus>1</ItemStatus>
      <ItemId>145651</ItemId>
    </Item>
    <Item>
      <PriceUpdateDate>2025-08-26 11:47:52</PriceUpdateDate>
      <ItemCode>72964422</ItemCode>
      <ItemType>1</ItemType>
      <ItemName>יוגורט תנובה 4.5% שו</ItemName>
      <ManufacturerName>קריות זול</ManufacturerName>
      <ManufactureCountry>לא ידוע</ManufactureCountry>
      <ManufacturerItemDescription>יוגורט תנובה 4.5% שו</ManufacturerItemDescription>
      <UnitQty>לא ידוע</UnitQty>
      <Quantity>200.00</Quantity>
      <UnitOfMeasure>לא ידוע</UnitOfMeasure>
      <bIsWeighted>0</bIsWeighted>
      <QtyInPackage>לא ידוע</QtyInPackage>
      <ItemPrice>4.10</ItemPrice>
      <UnitOfMeasurePrice>0.0205</UnitOfMeasurePrice>
      <AllowDiscount>1</AllowDiscount>
      <ItemStatus>1</ItemStatus>
      <ItemId>145652</ItemId>
    </Item>
    <Item>
      <PriceUpdateDate>2025-08-19 11:24:13</PriceUpdateDate>
      <ItemCode>7290000040042</ItemCode>
      <ItemType>1</ItemType>
      <ItemName>יופלה תות שובב 3% 15</ItemName>
      <ManufacturerName>קריות זול</ManufacturerName>
      <ManufactureCountry>לא ידוע</ManufactureCountry>
      <ManufacturerItemDescription>יופלה תות שובב 3% 15</ManufacturerItemDescription>
      <UnitQty>לא ידוע</UnitQty>
      <Quantity>150.00</Quantity>
      <UnitOfMeasure>לא ידוע</UnitOfMeasure>
      <bIsWeighted>0</bIsWeighted>
      <QtyInPackage>לא ידוע</QtyInPackage>
      <ItemPrice>6.20</ItemPrice>
      <UnitOfMeasurePrice>0.0413</UnitOfMeasurePrice>
      <AllowDiscount>1</AllowDiscount>
      <ItemStatus>1</ItemStatus>
      <ItemId>145658</ItemId>
    </Item>
    <Item>
      <PriceUpdateDate>2025-08-19 11:24:14</PriceUpdateDate>
      <ItemCode>7290000040066</ItemCode>
      <ItemType>1</ItemType>
      <ItemName>יופלה דובדבן פראי 3%</ItemName>
      <ManufacturerName>קריות זול</ManufacturerName>
      <ManufactureCountry>לא ידוע</ManufactureCountry>
      <ManufacturerItemDescription>יופלה דובדבן פראי 3%</ManufacturerItemDescription>
      <UnitQty>לא ידוע</UnitQty>
      <Quantity>150.00</Quantity>
      <UnitOfMeasure>לא ידוע</UnitOfMeasure>
      <bIsWeighted>0</bIsWeighted>
      <QtyInPackage>לא ידוע</QtyInPackage>
      <ItemPrice>6.20</ItemPrice>
      <UnitOfMeasurePrice>0.0413</UnitOfMeasurePrice>
      <AllowDiscount>1</AllowDiscount>
      <ItemStatus>1</ItemStatus>
      <ItemId>145660</ItemId>
    </Item>
    <Item>
      <PriceUpdateDate>2025-08-19 11:24:15</PriceUpdateDate>
      <ItemCode>7290000040080</ItemCode>
      <ItemType>1</ItemType>
      <ItemName>יופלה אפרסק מאוהב 3%</ItemName>
      <ManufacturerName>קריות זול</ManufacturerName>
      <ManufactureCountry>לא ידוע</ManufactureCountry>
      <ManufacturerItemDescription>יופלה אפרסק מאוהב 3%</ManufacturerItemDescription>
      <UnitQty>לא ידוע</UnitQty>
      <Quantity>150.00</Quantity>
      <UnitOfMeasure>לא ידוע</UnitOfMeasure>
      <bIsWeighted>0</bIsWeighted>
      <QtyInPackage>לא ידוע</QtyInPackage>
      <ItemPrice>6.20</ItemPrice>
      <UnitOfMeasurePrice>0.0413</UnitOfMeasurePrice>
      <AllowDiscount>1</AllowDiscount>
      <ItemStatus>1</ItemStatus>
      <ItemId>145661</ItemId>
    </Item>
    <Item>
      <PriceUpdateDate>2025-08-19 11:24:15</PriceUpdateDate>
      <ItemCode>7290000040462</ItemCode>
      <ItemType>1</ItemType>
      <ItemName>מותכת טוסטי אמריקאי</ItemName>
      <ManufacturerName>קריות זול</ManufacturerName>
      <ManufactureCountry>לא ידוע</ManufactureCountry>
      <ManufacturerItemDescription>מותכת טוסטי אמריקאי</ManufacturerItemDescription>
      <UnitQty>לא ידוע</UnitQty>
      <Quantity>200.00</Quantity>
      <UnitOfMeasure>לא ידוע</UnitOfMeasure>
      <bIsWeighted>0</bIsWeighted>
      <QtyInPackage>לא ידוע</QtyInPackage>
      <ItemPrice>24.50</ItemPrice>
      <UnitOfMeasurePrice>0.1225</UnitOfMeasurePrice>
      <AllowDiscount>1</AllowDiscount>
      <ItemStatus>1</ItemStatus>
      <ItemId>145667</ItemId>
    </Item>
    <Item>
      <PriceUpdateDate>2025-08-19 11:24:16</PriceUpdateDate>
      <ItemCode>7290000040974</ItemCode>
      <ItemType>1</ItemType>
      <ItemName>חלב קרטון דל לקטוז ת</ItemName>
      <ManufacturerName>לא ידוע</ManufacturerName>
      <ManufactureCountry>לא ידוע</ManufactureCountry>
      <ManufacturerItemDescription>חלב קרטון דל לקטוז ת</ManufacturerItemDescription>
      <UnitQty>לא ידוע</UnitQty>
      <Quantity>1000.00</Quantity>
      <UnitOfMeasure>לא ידוע</UnitOfMeasure>
      <bIsWeighted>0</bIsWeighted>
      <QtyInPackage>לא ידוע</QtyInPackage>
      <ItemPrice>9.60</ItemPrice>
      <UnitOfMeasurePrice>0.0096</UnitOfMeasurePrice>
      <AllowDiscount>1</AllowDiscount>
      <ItemStatus>1</ItemStatus>
      <ItemId>145668</ItemId>
    </Item>
    <Item>
      <PriceUpdateDate>2025-05-05 07:31:01</PriceUpdateDate>
      <ItemCode>7290000041407</ItemCode>
      <ItemType>1</ItemType>
      <ItemName>גיל 125 גרם תנובה</ItemName>
      <ManufacturerName>קריות זול</ManufacturerName>
      <ManufactureCountry>לא ידוע</ManufactureCountry>
      <ManufacturerItemDescription>גיל 125 גרם תנובה</ManufacturerItemDescription>
      <UnitQty>לא ידוע</UnitQty>
      <Quantity>125.00</Quantity>
      <UnitOfMeasure>לא ידוע</UnitOfMeasure>
      <bIsWeighted>0</bIsWeighted>
      <QtyInPackage>לא ידוע</QtyInPackage>
      <ItemPrice>1.10</ItemPrice>
      <UnitOfMeasurePrice>0.0088</UnitOfMeasurePrice>
      <AllowDiscount>1</AllowDiscount>
      <ItemStatus>1</ItemStatus>
      <ItemId>145669</ItemId>
    </Item>
    <Item>
      <PriceUpdateDate>2025-05-19 11:45:26</PriceUpdateDate>
      <ItemCode>7290000041445</ItemCode>
      <ItemType>1</ItemType>
      <ItemName>קוטג' 5% בדצ 250גר</ItemName>
      <ManufacturerName>קריות זול</ManufacturerName>
      <ManufactureCountry>לא ידוע</ManufactureCountry>
      <ManufacturerItemDescription>קוטג' 5% בדצ 250גר</ManufacturerItemDescription>
      <UnitQty>לא ידוע</UnitQty>
      <Quantity>250.00</Quantity>
      <UnitOfMeasure>לא ידוע</UnitOfMeasure>
      <bIsWeighted>0</bIsWeighted>
      <QtyInPackage>לא ידוע</QtyInPackage>
      <ItemPrice>6.50</ItemPrice>
      <UnitOfMeasurePrice>0.0260</UnitOfMeasurePrice>
      <AllowDiscount>1</AllowDiscount>
      <ItemStatus>1</ItemStatus>
      <ItemId>145670</ItemId>
    </Item>
    <Item>
      <PriceUpdateDate>2025-05-19 11:45:26</PriceUpdateDate>
      <ItemCode>7290000041452</ItemCode>
      <ItemType>1</ItemType>
      <ItemName>קוטג' 9% בדצ 250גר</ItemName>
      <ManufacturerName>קריות זול</ManufacturerName>
      <ManufactureCountry>לא ידוע</ManufactureCountry>
      <ManufacturerItemDescription>קוטג' 9% בדצ 250גר</ManufacturerItemDescription>
      <UnitQty>לא ידוע</UnitQty>
      <Quantity>250.00</Quantity>
      <UnitOfMeasure>לא ידוע</UnitOfMeasure>
      <bIsWeighted>0</bIsWeighted>
      <QtyInPackage>לא ידוע</QtyInPackage>
      <ItemPrice>6.50</ItemPrice>
      <UnitOfMeasurePrice>0.0260</UnitOfMeasurePrice>
      <AllowDiscount>1</AllowDiscount>
      <ItemStatus>1</ItemStatus>
      <ItemId>145671</ItemId>
    </Item>
    <Item>
      <PriceUpdateDate>2025-05-05 07:31:03</PriceUpdateDate>
      <ItemCode>7290000042435</ItemCode>
      <ItemType>1</ItemType>
      <ItemName>חלב מפוסטר 1% בקרטון</ItemName>
      <ManufacturerName>קריות זול</ManufacturerName>
      <ManufactureCountry>לא ידוע</ManufactureCountry>
      <ManufacturerItemDescription>חלב מפוסטר 1% בקרטון</ManufacturerItemDescription>
      <UnitQty>לא ידוע</UnitQty>
      <Quantity>1000.00</Quantity>
      <UnitOfMeasure>לא ידוע</UnitOfMeasure>
      <bIsWeighted>0</bIsWeighted>
      <QtyInPackage>לא ידוע</QtyInPackage>
      <ItemPrice>6.85</ItemPrice>
      <UnitOfMeasurePrice>0.0068</UnitOfMeasurePrice>
      <AllowDiscount>1</AllowDiscount>
      <ItemStatus>1</ItemStatus>
      <ItemId>145682</ItemId>
    </Item>
    <Item>
      <PriceUpdateDate>2025-05-05 07:31:03</PriceUpdateDate>
      <ItemCode>7290000042442</ItemCode>
      <ItemType>1</ItemType>
      <ItemName>חלב בקרטון תנובה 3%</ItemName>
      <ManufacturerName>קריות זול</ManufacturerName>
      <ManufactureCountry>לא ידוע</ManufactureCountry>
      <ManufacturerItemDescription>חלב בקרטון תנובה 3%</ManufacturerItemDescription>
      <UnitQty>לא ידוע</UnitQty>
      <Quantity>1000.00</Quantity>
      <UnitOfMeasure>לא ידוע</UnitOfMeasure>
      <bIsWeighted>0</bIsWeighted>
      <QtyInPackage>לא ידוע</QtyInPackage>
      <ItemPrice>7.28</ItemPrice>
      <UnitOfMeasurePrice>0.0073</UnitOfMeasurePrice>
      <AllowDiscount>1</AllowDiscount>
      <ItemStatus>1</ItemStatus>
      <ItemId>145683</ItemId>
    </Item>
    <Item>
      <PriceUpdateDate>2025-08-19 11:24:21</PriceUpdateDate>
      <ItemCode>7290000043111</ItemCode>
      <ItemType>1</ItemType>
      <ItemName>חמאה תנובה 200 גרם</ItemName>
      <ManufacturerName>קריות זול</ManufacturerName>
      <ManufactureCountry>לא ידוע</ManufactureCountry>
      <ManufacturerItemDescription>חמאה תנובה 200 גרם</ManufacturerItemDescription>
      <UnitQty>לא ידוע</UnitQty>
      <Quantity>200.00</Quantity>
      <UnitOfMeasure>לא ידוע</UnitOfMeasure>
      <bIsWeighted>0</bIsWeighted>
      <QtyInPackage>לא ידוע</QtyInPackage>
      <ItemPrice>10.70</ItemPrice>
      <UnitOfMeasurePrice>0.0535</UnitOfMeasurePrice>
      <AllowDiscount>1</AllowDiscount>
      <ItemStatus>1</ItemStatus>
      <ItemId>145695</ItemId>
    </Item>
    <Item>
      <PriceUpdateDate>2025-05-05 07:31:03</PriceUpdateDate>
      <ItemCode>7290000043814</ItemCode>
      <ItemType>1</ItemType>
      <ItemName>השף הלבן שמנת עמידה</ItemName>
      <ManufacturerName>קריות זול</ManufacturerName>
      <ManufactureCountry>לא ידוע</ManufactureCountry>
      <ManufacturerItemDescription>השף הלבן שמנת עמידה</ManufacturerItemDescription>
      <UnitQty>לא ידוע</UnitQty>
      <Quantity>250.00</Quantity>
      <UnitOfMeasure>לא ידוע</UnitOfMeasure>
      <bIsWeighted>0</bIsWeighted>
      <QtyInPackage>לא ידוע</QtyInPackage>
      <ItemPrice>7.56</ItemPrice>
      <UnitOfMeasurePrice>0.0302</UnitOfMeasurePrice>
      <AllowDiscount>1</AllowDiscount>
      <ItemStatus>1</ItemStatus>
      <ItemId>145697</ItemId>
    </Item>
    <Item>
      <PriceUpdateDate>2025-12-03 10:55:46</PriceUpdateDate>
      <ItemCode>7290000043890</ItemCode>
      <ItemType>1</ItemType>
      <ItemName>רויון תנובה 1.5% 1לי</ItemName>
      <ManufacturerName>קריות זול</ManufacturerName>
      <ManufactureCountry>לא ידוע</ManufactureCountry>
      <ManufacturerItemDescription>רויון תנובה 1.5% 1לי</ManufacturerItemDescription>
      <UnitQty>לא ידוע</UnitQty>
      <Quantity>1000.00</Quantity>
      <UnitOfMeasure>לא ידוע</UnitOfMeasure>
      <bIsWeighted>0</bIsWeighted>
      <QtyInPackage>לא ידוע</QtyInPackage>
      <ItemPrice>13.90</ItemPrice>
      <UnitOfMeasurePrice>0.0139</UnitOfMeasurePrice>
      <AllowDiscount>1</AllowDiscount>
      <ItemStatus>1</ItemStatus>
      <ItemId>145699</ItemId>
    </Item>
    <Item>
      <PriceUpdateDate>2025-08-19 11:24:23</PriceUpdateDate>
      <ItemCode>7290000043944</ItemCode>
      <ItemType>1</ItemType>
      <ItemName>יוגורט כדים תנובה 1.</ItemName>
      <ManufacturerName>קריות זול</ManufacturerName>
      <ManufactureCountry>לא ידוע</ManufactureCountry>
      <ManufacturerItemDescription>יוגורט כדים תנובה 1.</ManufacturerItemDescription>
      <UnitQty>לא ידוע</UnitQty>
      <Quantity>1500.00</Quantity>
      <UnitOfMeasure>לא ידוע</UnitOfMeasure>
      <bIsWeighted>0</bIsWeighted>
      <QtyInPackage>לא ידוע</QtyInPackage>
      <ItemPrice>22.80</ItemPrice>
      <UnitOfMeasurePrice>0.0152</UnitOfMeasurePrice>
      <AllowDiscount>1</AllowDiscount>
      <ItemStatus>1</ItemStatus>
      <ItemId>145700</ItemId>
    </Item>
    <Item>
      <PriceUpdateDate>2025-08-19 11:24:24</PriceUpdateDate>
      <ItemCode>7290000044248</ItemCode>
      <ItemType>1</ItemType>
      <ItemName>רויון 1.5% תנובה 500</ItemName>
      <ManufacturerName>קריות זול</ManufacturerName>
      <ManufactureCountry>לא ידוע</ManufactureCountry>
      <ManufacturerItemDescription>רויון 1.5% תנובה 500</ManufacturerItemDescription>
      <UnitQty>לא ידוע</UnitQty>
      <Quantity>500.00</Quantity>
      <UnitOfMeasure>לא ידוע</UnitOfMeasure>
      <bIsWeighted>0</bIsWeighted>
      <QtyInPackage>לא ידוע</QtyInPackage>
      <ItemPrice>9.10</ItemPrice>
      <UnitOfMeasurePrice>0.0182</UnitOfMeasurePrice>
      <AllowDiscount>1</AllowDiscount>
      <ItemStatus>1</ItemStatus>
      <ItemId>145705</ItemId>
    </Item>
    <Item>
      <PriceUpdateDate>2025-08-19 11:24:25</PriceUpdateDate>
      <ItemCode>7290000044712</ItemCode>
      <ItemType>1</ItemType>
      <ItemName>יוגורט פרילי תות 1.5</ItemName>
      <ManufacturerName>קריות זול</ManufacturerName>
      <ManufactureCountry>לא ידוע</ManufactureCountry>
      <ManufacturerItemDescription>יוגורט פרילי תות 1.5</ManufacturerItemDescription>
      <UnitQty>לא ידוע</UnitQty>
      <Quantity>500.00</Quantity>
      <UnitOfMeasure>לא ידוע</UnitOfMeasure>
      <bIsWeighted>0</bIsWeighted>
      <QtyInPackage>לא ידוע</QtyInPackage>
      <ItemPrice>13.90</ItemPrice>
      <UnitOfMeasurePrice>0.0278</UnitOfMeasurePrice>
      <AllowDiscount>1</AllowDiscount>
      <ItemStatus>1</ItemStatus>
      <ItemId>145706</ItemId>
    </Item>
    <Item>
      <PriceUpdateDate>2025-08-19 11:24:25</PriceUpdateDate>
      <ItemCode>7290000044880</ItemCode>
      <ItemType>1</ItemType>
      <ItemName>יוגורט באדי בטעם תות</ItemName>
      <ManufacturerName>קריות זול</ManufacturerName>
      <ManufactureCountry>לא ידוע</ManufactureCountry>
      <ManufacturerItemDescription>יוגורט באדי בטעם תות</ManufacturerItemDescription>
      <UnitQty>לא ידוע</UnitQty>
      <Quantity>500.00</Quantity>
      <UnitOfMeasure>לא ידוע</UnitOfMeasure>
      <bIsWeighted>0</bIsWeighted>
      <QtyInPackage>לא ידוע</QtyInPackage>
      <ItemPrice>11.60</ItemPrice>
      <UnitOfMeasurePrice>0.0232</UnitOfMeasurePrice>
      <AllowDiscount>1</AllowDiscount>
      <ItemStatus>1</ItemStatus>
      <ItemId>145708</ItemId>
    </Item>
    <Item>
      <PriceUpdateDate>2025-08-19 11:24:27</PriceUpdateDate>
      <ItemCode>7290000045580</ItemCode>
      <ItemType>1</ItemType>
      <ItemName>גבינת חורש 16 יחידות</ItemName>
      <ManufacturerName>קריות זול</ManufacturerName>
      <ManufactureCountry>לא ידוע</ManufactureCountry>
      <ManufacturerItemDescription>גבינת חורש 16 יחידות</ManufacturerItemDescription>
      <UnitQty>לא ידוע</UnitQty>
      <Quantity>240.00</Quantity>
      <UnitOfMeasure>לא ידוע</UnitOfMeasure>
      <bIsWeighted>0</bIsWeighted>
      <QtyInPackage>לא ידוע</QtyInPackage>
      <ItemPrice>24.50</ItemPrice>
      <UnitOfMeasurePrice>0.1021</UnitOfMeasurePrice>
      <AllowDiscount>1</AllowDiscount>
      <ItemStatus>1</ItemStatus>
      <ItemId>145711</ItemId>
    </Item>
    <Item>
      <PriceUpdateDate>2025-08-19 11:24:28</PriceUpdateDate>
      <ItemCode>7290000045917</ItemCode>
      <ItemType>1</ItemType>
      <ItemName>פרומעז גבינת עזים 23</ItemName>
      <ManufacturerName>קריות זול</ManufacturerName>
      <ManufactureCountry>לא ידוע</ManufactureCountry>
      <ManufacturerItemDescription>פרומעז גבינת עזים 23</ManufacturerItemDescription>
      <UnitQty>לא ידוע</UnitQty>
      <Quantity>200.00</Quantity>
      <UnitOfMeasure>לא ידוע</UnitOfMeasure>
      <bIsWeighted>0</bIsWeighted>
      <QtyInPackage>לא ידוע</QtyInPackage>
      <ItemPrice>32.40</ItemPrice>
      <UnitOfMeasurePrice>0.1620</UnitOfMeasurePrice>
      <AllowDiscount>1</AllowDiscount>
      <ItemStatus>1</ItemStatus>
      <ItemId>145713</ItemId>
    </Item>
    <Item>
      <PriceUpdateDate>2025-05-19 11:45:28</PriceUpdateDate>
      <ItemCode>7290000046327</ItemCode>
      <ItemType>1</ItemType>
      <ItemName>צהובה גלבוע 22% 200</ItemName>
      <ManufacturerName>קריות זול</ManufacturerName>
      <ManufactureCountry>לא ידוע</ManufactureCountry>
      <ManufacturerItemDescription>צהובה גלבוע 22% 200</ManufacturerItemDescription>
      <UnitQty>לא ידוע</UnitQty>
      <Quantity>200.00</Quantity>
      <UnitOfMeasure>לא ידוע</UnitOfMeasure>
      <bIsWeighted>0</bIsWeighted>
      <QtyInPackage>לא ידוע</QtyInPackage>
      <ItemPrice>16.50</ItemPrice>
      <UnitOfMeasurePrice>0.0825</UnitOfMeasurePrice>
      <AllowDiscount>1</AllowDiscount>
      <ItemStatus>1</ItemStatus>
      <ItemId>145716</ItemId>
    </Item>
    <Item>
      <PriceUpdateDate>2025-05-19 11:45:28</PriceUpdateDate>
      <ItemCode>7290000047546</ItemCode>
      <ItemType>1</ItemType>
      <ItemName>גבינה לבנה ללא תוספת</ItemName>
      <ManufacturerName>קריות זול</ManufacturerName>
      <ManufactureCountry>לא ידוע</ManufactureCountry>
      <ManufacturerItemDescription>גבינה לבנה ללא תוספת</ManufacturerItemDescription>
      <UnitQty>לא ידוע</UnitQty>
      <Quantity>500.00</Quantity>
      <UnitOfMeasure>לא ידוע</UnitOfMeasure>
      <bIsWeighted>0</bIsWeighted>
      <QtyInPackage>לא ידוע</QtyInPackage>
      <ItemPrice>30.90</ItemPrice>
      <UnitOfMeasurePrice>0.0618</UnitOfMeasurePrice>
      <AllowDiscount>1</AllowDiscount>
      <ItemStatus>1</ItemStatus>
      <ItemId>145720</ItemId>
    </Item>
    <Item>
      <PriceUpdateDate>2025-08-19 11:24:29</PriceUpdateDate>
      <ItemCode>7290000047942</ItemCode>
      <ItemType>1</ItemType>
      <ItemName>גבינה לבנה 9% בדצ 25</ItemName>
      <ManufacturerName>קריות זול</ManufacturerName>
      <ManufactureCountry>לא ידוע</ManufactureCountry>
      <ManufacturerItemDescription>גבינה לבנה 9% בדצ 25</ManufacturerItemDescription>
      <UnitQty>לא ידוע</UnitQty>
      <Quantity>250.00</Quantity>
      <UnitOfMeasure>לא ידוע</UnitOfMeasure>
      <bIsWeighted>0</bIsWeighted>
      <QtyInPackage>לא ידוע</QtyInPackage>
      <ItemPrice>6.30</ItemPrice>
      <UnitOfMeasurePrice>0.0252</UnitOfMeasurePrice>
      <AllowDiscount>1</AllowDiscount>
      <ItemStatus>1</ItemStatus>
      <ItemId>145724</ItemId>
    </Item>
    <Item>
      <PriceUpdateDate>2025-05-05 07:31:03</PriceUpdateDate>
      <ItemCode>7290000048185</ItemCode>
      <ItemType>1</ItemType>
      <ItemName>גבינה לבנה 5% תנובה</ItemName>
      <ManufacturerName>קריות זול</ManufacturerName>
      <ManufactureCountry>לא ידוע</ManufactureCountry>
      <ManufacturerItemDescription>גבינה לבנה 5% תנובה</ManufacturerItemDescription>
      <UnitQty>לא ידוע</UnitQty>
      <Quantity>250.00</Quantity>
      <UnitOfMeasure>לא ידוע</UnitOfMeasure>
      <bIsWeighted>0</bIsWeighted>
      <QtyInPackage>לא ידוע</QtyInPackage>
      <ItemPrice>5.81</ItemPrice>
      <UnitOfMeasurePrice>0.0232</UnitOfMeasurePrice>
      <AllowDiscount>1</AllowDiscount>
      <ItemStatus>1</ItemStatus>
      <ItemId>145725</ItemId>
    </Item>
    <Item>
      <PriceUpdateDate>2025-08-19 11:24:31</PriceUpdateDate>
      <ItemCode>7290000048192</ItemCode>
      <ItemType>1</ItemType>
      <ItemName>גבינה לבנה 9% תנובה</ItemName>
      <ManufacturerName>קריות זול</ManufacturerName>
      <ManufactureCountry>לא ידוע</ManufactureCountry>
      <ManufacturerItemDescription>גבינה לבנה 9% תנובה</ManufacturerItemDescription>
      <UnitQty>לא ידוע</UnitQty>
      <Quantity>250.00</Quantity>
      <UnitOfMeasure>לא ידוע</UnitOfMeasure>
      <bIsWeighted>0</bIsWeighted>
      <QtyInPackage>לא ידוע</QtyInPackage>
      <ItemPrice>6.30</ItemPrice>
      <UnitOfMeasurePrice>0.0252</UnitOfMeasurePrice>
      <AllowDiscount>1</AllowDiscount>
      <ItemStatus>1</ItemStatus>
      <ItemId>145726</ItemId>
    </Item>
    <Item>
      <PriceUpdateDate>2025-08-19 11:24:31</PriceUpdateDate>
      <ItemCode>7290000048307</ItemCode>
      <ItemType>1</ItemType>
      <ItemName>גבינת קוטג׳ 5% עם זי</ItemName>
      <ManufacturerName>קריות זול</ManufacturerName>
      <ManufactureCountry>לא ידוע</ManufactureCountry>
      <ManufacturerItemDescription>גבינת קוטג׳ 5% עם זי</ManufacturerItemDescription>
      <UnitQty>לא ידוע</UnitQty>
      <Quantity>250.00</Quantity>
      <UnitOfMeasure>לא ידוע</UnitOfMeasure>
      <bIsWeighted>0</bIsWeighted>
      <QtyInPackage>לא ידוע</QtyInPackage>
      <ItemPrice>7.20</ItemPrice>
      <UnitOfMeasurePrice>0.0288</UnitOfMeasurePrice>
      <AllowDiscount>1</AllowDiscount>
      <ItemStatus>1</ItemStatus>
      <ItemId>145727</ItemId>
    </Item>
    <Item>
      <PriceUpdateDate>2025-08-19 11:24:32</PriceUpdateDate>
      <ItemCode>7290000048413</ItemCode>
      <ItemType>1</ItemType>
      <ItemName>פיראוס חמד 16% 250 ג</ItemName>
      <ManufacturerName>קריות זול</ManufacturerName>
      <ManufactureCountry>לא ידוע</ManufactureCountry>
      <ManufacturerItemDescription>פיראוס חמד 16% 250 ג</ManufacturerItemDescription>
      <UnitQty>לא ידוע</UnitQty>
      <Quantity>250.00</Quantity>
      <UnitOfMeasure>לא ידוע</UnitOfMeasure>
      <bIsWeighted>0</bIsWeighted>
      <QtyInPackage>לא ידוע</QtyInPackage>
      <ItemPrice>23.90</ItemPrice>
      <UnitOfMeasurePrice>0.0956</UnitOfMeasurePrice>
      <AllowDiscount>1</AllowDiscount>
      <ItemStatus>1</ItemStatus>
      <ItemId>145728</ItemId>
    </Item>
    <Item>
      <PriceUpdateDate>2025-08-19 11:24:33</PriceUpdateDate>
      <ItemCode>7290000048437</ItemCode>
      <ItemType>1</ItemType>
      <ItemName>פיראוס צפתית 5% שומן</ItemName>
      <ManufacturerName>קריות זול</ManufacturerName>
      <ManufactureCountry>לא ידוע</ManufactureCountry>
      <ManufacturerItemDescription>פיראוס צפתית 5% שומן</ManufacturerItemDescription>
      <UnitQty>לא ידוע</UnitQty>
      <Quantity>200.00</Quantity>
      <UnitOfMeasure>לא ידוע</UnitOfMeasure>
      <bIsWeighted>0</bIsWeighted>
      <QtyInPackage>לא ידוע</QtyInPackage>
      <ItemPrice>19.20</ItemPrice>
      <UnitOfMeasurePrice>0.0960</UnitOfMeasurePrice>
      <AllowDiscount>1</AllowDiscount>
      <ItemStatus>1</ItemStatus>
      <ItemId>145729</ItemId>
    </Item>
    <Item>
      <PriceUpdateDate>2025-08-19 11:24:34</PriceUpdateDate>
      <ItemCode>7290000050447</ItemCode>
      <ItemType>1</ItemType>
      <ItemName>יופלה YYY תות 3% 500</ItemName>
      <ManufacturerName>לא ידוע</ManufacturerName>
      <ManufactureCountry>לא ידוע</ManufactureCountry>
      <ManufacturerItemDescription>יופלה YYY תות 3% 500</ManufacturerItemDescription>
      <UnitQty>לא ידוע</UnitQty>
      <Quantity>500.00</Quantity>
      <UnitOfMeasure>לא ידוע</UnitOfMeasure>
      <bIsWeighted>0</bIsWeighted>
      <QtyInPackage>לא ידוע</QtyInPackage>
      <ItemPrice>17.10</ItemPrice>
      <UnitOfMeasurePrice>0.0342</UnitOfMeasurePrice>
      <AllowDiscount>1</AllowDiscount>
      <ItemStatus>1</ItemStatus>
      <ItemId>145744</ItemId>
    </Item>
    <Item>
      <PriceUpdateDate>2025-08-26 11:20:46</PriceUpdateDate>
      <ItemCode>7290110320935</ItemCode>
      <ItemType>1</ItemType>
      <ItemName>פרוסות מוצרלה 150גר</ItemName>
      <ManufacturerName>לא ידוע</ManufacturerName>
      <ManufactureCountry>לא ידוע</ManufactureCountry>
      <ManufacturerItemDescription>פרוסות מוצרלה 150גר</ManufacturerItemDescription>
      <UnitQty>לא ידוע</UnitQty>
      <Quantity>150.00</Quantity>
      <UnitOfMeasure>לא ידוע</UnitOfMeasure>
      <bIsWeighted>0</bIsWeighted>
      <QtyInPackage>לא ידוע</QtyInPackage>
      <ItemPrice>22.20</ItemPrice>
      <UnitOfMeasurePrice>0.1480</UnitOfMeasurePrice>
      <AllowDiscount>1</AllowDiscount>
      <ItemStatus>1</ItemStatus>
      <ItemId>208474</ItemId>
    </Item>
    <Item>
      <PriceUpdateDate>2025-08-19 11:24:35</PriceUpdateDate>
      <ItemCode>7290000051352</ItemCode>
      <ItemType>1</ItemType>
      <ItemName>חלב בטעם של פעם 3.4%</ItemName>
      <ManufacturerName>לא ידוע</ManufacturerName>
      <ManufactureCountry>לא ידוע</ManufactureCountry>
      <ManufacturerItemDescription>חלב בטעם של פעם 3.4%</ManufacturerItemDescription>
      <UnitQty>לא ידוע</UnitQty>
      <Quantity>1000.00</Quantity>
      <UnitOfMeasure>לא ידוע</UnitOfMeasure>
      <bIsWeighted>0</bIsWeighted>
      <QtyInPackage>לא ידוע</QtyInPackage>
      <ItemPrice>10.90</ItemPrice>
      <UnitOfMeasurePrice>0.0109</UnitOfMeasurePrice>
      <AllowDiscount>1</AllowDiscount>
      <ItemStatus>1</ItemStatus>
      <ItemId>145773</ItemId>
    </Item>
    <Item>
      <PriceUpdateDate>2025-08-19 11:24:36</PriceUpdateDate>
      <ItemCode>7290000051376</ItemCode>
      <ItemType>1</ItemType>
      <ItemName>יופלה דיאט אננס ספור</ItemName>
      <ManufacturerName>לא ידוע</ManufacturerName>
      <ManufactureCountry>לא ידוע</ManufactureCountry>
      <ManufacturerItemDescription>יופלה דיאט אננס ספור</ManufacturerItemDescription>
      <UnitQty>לא ידוע</UnitQty>
      <Quantity>150.00</Quantity>
      <UnitOfMeasure>לא ידוע</UnitOfMeasure>
      <bIsWeighted>0</bIsWeighted>
      <QtyInPackage>לא ידוע</QtyInPackage>
      <ItemPrice>6.20</ItemPrice>
      <UnitOfMeasurePrice>0.0413</UnitOfMeasurePrice>
      <AllowDiscount>1</AllowDiscount>
      <ItemStatus>1</ItemStatus>
      <ItemId>145775</ItemId>
    </Item>
    <Item>
      <PriceUpdateDate>2025-08-19 11:24:37</PriceUpdateDate>
      <ItemCode>7290000051710</ItemCode>
      <ItemType>1</ItemType>
      <ItemName>לאבנה עם שמן זית וזע</ItemName>
      <ManufacturerName>לא ידוע</ManufacturerName>
      <ManufactureCountry>לא ידוע</ManufactureCountry>
      <ManufacturerItemDescription>לאבנה עם שמן זית וזע</ManufacturerItemDescription>
      <UnitQty>לא ידוע</UnitQty>
      <Quantity>263.00</Quantity>
      <UnitOfMeasure>לא ידוע</UnitOfMeasure>
      <bIsWeighted>0</bIsWeighted>
      <QtyInPackage>לא ידוע</QtyInPackage>
      <ItemPrice>17.90</ItemPrice>
      <UnitOfMeasurePrice>0.0681</UnitOfMeasurePrice>
      <AllowDiscount>1</AllowDiscount>
      <ItemStatus>1</ItemStatus>
      <ItemId>145782</ItemId>
    </Item>
    <Item>
      <PriceUpdateDate>2025-08-19 11:24:41</PriceUpdateDate>
      <ItemCode>7290000052311</ItemCode>
      <ItemType>1</ItemType>
      <ItemName>גבינה צהובה עמק לייט</ItemName>
      <ManufacturerName>לא ידוע</ManufacturerName>
      <ManufactureCountry>לא ידוע</ManufactureCountry>
      <ManufacturerItemDescription>גבינה צהובה עמק לייט</ManufacturerItemDescription>
      <UnitQty>לא ידוע</UnitQty>
      <Quantity>200.00</Quantity>
      <UnitOfMeasure>לא ידוע</UnitOfMeasure>
      <bIsWeighted>0</bIsWeighted>
      <QtyInPackage>לא ידוע</QtyInPackage>
      <ItemPrice>20.70</ItemPrice>
      <UnitOfMeasurePrice>0.1035</UnitOfMeasurePrice>
      <AllowDiscount>1</AllowDiscount>
      <ItemStatus>1</ItemStatus>
      <ItemId>145801</ItemId>
    </Item>
    <Item>
      <PriceUpdateDate>2025-08-26 11:20:45</PriceUpdateDate>
      <ItemCode>7290110320867</ItemCode>
      <ItemType>1</ItemType>
      <ItemName>פתיתי עמק 28% שומן 5</ItemName>
      <ManufacturerName>לא ידוע</ManufacturerName>
      <ManufactureCountry>לא ידוע</ManufactureCountry>
      <ManufacturerItemDescription>פתיתי עמק 28% שומן 5</ManufacturerItemDescription>
      <UnitQty>לא ידוע</UnitQty>
      <Quantity>500.00</Quantity>
      <UnitOfMeasure>לא ידוע</UnitOfMeasure>
      <bIsWeighted>0</bIsWeighted>
      <QtyInPackage>לא ידוע</QtyInPackage>
      <ItemPrice>44.50</ItemPrice>
      <UnitOfMeasurePrice>0.0890</UnitOfMeasurePrice>
      <AllowDiscount>1</AllowDiscount>
      <ItemStatus>1</ItemStatus>
      <ItemId>213918</ItemId>
    </Item>
    <Item>
      <PriceUpdateDate>2025-08-19 11:24:42</PriceUpdateDate>
      <ItemCode>7290000052649</ItemCode>
      <ItemType>1</ItemType>
      <ItemName>פיראוס לאבנה 5% גביע</ItemName>
      <ManufacturerName>לא ידוע</ManufacturerName>
      <ManufactureCountry>לא ידוע</ManufactureCountry>
      <ManufacturerItemDescription>פיראוס לאבנה 5% גביע</ManufacturerItemDescription>
      <UnitQty>לא ידוע</UnitQty>
      <Quantity>500.00</Quantity>
      <UnitOfMeasure>לא ידוע</UnitOfMeasure>
      <bIsWeighted>0</bIsWeighted>
      <QtyInPackage>לא ידוע</QtyInPackage>
      <ItemPrice>26.90</ItemPrice>
      <UnitOfMeasurePrice>0.0538</UnitOfMeasurePrice>
      <AllowDiscount>1</AllowDiscount>
      <ItemStatus>1</ItemStatus>
      <ItemId>145815</ItemId>
    </Item>
    <Item>
      <PriceUpdateDate>2025-08-19 11:24:42</PriceUpdateDate>
      <ItemCode>7290000052717</ItemCode>
      <ItemType>1</ItemType>
      <ItemName>קוטג' שום שמיר 5% 25</ItemName>
      <ManufacturerName>לא ידוע</ManufacturerName>
      <ManufactureCountry>לא ידוע</ManufactureCountry>
      <ManufacturerItemDescription>קוטג' שום שמיר 5% 25</ManufacturerItemDescription>
      <UnitQty>לא ידוע</UnitQty>
      <Quantity>250.00</Quantity>
      <UnitOfMeasure>לא ידוע</UnitOfMeasure>
      <bIsWeighted>0</bIsWeighted>
      <QtyInPackage>לא ידוע</QtyInPackage>
      <ItemPrice>7.20</ItemPrice>
      <UnitOfMeasurePrice>0.0288</UnitOfMeasurePrice>
      <AllowDiscount>1</AllowDiscount>
      <ItemStatus>1</ItemStatus>
      <ItemId>145820</ItemId>
    </Item>
    <Item>
      <PriceUpdateDate>2025-08-19 11:24:47</PriceUpdateDate>
      <ItemCode>7290000055329</ItemCode>
      <ItemType>1</ItemType>
      <ItemName>יופלה משקה יוגורט תו</ItemName>
      <ManufacturerName>לא ידוע</ManufacturerName>
      <ManufactureCountry>לא ידוע</ManufactureCountry>
      <ManufacturerItemDescription>יופלה משקה יוגורט תו</ManufacturerItemDescription>
      <UnitQty>לא ידוע</UnitQty>
      <Quantity>250.00</Quantity>
      <UnitOfMeasure>לא ידוע</UnitOfMeasure>
      <bIsWeighted>0</bIsWeighted>
      <QtyInPackage>לא ידוע</QtyInPackage>
      <ItemPrice>7.10</ItemPrice>
      <UnitOfMeasurePrice>0.0284</UnitOfMeasurePrice>
      <AllowDiscount>1</AllowDiscount>
      <ItemStatus>1</ItemStatus>
      <ItemId>145920</ItemId>
    </Item>
    <Item>
      <PriceUpdateDate>2025-08-19 11:24:48</PriceUpdateDate>
      <ItemCode>7290000055336</ItemCode>
      <ItemType>1</ItemType>
      <ItemName>יופלה משקה יוגורט בנ</ItemName>
      <ManufacturerName>לא ידוע</ManufacturerName>
      <ManufactureCountry>לא ידוע</ManufactureCountry>
      <ManufacturerItemDescription>יופלה משקה יוגורט בנ</ManufacturerItemDescription>
      <UnitQty>לא ידוע</UnitQty>
      <Quantity>250.00</Quantity>
      <UnitOfMeasure>לא ידוע</UnitOfMeasure>
      <bIsWeighted>0</bIsWeighted>
      <QtyInPackage>לא ידוע</QtyInPackage>
      <ItemPrice>7.10</ItemPrice>
      <UnitOfMeasurePrice>0.0284</UnitOfMeasurePrice>
      <AllowDiscount>1</AllowDiscount>
      <ItemStatus>1</ItemStatus>
      <ItemId>145921</ItemId>
    </Item>
    <Item>
      <PriceUpdateDate>2025-08-19 11:24:50</PriceUpdateDate>
      <ItemCode>7290000055343</ItemCode>
      <ItemType>1</ItemType>
      <ItemName>יופלה משקה יוגורט טר</ItemName>
      <ManufacturerName>לא ידוע</ManufacturerName>
      <ManufactureCountry>לא ידוע</ManufactureCountry>
      <ManufacturerItemDescription>יופלה משקה יוגורט טר</ManufacturerItemDescription>
      <UnitQty>לא ידוע</UnitQty>
      <Quantity>250.00</Quantity>
      <UnitOfMeasure>לא ידוע</UnitOfMeasure>
      <bIsWeighted>0</bIsWeighted>
      <QtyInPackage>לא ידוע</QtyInPackage>
      <ItemPrice>7.10</ItemPrice>
      <UnitOfMeasurePrice>0.0284</UnitOfMeasurePrice>
      <AllowDiscount>1</AllowDiscount>
      <ItemStatus>1</ItemStatus>
      <ItemId>145922</ItemId>
    </Item>
    <Item>
      <PriceUpdateDate>2025-09-02 11:45:15</PriceUpdateDate>
      <ItemCode>7290014046474</ItemCode>
      <ItemType>1</ItemType>
      <ItemName>נקניקיות עוף יחיעם 1</ItemName>
      <ManufacturerName>לא ידוע</ManufacturerName>
      <ManufactureCountry>לא ידוע</ManufactureCountry>
      <ManufacturerItemDescription>נקניקיות עוף יחיעם 1</ManufacturerItemDescription>
      <UnitQty>לא ידוע</UnitQty>
      <Quantity>1500.00</Quantity>
      <UnitOfMeasure>לא ידוע</UnitOfMeasure>
      <bIsWeighted>0</bIsWeighted>
      <QtyInPackage>לא ידוע</QtyInPackage>
      <ItemPrice>40.90</ItemPrice>
      <UnitOfMeasurePrice>0.0273</UnitOfMeasurePrice>
      <AllowDiscount>1</AllowDiscount>
      <ItemStatus>1</ItemStatus>
      <ItemId>204071</ItemId>
    </Item>
    <Item>
      <PriceUpdateDate>2025-08-19 11:24:52</PriceUpdateDate>
      <ItemCode>7290000056272</ItemCode>
      <ItemType>1</ItemType>
      <ItemName>גבינה לבנה זיתים 5%</ItemName>
      <ManufacturerName>לא ידוע</ManufacturerName>
      <ManufactureCountry>לא ידוע</ManufactureCountry>
      <ManufacturerItemDescription>גבינה לבנה זיתים 5%</ManufacturerItemDescription>
      <UnitQty>לא ידוע</UnitQty>
      <Quantity>250.00</Quantity>
      <UnitOfMeasure>לא ידוע</UnitOfMeasure>
      <bIsWeighted>0</bIsWeighted>
      <QtyInPackage>לא ידוע</QtyInPackage>
      <ItemPrice>7.70</ItemPrice>
      <UnitOfMeasurePrice>0.0308</UnitOfMeasurePrice>
      <AllowDiscount>1</AllowDiscount>
      <ItemStatus>1</ItemStatus>
      <ItemId>145949</ItemId>
    </Item>
    <Item>
      <PriceUpdateDate>2025-08-19 11:24:53</PriceUpdateDate>
      <ItemCode>7290000056753</ItemCode>
      <ItemType>1</ItemType>
      <ItemName>עמק גבינה צהובה פרוס</ItemName>
      <ManufacturerName>לא ידוע</ManufacturerName>
      <ManufactureCountry>לא ידוע</ManufactureCountry>
      <ManufacturerItemDescription>עמק גבינה צהובה פרוס</ManufacturerItemDescription>
      <UnitQty>לא ידוע</UnitQty>
      <Quantity>200.00</Quantity>
      <UnitOfMeasure>לא ידוע</UnitOfMeasure>
      <bIsWeighted>0</bIsWeighted>
      <QtyInPackage>לא ידוע</QtyInPackage>
      <ItemPrice>20.70</ItemPrice>
      <UnitOfMeasurePrice>0.1035</UnitOfMeasurePrice>
      <AllowDiscount>1</AllowDiscount>
      <ItemStatus>1</ItemStatus>
      <ItemId>145962</ItemId>
    </Item>
    <Item>
      <PriceUpdateDate>2025-08-19 11:24:53</PriceUpdateDate>
      <ItemCode>7290000056760</ItemCode>
      <ItemType>1</ItemType>
      <ItemName>עמק בדץ 28% 400גר</ItemName>
      <ManufacturerName>לא ידוע</ManufacturerName>
      <ManufactureCountry>לא ידוע</ManufactureCountry>
      <ManufacturerItemDescription>עמק בדץ 28% 400גר</ManufacturerItemDescription>
      <UnitQty>לא ידוע</UnitQty>
      <Quantity>400.00</Quantity>
      <UnitOfMeasure>לא ידוע</UnitOfMeasure>
      <bIsWeighted>0</bIsWeighted>
      <QtyInPackage>לא ידוע</QtyInPackage>
      <ItemPrice>35.90</ItemPrice>
      <UnitOfMeasurePrice>0.0897</UnitOfMeasurePrice>
      <AllowDiscount>1</AllowDiscount>
      <ItemStatus>1</ItemStatus>
      <ItemId>145963</ItemId>
    </Item>
    <Item>
      <PriceUpdateDate>2025-05-05 07:31:05</PriceUpdateDate>
      <ItemCode>7290000056845</ItemCode>
      <ItemType>1</ItemType>
      <ItemName>חלב טרי 3% תנובה 1.5</ItemName>
      <ManufacturerName>לא ידוע</ManufacturerName>
      <ManufactureCountry>לא ידוע</ManufactureCountry>
      <ManufacturerItemDescription>חלב טרי 3% תנובה 1.5</ManufacturerItemDescription>
      <UnitQty>לא ידוע</UnitQty>
      <Quantity>1500.00</Quantity>
      <UnitOfMeasure>לא ידוע</UnitOfMeasure>
      <bIsWeighted>0</bIsWeighted>
      <QtyInPackage>לא ידוע</QtyInPackage>
      <ItemPrice>10.92</ItemPrice>
      <UnitOfMeasurePrice>0.0073</UnitOfMeasurePrice>
      <AllowDiscount>1</AllowDiscount>
      <ItemStatus>1</ItemStatus>
      <ItemId>145966</ItemId>
    </Item>
    <Item>
      <PriceUpdateDate>2025-08-19 11:24:56</PriceUpdateDate>
      <ItemCode>7290000056951</ItemCode>
      <ItemType>1</ItemType>
      <ItemName>שמנת עמידה לבישול 15</ItemName>
      <ManufacturerName>לא ידוע</ManufacturerName>
      <ManufactureCountry>לא ידוע</ManufactureCountry>
      <ManufacturerItemDescription>שמנת עמידה לבישול 15</ManufacturerItemDescription>
      <UnitQty>לא ידוע</UnitQty>
      <Quantity>500.00</Quantity>
      <UnitOfMeasure>לא ידוע</UnitOfMeasure>
      <bIsWeighted>0</bIsWeighted>
      <QtyInPackage>לא ידוע</QtyInPackage>
      <ItemPrice>21.30</ItemPrice>
      <UnitOfMeasurePrice>0.0426</UnitOfMeasurePrice>
      <AllowDiscount>1</AllowDiscount>
      <ItemStatus>1</ItemStatus>
      <ItemId>145973</ItemId>
    </Item>
    <Item>
      <PriceUpdateDate>2025-08-19 11:24:57</PriceUpdateDate>
      <ItemCode>7290000057088</ItemCode>
      <ItemType>1</ItemType>
      <ItemName>גבינה צהובה עמק דק ד</ItemName>
      <ManufacturerName>לא ידוע</ManufacturerName>
      <ManufactureCountry>לא ידוע</ManufactureCountry>
      <ManufacturerItemDescription>גבינה צהובה עמק דק ד</ManufacturerItemDescription>
      <UnitQty>לא ידוע</UnitQty>
      <Quantity>200.00</Quantity>
      <UnitOfMeasure>לא ידוע</UnitOfMeasure>
      <bIsWeighted>0</bIsWeighted>
      <QtyInPackage>לא ידוע</QtyInPackage>
      <ItemPrice>20.70</ItemPrice>
      <UnitOfMeasurePrice>0.1035</UnitOfMeasurePrice>
      <AllowDiscount>1</AllowDiscount>
      <ItemStatus>1</ItemStatus>
      <ItemId>145979</ItemId>
    </Item>
    <Item>
      <PriceUpdateDate>2025-08-19 11:24:58</PriceUpdateDate>
      <ItemCode>7290000057118</ItemCode>
      <ItemType>1</ItemType>
      <ItemName>המעדניה של עמק 28% 4</ItemName>
      <ManufacturerName>לא ידוע</ManufacturerName>
      <ManufactureCountry>לא ידוע</ManufactureCountry>
      <ManufacturerItemDescription>המעדניה של עמק 28% 4</ManufacturerItemDescription>
      <UnitQty>לא ידוע</UnitQty>
      <Quantity>400.00</Quantity>
      <UnitOfMeasure>לא ידוע</UnitOfMeasure>
      <bIsWeighted>0</bIsWeighted>
      <QtyInPackage>לא ידוע</QtyInPackage>
      <ItemPrice>29.50</ItemPrice>
      <UnitOfMeasurePrice>0.0738</UnitOfMeasurePrice>
      <AllowDiscount>1</AllowDiscount>
      <ItemStatus>1</ItemStatus>
      <ItemId>145981</ItemId>
    </Item>
    <Item>
      <PriceUpdateDate>2025-08-19 11:24:59</PriceUpdateDate>
      <ItemCode>7290000057132</ItemCode>
      <ItemType>1</ItemType>
      <ItemName>יוגורט טבעי 1.5%תנוב</ItemName>
      <ManufacturerName>לא ידוע</ManufacturerName>
      <ManufactureCountry>לא ידוע</ManufactureCountry>
      <ManufacturerItemDescription>יוגורט טבעי 1.5%תנוב</ManufacturerItemDescription>
      <UnitQty>לא ידוע</UnitQty>
      <Quantity>200.00</Quantity>
      <UnitOfMeasure>לא ידוע</UnitOfMeasure>
      <bIsWeighted>0</bIsWeighted>
      <QtyInPackage>לא ידוע</QtyInPackage>
      <ItemPrice>4.10</ItemPrice>
      <UnitOfMeasurePrice>0.0205</UnitOfMeasurePrice>
      <AllowDiscount>1</AllowDiscount>
      <ItemStatus>1</ItemStatus>
      <ItemId>145982</ItemId>
    </Item>
    <Item>
      <PriceUpdateDate>2025-08-19 11:25:00</PriceUpdateDate>
      <ItemCode>7290000057149</ItemCode>
      <ItemType>1</ItemType>
      <ItemName>יוגורט טבעי 3% תנובה</ItemName>
      <ManufacturerName>לא ידוע</ManufacturerName>
      <ManufactureCountry>לא ידוע</ManufactureCountry>
      <ManufacturerItemDescription>יוגורט טבעי 3% תנובה</ManufacturerItemDescription>
      <UnitQty>לא ידוע</UnitQty>
      <Quantity>200.00</Quantity>
      <UnitOfMeasure>לא ידוע</UnitOfMeasure>
      <bIsWeighted>0</bIsWeighted>
      <QtyInPackage>לא ידוע</QtyInPackage>
      <ItemPrice>4.10</ItemPrice>
      <UnitOfMeasurePrice>0.0205</UnitOfMeasurePrice>
      <AllowDiscount>1</AllowDiscount>
      <ItemStatus>1</ItemStatus>
      <ItemId>145983</ItemId>
    </Item>
    <Item>
      <PriceUpdateDate>2025-09-01 10:12:17</PriceUpdateDate>
      <ItemCode>7290019205708</ItemCode>
      <ItemType>1</ItemType>
      <ItemName>שניצל מיני דינוזאור</ItemName>
      <ManufacturerName>לא ידוע</ManufacturerName>
      <ManufactureCountry>לא ידוע</ManufactureCountry>
      <ManufacturerItemDescription>שניצל מיני דינוזאור</ManufacturerItemDescription>
      <UnitQty>לא ידוע</UnitQty>
      <Quantity>600.00</Quantity>
      <UnitOfMeasure>לא ידוע</UnitOfMeasure>
      <bIsWeighted>0</bIsWeighted>
      <QtyInPackage>לא ידוע</QtyInPackage>
      <ItemPrice>39.90</ItemPrice>
      <UnitOfMeasurePrice>0.0665</UnitOfMeasurePrice>
      <AllowDiscount>1</AllowDiscount>
      <ItemStatus>1</ItemStatus>
      <ItemId>250569</ItemId>
    </Item>
    <Item>
      <PriceUpdateDate>2025-10-16 07:34:36</PriceUpdateDate>
      <ItemCode>7290116530147</ItemCode>
      <ItemType>1</ItemType>
      <ItemName>פינוק סבון בניחוח פי</ItemName>
      <ManufacturerName>לא ידוע</ManufacturerName>
      <ManufactureCountry>לא ידוע</ManufactureCountry>
      <ManufacturerItemDescription>פינוק סבון בניחוח פי</ManufacturerItemDescription>
      <UnitQty>לא ידוע</UnitQty>
      <Quantity>700.00</Quantity>
      <UnitOfMeasure>לא ידוע</UnitOfMeasure>
      <bIsWeighted>0</bIsWeighted>
      <QtyInPackage>לא ידוע</QtyInPackage>
      <ItemPrice>15.90</ItemPrice>
      <UnitOfMeasurePrice>0.0227</UnitOfMeasurePrice>
      <AllowDiscount>1</AllowDiscount>
      <ItemStatus>1</ItemStatus>
      <ItemId>234475</ItemId>
    </Item>
    <Item>
      <PriceUpdateDate>2025-10-05 07:24:17</PriceUpdateDate>
      <ItemCode>7290000058030</ItemCode>
      <ItemType>1</ItemType>
      <ItemName>יופלה שטוזים משקה יו</ItemName>
      <ManufacturerName>לא ידוע</ManufacturerName>
      <ManufactureCountry>לא ידוע</ManufactureCountry>
      <ManufacturerItemDescription>יופלה שטוזים משקה יו</ManufacturerItemDescription>
      <UnitQty>לא ידוע</UnitQty>
      <Quantity>800.00</Quantity>
      <UnitOfMeasure>לא ידוע</UnitOfMeasure>
      <bIsWeighted>0</bIsWeighted>
      <QtyInPackage>לא ידוע</QtyInPackage>
      <ItemPrice>26.90</ItemPrice>
      <UnitOfMeasurePrice>0.0336</UnitOfMeasurePrice>
      <AllowDiscount>1</AllowDiscount>
      <ItemStatus>1</ItemStatus>
      <ItemId>146018</ItemId>
    </Item>
    <Item>
      <PriceUpdateDate>2025-05-05 07:31:05</PriceUpdateDate>
      <ItemCode>7290000058047</ItemCode>
      <ItemType>1</ItemType>
      <ItemName>השף הלבן שמנת 38% 5ע</ItemName>
      <ManufacturerName>לא ידוע</ManufacturerName>
      <ManufactureCountry>לא ידוע</ManufactureCountry>
      <ManufacturerItemDescription>השף הלבן שמנת 38% 5ע</ManufacturerItemDescription>
      <UnitQty>לא ידוע</UnitQty>
      <Quantity>500.00</Quantity>
      <UnitOfMeasure>לא ידוע</UnitOfMeasure>
      <bIsWeighted>0</bIsWeighted>
      <QtyInPackage>לא ידוע</QtyInPackage>
      <ItemPrice>15.12</ItemPrice>
      <UnitOfMeasurePrice>0.0302</UnitOfMeasurePrice>
      <AllowDiscount>1</AllowDiscount>
      <ItemStatus>1</ItemStatus>
      <ItemId>146019</ItemId>
    </Item>
    <Item>
      <PriceUpdateDate>2025-08-19 11:25:02</PriceUpdateDate>
      <ItemCode>7290000058979</ItemCode>
      <ItemType>1</ItemType>
      <ItemName>גיל בטעם תות 125גרם</ItemName>
      <ManufacturerName>לא ידוע</ManufacturerName>
      <ManufactureCountry>לא ידוע</ManufactureCountry>
      <ManufacturerItemDescription>גיל בטעם תות 125גרם</ManufacturerItemDescription>
      <UnitQty>לא ידוע</UnitQty>
      <Quantity>125.00</Quantity>
      <UnitOfMeasure>לא ידוע</UnitOfMeasure>
      <bIsWeighted>0</bIsWeighted>
      <QtyInPackage>לא ידוע</QtyInPackage>
      <ItemPrice>2.10</ItemPrice>
      <UnitOfMeasurePrice>0.0168</UnitOfMeasurePrice>
      <AllowDiscount>1</AllowDiscount>
      <ItemStatus>1</ItemStatus>
      <ItemId>146046</ItemId>
    </Item>
    <Item>
      <PriceUpdateDate>2025-08-19 11:25:08</PriceUpdateDate>
      <ItemCode>7290004119133</ItemCode>
      <ItemType>1</ItemType>
      <ItemName>יוגורט 7% תנובה 1.5</ItemName>
      <ManufacturerName>קריות זול</ManufacturerName>
      <ManufactureCountry>לא ידוע</ManufactureCountry>
      <ManufacturerItemDescription>יוגורט 7% תנובה 1.5</ManufacturerItemDescription>
      <UnitQty>לא ידוע</UnitQty>
      <Quantity>1500.00</Quantity>
      <UnitOfMeasure>לא ידוע</UnitOfMeasure>
      <bIsWeighted>0</bIsWeighted>
      <QtyInPackage>לא ידוע</QtyInPackage>
      <ItemPrice>22.80</ItemPrice>
      <UnitOfMeasurePrice>0.0152</UnitOfMeasurePrice>
      <AllowDiscount>1</AllowDiscount>
      <ItemStatus>1</ItemStatus>
      <ItemId>146139</ItemId>
    </Item>
    <Item>
      <PriceUpdateDate>2025-08-19 11:25:09</PriceUpdateDate>
      <ItemCode>7290004119225</ItemCode>
      <ItemType>1</ItemType>
      <ItemName>יופלה אננס 3% 150גר</ItemName>
      <ManufacturerName>קריות זול</ManufacturerName>
      <ManufactureCountry>לא ידוע</ManufactureCountry>
      <ManufacturerItemDescription>יופלה אננס 3% 150גר</ManufacturerItemDescription>
      <UnitQty>לא ידוע</UnitQty>
      <Quantity>150.00</Quantity>
      <UnitOfMeasure>לא ידוע</UnitOfMeasure>
      <bIsWeighted>0</bIsWeighted>
      <QtyInPackage>לא ידוע</QtyInPackage>
      <ItemPrice>6.20</ItemPrice>
      <UnitOfMeasurePrice>0.0413</UnitOfMeasurePrice>
      <AllowDiscount>1</AllowDiscount>
      <ItemStatus>1</ItemStatus>
      <ItemId>146140</ItemId>
    </Item>
    <Item>
      <PriceUpdateDate>2025-08-19 11:25:10</PriceUpdateDate>
      <ItemCode>7290004120061</ItemCode>
      <ItemType>1</ItemType>
      <ItemName>קרלו שוניל 1.5% 125מ</ItemName>
      <ManufacturerName>קריות זול</ManufacturerName>
      <ManufactureCountry>לא ידוע</ManufactureCountry>
      <ManufacturerItemDescription>קרלו שוניל 1.5% 125מ</ManufacturerItemDescription>
      <UnitQty>לא ידוע</UnitQty>
      <Quantity>125.00</Quantity>
      <UnitOfMeasure>לא ידוע</UnitOfMeasure>
      <bIsWeighted>0</bIsWeighted>
      <QtyInPackage>לא ידוע</QtyInPackage>
      <ItemPrice>4.10</ItemPrice>
      <UnitOfMeasurePrice>0.0328</UnitOfMeasurePrice>
      <AllowDiscount>1</AllowDiscount>
      <ItemStatus>1</ItemStatus>
      <ItemId>146146</ItemId>
    </Item>
    <Item>
      <PriceUpdateDate>2025-08-19 11:25:11</PriceUpdateDate>
      <ItemCode>7290004120108</ItemCode>
      <ItemType>1</ItemType>
      <ItemName>יופלה דיאט דובדבן 0%</ItemName>
      <ManufacturerName>קריות זול</ManufacturerName>
      <ManufactureCountry>לא ידוע</ManufactureCountry>
      <ManufacturerItemDescription>יופלה דיאט דובדבן 0%</ManufacturerItemDescription>
      <UnitQty>לא ידוע</UnitQty>
      <Quantity>150.00</Quantity>
      <UnitOfMeasure>לא ידוע</UnitOfMeasure>
      <bIsWeighted>0</bIsWeighted>
      <QtyInPackage>לא ידוע</QtyInPackage>
      <ItemPrice>6.20</ItemPrice>
      <UnitOfMeasurePrice>0.0413</UnitOfMeasurePrice>
      <AllowDiscount>1</AllowDiscount>
      <ItemStatus>1</ItemStatus>
      <ItemId>146147</ItemId>
    </Item>
    <Item>
      <PriceUpdateDate>2025-08-21 11:52:02</PriceUpdateDate>
      <ItemCode>7290004120573</ItemCode>
      <ItemType>1</ItemType>
      <ItemName>בולגרית בקר 16% פירא</ItemName>
      <ManufacturerName>קריות זול</ManufacturerName>
      <ManufactureCountry>לא ידוע</ManufactureCountry>
      <ManufacturerItemDescription>בולגרית בקר 16% פירא</ManufacturerItemDescription>
      <UnitQty>לא ידוע</UnitQty>
      <Quantity>250.00</Quantity>
      <UnitOfMeasure>לא ידוע</UnitOfMeasure>
      <bIsWeighted>0</bIsWeighted>
      <QtyInPackage>לא ידוע</QtyInPackage>
      <ItemPrice>29.90</ItemPrice>
      <UnitOfMeasurePrice>0.1196</UnitOfMeasurePrice>
      <AllowDiscount>1</AllowDiscount>
      <ItemStatus>1</ItemStatus>
      <ItemId>146156</ItemId>
    </Item>
    <Item>
      <PriceUpdateDate>2025-08-19 11:25:13</PriceUpdateDate>
      <ItemCode>7290004120634</ItemCode>
      <ItemType>1</ItemType>
      <ItemName>פיראוס בולגרית 5% 25</ItemName>
      <ManufacturerName>קריות זול</ManufacturerName>
      <ManufactureCountry>לא ידוע</ManufactureCountry>
      <ManufacturerItemDescription>פיראוס בולגרית 5% 25</ManufacturerItemDescription>
      <UnitQty>לא ידוע</UnitQty>
      <Quantity>250.00</Quantity>
      <UnitOfMeasure>לא ידוע</UnitOfMeasure>
      <bIsWeighted>0</bIsWeighted>
      <QtyInPackage>לא ידוע</QtyInPackage>
      <ItemPrice>29.90</ItemPrice>
      <UnitOfMeasurePrice>0.1196</UnitOfMeasurePrice>
      <AllowDiscount>1</AllowDiscount>
      <ItemStatus>1</ItemStatus>
      <ItemId>146157</ItemId>
    </Item>
    <Item>
      <PriceUpdateDate>2025-08-19 11:25:13</PriceUpdateDate>
      <ItemCode>7290004121488</ItemCode>
      <ItemType>1</ItemType>
      <ItemName>יופלה דיאט אפרסק 0%</ItemName>
      <ManufacturerName>קריות זול</ManufacturerName>
      <ManufactureCountry>לא ידוע</ManufactureCountry>
      <ManufacturerItemDescription>יופלה דיאט אפרסק 0%</ManufacturerItemDescription>
      <UnitQty>לא ידוע</UnitQty>
      <Quantity>150.00</Quantity>
      <UnitOfMeasure>לא ידוע</UnitOfMeasure>
      <bIsWeighted>0</bIsWeighted>
      <QtyInPackage>לא ידוע</QtyInPackage>
      <ItemPrice>6.20</ItemPrice>
      <UnitOfMeasurePrice>0.0413</UnitOfMeasurePrice>
      <AllowDiscount>1</AllowDiscount>
      <ItemStatus>1</ItemStatus>
      <ItemId>146168</ItemId>
    </Item>
    <Item>
      <PriceUpdateDate>2025-08-21 11:54:39</PriceUpdateDate>
      <ItemCode>7290004121839</ItemCode>
      <ItemType>1</ItemType>
      <ItemName>פטה כבשים 20% פיראוס</ItemName>
      <ManufacturerName>קריות זול</ManufacturerName>
      <ManufactureCountry>לא ידוע</ManufactureCountry>
      <ManufacturerItemDescription>פטה כבשים 20% פיראוס</ManufacturerItemDescription>
      <UnitQty>לא ידוע</UnitQty>
      <Quantity>250.00</Quantity>
      <UnitOfMeasure>לא ידוע</UnitOfMeasure>
      <bIsWeighted>0</bIsWeighted>
      <QtyInPackage>לא ידוע</QtyInPackage>
      <ItemPrice>34.90</ItemPrice>
      <UnitOfMeasurePrice>0.1396</UnitOfMeasurePrice>
      <AllowDiscount>1</AllowDiscount>
      <ItemStatus>1</ItemStatus>
      <ItemId>146178</ItemId>
    </Item>
    <Item>
      <PriceUpdateDate>2025-08-19 11:25:15</PriceUpdateDate>
      <ItemCode>7290004121853</ItemCode>
      <ItemType>1</ItemType>
      <ItemName>פיראוס קוביות בולגרי</ItemName>
      <ManufacturerName>קריות זול</ManufacturerName>
      <ManufactureCountry>לא ידוע</ManufactureCountry>
      <ManufacturerItemDescription>פיראוס קוביות בולגרי</ManufacturerItemDescription>
      <UnitQty>לא ידוע</UnitQty>
      <Quantity>200.00</Quantity>
      <UnitOfMeasure>לא ידוע</UnitOfMeasure>
      <bIsWeighted>0</bIsWeighted>
      <QtyInPackage>לא ידוע</QtyInPackage>
      <ItemPrice>29.90</ItemPrice>
      <UnitOfMeasurePrice>0.1495</UnitOfMeasurePrice>
      <AllowDiscount>1</AllowDiscount>
      <ItemStatus>1</ItemStatus>
      <ItemId>146179</ItemId>
    </Item>
    <Item>
      <PriceUpdateDate>2025-08-19 11:25:15</PriceUpdateDate>
      <ItemCode>7290004122119</ItemCode>
      <ItemType>1</ItemType>
      <ItemName>פתיתי פרמזן לפסטה 10</ItemName>
      <ManufacturerName>קריות זול</ManufacturerName>
      <ManufactureCountry>לא ידוע</ManufactureCountry>
      <ManufacturerItemDescription>פתיתי פרמזן לפסטה 10</ManufacturerItemDescription>
      <UnitQty>לא ידוע</UnitQty>
      <Quantity>100.00</Quantity>
      <UnitOfMeasure>לא ידוע</UnitOfMeasure>
      <bIsWeighted>0</bIsWeighted>
      <QtyInPackage>לא ידוע</QtyInPackage>
      <ItemPrice>16.90</ItemPrice>
      <UnitOfMeasurePrice>0.1690</UnitOfMeasurePrice>
      <AllowDiscount>1</AllowDiscount>
      <ItemStatus>1</ItemStatus>
      <ItemId>146184</ItemId>
    </Item>
    <Item>
      <PriceUpdateDate>2025-12-03 10:55:46</PriceUpdateDate>
      <ItemCode>7290004122195</ItemCode>
      <ItemType>1</ItemType>
      <ItemName>גבינה גוש חלב פרוס 2</ItemName>
      <ManufacturerName>קריות זול</ManufacturerName>
      <ManufactureCountry>לא ידוע</ManufactureCountry>
      <ManufacturerItemDescription>גבינה גוש חלב פרוס 2</ManufacturerItemDescription>
      <UnitQty>לא ידוע</UnitQty>
      <Quantity>200.00</Quantity>
      <UnitOfMeasure>לא ידוע</UnitOfMeasure>
      <bIsWeighted>0</bIsWeighted>
      <QtyInPackage>לא ידוע</QtyInPackage>
      <ItemPrice>17.90</ItemPrice>
      <UnitOfMeasurePrice>0.0895</UnitOfMeasurePrice>
      <AllowDiscount>1</AllowDiscount>
      <ItemStatus>1</ItemStatus>
      <ItemId>146185</ItemId>
    </Item>
    <Item>
      <PriceUpdateDate>2025-08-19 11:25:16</PriceUpdateDate>
      <ItemCode>7290004122270</ItemCode>
      <ItemType>1</ItemType>
      <ItemName>גבינה צהובה עמק 28%</ItemName>
      <ManufacturerName>קריות זול</ManufacturerName>
      <ManufactureCountry>לא ידוע</ManufactureCountry>
      <ManufacturerItemDescription>גבינה צהובה עמק 28%</ManufacturerItemDescription>
      <UnitQty>לא ידוע</UnitQty>
      <Quantity>200.00</Quantity>
      <UnitOfMeasure>לא ידוע</UnitOfMeasure>
      <bIsWeighted>0</bIsWeighted>
      <QtyInPackage>לא ידוע</QtyInPackage>
      <ItemPrice>20.70</ItemPrice>
      <UnitOfMeasurePrice>0.1035</UnitOfMeasurePrice>
      <AllowDiscount>1</AllowDiscount>
      <ItemStatus>1</ItemStatus>
      <ItemId>146186</ItemId>
    </Item>
    <Item>
      <PriceUpdateDate>2025-08-19 11:25:17</PriceUpdateDate>
      <ItemCode>7290004122348</ItemCode>
      <ItemType>1</ItemType>
      <ItemName>גבינה צהובה מופחתת ש</ItemName>
      <ManufacturerName>קריות זול</ManufacturerName>
      <ManufactureCountry>לא ידוע</ManufactureCountry>
      <ManufacturerItemDescription>גבינה צהובה מופחתת ש</ManufacturerItemDescription>
      <UnitQty>לא ידוע</UnitQty>
      <Quantity>200.00</Quantity>
      <UnitOfMeasure>לא ידוע</UnitOfMeasure>
      <bIsWeighted>0</bIsWeighted>
      <QtyInPackage>לא ידוע</QtyInPackage>
      <ItemPrice>22.50</ItemPrice>
      <UnitOfMeasurePrice>0.1125</UnitOfMeasurePrice>
      <AllowDiscount>1</AllowDiscount>
      <ItemStatus>1</ItemStatus>
      <ItemId>146188</ItemId>
    </Item>
    <Item>
      <PriceUpdateDate>2025-08-19 11:25:17</PriceUpdateDate>
      <ItemCode>7290004122676</ItemCode>
      <ItemType>1</ItemType>
      <ItemName>פיראוס חמד 5% 250 גר</ItemName>
      <ManufacturerName>קריות זול</ManufacturerName>
      <ManufactureCountry>לא ידוע</ManufactureCountry>
      <ManufacturerItemDescription>פיראוס חמד 5% 250 גר</ManufacturerItemDescription>
      <UnitQty>לא ידוע</UnitQty>
      <Quantity>250.00</Quantity>
      <UnitOfMeasure>לא ידוע</UnitOfMeasure>
      <bIsWeighted>0</bIsWeighted>
      <QtyInPackage>לא ידוע</QtyInPackage>
      <ItemPrice>23.90</ItemPrice>
      <UnitOfMeasurePrice>0.0956</UnitOfMeasurePrice>
      <AllowDiscount>1</AllowDiscount>
      <ItemStatus>1</ItemStatus>
      <ItemId>146193</ItemId>
    </Item>
    <Item>
      <PriceUpdateDate>2025-08-19 11:25:17</PriceUpdateDate>
      <ItemCode>7290004122683</ItemCode>
      <ItemType>1</ItemType>
      <ItemName>אצבעות גבינה צהובה ע</ItemName>
      <ManufacturerName>קריות זול</ManufacturerName>
      <ManufactureCountry>לא ידוע</ManufactureCountry>
      <ManufacturerItemDescription>אצבעות גבינה צהובה ע</ManufacturerItemDescription>
      <UnitQty>לא ידוע</UnitQty>
      <Quantity>172.00</Quantity>
      <UnitOfMeasure>לא ידוע</UnitOfMeasure>
      <bIsWeighted>0</bIsWeighted>
      <QtyInPackage>לא ידוע</QtyInPackage>
      <ItemPrice>21.50</ItemPrice>
      <UnitOfMeasurePrice>0.1250</UnitOfMeasurePrice>
      <AllowDiscount>1</AllowDiscount>
      <ItemStatus>1</ItemStatus>
      <ItemId>146194</ItemId>
    </Item>
    <Item>
      <PriceUpdateDate>2025-08-19 11:25:18</PriceUpdateDate>
      <ItemCode>7290004124205</ItemCode>
      <ItemType>1</ItemType>
      <ItemName>יופלה דיאט תות 0% 15</ItemName>
      <ManufacturerName>קריות זול</ManufacturerName>
      <ManufactureCountry>לא ידוע</ManufactureCountry>
      <ManufacturerItemDescription>יופלה דיאט תות 0% 15</ManufacturerItemDescription>
      <UnitQty>לא ידוע</UnitQty>
      <Quantity>150.00</Quantity>
      <UnitOfMeasure>לא ידוע</UnitOfMeasure>
      <bIsWeighted>0</bIsWeighted>
      <QtyInPackage>לא ידוע</QtyInPackage>
      <ItemPrice>6.20</ItemPrice>
      <UnitOfMeasurePrice>0.0413</UnitOfMeasurePrice>
      <AllowDiscount>1</AllowDiscount>
      <ItemStatus>1</ItemStatus>
      <ItemId>146215</ItemId>
    </Item>
    <Item>
      <PriceUpdateDate>2025-08-19 11:25:18</PriceUpdateDate>
      <ItemCode>7290004124847</ItemCode>
      <ItemType>1</ItemType>
      <ItemName>קצפת צמחית 24% 500מל</ItemName>
      <ManufacturerName>קריות זול</ManufacturerName>
      <ManufactureCountry>לא ידוע</ManufactureCountry>
      <ManufacturerItemDescription>קצפת צמחית 24% 500מל</ManufacturerItemDescription>
      <UnitQty>לא ידוע</UnitQty>
      <Quantity>500.00</Quantity>
      <UnitOfMeasure>לא ידוע</UnitOfMeasure>
      <bIsWeighted>0</bIsWeighted>
      <QtyInPackage>לא ידוע</QtyInPackage>
      <ItemPrice>18.90</ItemPrice>
      <UnitOfMeasurePrice>0.0378</UnitOfMeasurePrice>
      <AllowDiscount>1</AllowDiscount>
      <ItemStatus>1</ItemStatus>
      <ItemId>146220</ItemId>
    </Item>
    <Item>
      <PriceUpdateDate>2025-08-19 11:25:19</PriceUpdateDate>
      <ItemCode>7290004125370</ItemCode>
      <ItemType>1</ItemType>
      <ItemName>שמנת קלה 9% 200מל תנ</ItemName>
      <ManufacturerName>קריות זול</ManufacturerName>
      <ManufactureCountry>לא ידוע</ManufactureCountry>
      <ManufacturerItemDescription>שמנת קלה 9% 200מל תנ</ManufacturerItemDescription>
      <UnitQty>לא ידוע</UnitQty>
      <Quantity>200.00</Quantity>
      <UnitOfMeasure>לא ידוע</UnitOfMeasure>
      <bIsWeighted>0</bIsWeighted>
      <QtyInPackage>לא ידוע</QtyInPackage>
      <ItemPrice>5.10</ItemPrice>
      <UnitOfMeasurePrice>0.0255</UnitOfMeasurePrice>
      <AllowDiscount>1</AllowDiscount>
      <ItemStatus>1</ItemStatus>
      <ItemId>146224</ItemId>
    </Item>
    <Item>
      <PriceUpdateDate>2025-05-05 07:31:06</PriceUpdateDate>
      <ItemCode>7290004125400</ItemCode>
      <ItemType>1</ItemType>
      <ItemName>אשל 4.5% מהדרין תנוב</ItemName>
      <ManufacturerName>קריות זול</ManufacturerName>
      <ManufactureCountry>לא ידוע</ManufactureCountry>
      <ManufacturerItemDescription>אשל 4.5% מהדרין תנוב</ManufacturerItemDescription>
      <UnitQty>לא ידוע</UnitQty>
      <Quantity>200.00</Quantity>
      <UnitOfMeasure>לא ידוע</UnitOfMeasure>
      <bIsWeighted>0</bIsWeighted>
      <QtyInPackage>לא ידוע</QtyInPackage>
      <ItemPrice>1.97</ItemPrice>
      <UnitOfMeasurePrice>0.0098</UnitOfMeasurePrice>
      <AllowDiscount>1</AllowDiscount>
      <ItemStatus>1</ItemStatus>
      <ItemId>146225</ItemId>
    </Item>
    <Item>
      <PriceUpdateDate>2025-05-05 07:31:06</PriceUpdateDate>
      <ItemCode>7290004125417</ItemCode>
      <ItemType>1</ItemType>
      <ItemName>גיל 3% מהדרין תנובה</ItemName>
      <ManufacturerName>קריות זול</ManufacturerName>
      <ManufactureCountry>לא ידוע</ManufactureCountry>
      <ManufacturerItemDescription>גיל 3% מהדרין תנובה</ManufacturerItemDescription>
      <UnitQty>לא ידוע</UnitQty>
      <Quantity>200.00</Quantity>
      <UnitOfMeasure>לא ידוע</UnitOfMeasure>
      <bIsWeighted>0</bIsWeighted>
      <QtyInPackage>לא ידוע</QtyInPackage>
      <ItemPrice>1.76</ItemPrice>
      <UnitOfMeasurePrice>0.0088</UnitOfMeasurePrice>
      <AllowDiscount>1</AllowDiscount>
      <ItemStatus>1</ItemStatus>
      <ItemId>146226</ItemId>
    </Item>
    <Item>
      <PriceUpdateDate>2025-05-05 07:31:06</PriceUpdateDate>
      <ItemCode>7290004125455</ItemCode>
      <ItemType>1</ItemType>
      <ItemName>שמנת חמוצה 15% מהדרי</ItemName>
      <ManufacturerName>קריות זול</ManufacturerName>
      <ManufactureCountry>לא ידוע</ManufactureCountry>
      <ManufacturerItemDescription>שמנת חמוצה 15% מהדרי</ManufacturerItemDescription>
      <UnitQty>לא ידוע</UnitQty>
      <Quantity>200.00</Quantity>
      <UnitOfMeasure>לא ידוע</UnitOfMeasure>
      <bIsWeighted>0</bIsWeighted>
      <QtyInPackage>לא ידוע</QtyInPackage>
      <ItemPrice>2.81</ItemPrice>
      <UnitOfMeasurePrice>0.0141</UnitOfMeasurePrice>
      <AllowDiscount>1</AllowDiscount>
      <ItemStatus>1</ItemStatus>
      <ItemId>146227</ItemId>
    </Item>
    <Item>
      <PriceUpdateDate>2024-12-31 12:11:46</PriceUpdateDate>
      <ItemCode>7290004125509</ItemCode>
      <ItemType>1</ItemType>
      <ItemName>שמנת חצי מנה 15% תנו</ItemName>
      <ManufacturerName>קריות זול</ManufacturerName>
      <ManufactureCountry>לא ידוע</ManufactureCountry>
      <ManufacturerItemDescription>שמנת חצי מנה 15% תנו</ManufacturerItemDescription>
      <UnitQty>לא ידוע</UnitQty>
      <Quantity>100.00</Quantity>
      <UnitOfMeasure>לא ידוע</UnitOfMeasure>
      <bIsWeighted>0</bIsWeighted>
      <QtyInPackage>לא ידוע</QtyInPackage>
      <ItemPrice>2.90</ItemPrice>
      <UnitOfMeasurePrice>0.0290</UnitOfMeasurePrice>
      <AllowDiscount>1</AllowDiscount>
      <ItemStatus>1</ItemStatus>
      <ItemId>146229</ItemId>
    </Item>
    <Item>
      <PriceUpdateDate>2025-05-06 08:35:44</PriceUpdateDate>
      <ItemCode>7290004125578</ItemCode>
      <ItemType>1</ItemType>
      <ItemName>משקה סויה מועשר בסיד</ItemName>
      <ManufacturerName>קריות זול</ManufacturerName>
      <ManufactureCountry>לא ידוע</ManufactureCountry>
      <ManufacturerItemDescription>משקה סויה מועשר בסיד</ManufacturerItemDescription>
      <UnitQty>לא ידוע</UnitQty>
      <Quantity>1000.00</Quantity>
      <UnitOfMeasure>לא ידוע</UnitOfMeasure>
      <bIsWeighted>0</bIsWeighted>
      <QtyInPackage>לא ידוע</QtyInPackage>
      <ItemPrice>12.90</ItemPrice>
      <UnitOfMeasurePrice>0.0129</UnitOfMeasurePrice>
      <AllowDiscount>1</AllowDiscount>
      <ItemStatus>1</ItemStatus>
      <ItemId>146230</ItemId>
    </Item>
    <Item>
      <PriceUpdateDate>2024-12-31 12:11:46</PriceUpdateDate>
      <ItemCode>7290004125585</ItemCode>
      <ItemType>1</ItemType>
      <ItemName>משקה סויה על הבוקר ת</ItemName>
      <ManufacturerName>קריות זול</ManufacturerName>
      <ManufactureCountry>לא ידוע</ManufactureCountry>
      <ManufacturerItemDescription>משקה סויה על הבוקר ת</ManufacturerItemDescription>
      <UnitQty>לא ידוע</UnitQty>
      <Quantity>1000.00</Quantity>
      <UnitOfMeasure>לא ידוע</UnitOfMeasure>
      <bIsWeighted>0</bIsWeighted>
      <QtyInPackage>לא ידוע</QtyInPackage>
      <ItemPrice>12.90</ItemPrice>
      <UnitOfMeasurePrice>0.0129</UnitOfMeasurePrice>
      <AllowDiscount>1</AllowDiscount>
      <ItemStatus>1</ItemStatus>
      <ItemId>146231</ItemId>
    </Item>
    <Item>
      <PriceUpdateDate>2025-08-19 11:25:20</PriceUpdateDate>
      <ItemCode>7290004125738</ItemCode>
      <ItemType>1</ItemType>
      <ItemName>שמנת להקצפה 32% 250מ</ItemName>
      <ManufacturerName>קריות זול</ManufacturerName>
      <ManufactureCountry>לא ידוע</ManufactureCountry>
      <ManufacturerItemDescription>שמנת להקצפה 32% 250מ</ManufacturerItemDescription>
      <UnitQty>לא ידוע</UnitQty>
      <Quantity>250.00</Quantity>
      <UnitOfMeasure>לא ידוע</UnitOfMeasure>
      <bIsWeighted>0</bIsWeighted>
      <QtyInPackage>לא ידוע</QtyInPackage>
      <ItemPrice>9.00</ItemPrice>
      <UnitOfMeasurePrice>0.0360</UnitOfMeasurePrice>
      <AllowDiscount>1</AllowDiscount>
      <ItemStatus>1</ItemStatus>
      <ItemId>146235</ItemId>
    </Item>
    <Item>
      <PriceUpdateDate>2025-08-19 11:25:20</PriceUpdateDate>
      <ItemCode>7290004125776</ItemCode>
      <ItemType>1</ItemType>
      <ItemName>גבינה צהובה עמק 28%</ItemName>
      <ManufacturerName>קריות זול</ManufacturerName>
      <ManufactureCountry>לא ידוע</ManufactureCountry>
      <ManufacturerItemDescription>גבינה צהובה עמק 28%</ManufacturerItemDescription>
      <UnitQty>לא ידוע</UnitQty>
      <Quantity>400.00</Quantity>
      <UnitOfMeasure>לא ידוע</UnitOfMeasure>
      <bIsWeighted>0</bIsWeighted>
      <QtyInPackage>לא ידוע</QtyInPackage>
      <ItemPrice>35.90</ItemPrice>
      <UnitOfMeasurePrice>0.0897</UnitOfMeasurePrice>
      <AllowDiscount>1</AllowDiscount>
      <ItemStatus>1</ItemStatus>
      <ItemId>146237</ItemId>
    </Item>
    <Item>
      <PriceUpdateDate>2025-08-19 11:25:20</PriceUpdateDate>
      <ItemCode>7290004126674</ItemCode>
      <ItemType>1</ItemType>
      <ItemName>טל העמק לייט 9% 200</ItemName>
      <ManufacturerName>קריות זול</ManufacturerName>
      <ManufactureCountry>לא ידוע</ManufactureCountry>
      <ManufacturerItemDescription>טל העמק לייט 9% 200</ManufacturerItemDescription>
      <UnitQty>לא ידוע</UnitQty>
      <Quantity>200.00</Quantity>
      <UnitOfMeasure>לא ידוע</UnitOfMeasure>
      <bIsWeighted>0</bIsWeighted>
      <QtyInPackage>לא ידוע</QtyInPackage>
      <ItemPrice>24.50</ItemPrice>
      <UnitOfMeasurePrice>0.1225</UnitOfMeasurePrice>
      <AllowDiscount>1</AllowDiscount>
      <ItemStatus>1</ItemStatus>
      <ItemId>146242</ItemId>
    </Item>
    <Item>
      <PriceUpdateDate>2025-08-19 11:25:21</PriceUpdateDate>
      <ItemCode>7290004126759</ItemCode>
      <ItemType>1</ItemType>
      <ItemName>יופלה דיאט פירות יער</ItemName>
      <ManufacturerName>קריות זול</ManufacturerName>
      <ManufactureCountry>לא ידוע</ManufactureCountry>
      <ManufacturerItemDescription>יופלה דיאט פירות יער</ManufacturerItemDescription>
      <UnitQty>לא ידוע</UnitQty>
      <Quantity>150.00</Quantity>
      <UnitOfMeasure>לא ידוע</UnitOfMeasure>
      <bIsWeighted>0</bIsWeighted>
      <QtyInPackage>לא ידוע</QtyInPackage>
      <ItemPrice>6.20</ItemPrice>
      <UnitOfMeasurePrice>0.0413</UnitOfMeasurePrice>
      <AllowDiscount>1</AllowDiscount>
      <ItemStatus>1</ItemStatus>
      <ItemId>146244</ItemId>
    </Item>
    <Item>
      <PriceUpdateDate>2025-08-19 11:25:23</PriceUpdateDate>
      <ItemCode>7290004126872</ItemCode>
      <ItemType>1</ItemType>
      <ItemName>שוקו תנובה בקבוק 250</ItemName>
      <ManufacturerName>קריות זול</ManufacturerName>
      <ManufactureCountry>לא ידוע</ManufactureCountry>
      <ManufacturerItemDescription>שוקו תנובה בקבוק 250</ManufacturerItemDescription>
      <UnitQty>לא ידוע</UnitQty>
      <Quantity>250.00</Quantity>
      <UnitOfMeasure>לא ידוע</UnitOfMeasure>
      <bIsWeighted>0</bIsWeighted>
      <QtyInPackage>לא ידוע</QtyInPackage>
      <ItemPrice>7.90</ItemPrice>
      <UnitOfMeasurePrice>0.0316</UnitOfMeasurePrice>
      <AllowDiscount>1</AllowDiscount>
      <ItemStatus>1</ItemStatus>
      <ItemId>146245</ItemId>
    </Item>
    <Item>
      <PriceUpdateDate>2025-05-19 11:45:38</PriceUpdateDate>
      <ItemCode>7290004127077</ItemCode>
      <ItemType>1</ItemType>
      <ItemName>גבינת קוטג׳ 3% תנובה</ItemName>
      <ManufacturerName>קריות זול</ManufacturerName>
      <ManufactureCountry>לא ידוע</ManufactureCountry>
      <ManufacturerItemDescription>גבינת קוטג׳ 3% תנובה</ManufacturerItemDescription>
      <UnitQty>לא ידוע</UnitQty>
      <Quantity>250.00</Quantity>
      <UnitOfMeasure>לא ידוע</UnitOfMeasure>
      <bIsWeighted>0</bIsWeighted>
      <QtyInPackage>לא ידוע</QtyInPackage>
      <ItemPrice>6.50</ItemPrice>
      <UnitOfMeasurePrice>0.0260</UnitOfMeasurePrice>
      <AllowDiscount>1</AllowDiscount>
      <ItemStatus>1</ItemStatus>
      <ItemId>146246</ItemId>
    </Item>
    <Item>
      <PriceUpdateDate>2025-05-19 11:45:38</PriceUpdateDate>
      <ItemCode>7290004127329</ItemCode>
      <ItemType>1</ItemType>
      <ItemName>גבינת קוטג 5% תנובה</ItemName>
      <ManufacturerName>קריות זול</ManufacturerName>
      <ManufactureCountry>לא ידוע</ManufactureCountry>
      <ManufacturerItemDescription>גבינת קוטג 5% תנובה</ManufacturerItemDescription>
      <UnitQty>לא ידוע</UnitQty>
      <Quantity>250.00</Quantity>
      <UnitOfMeasure>לא ידוע</UnitOfMeasure>
      <bIsWeighted>0</bIsWeighted>
      <QtyInPackage>לא ידוע</QtyInPackage>
      <ItemPrice>6.50</ItemPrice>
      <UnitOfMeasurePrice>0.0260</UnitOfMeasurePrice>
      <AllowDiscount>1</AllowDiscount>
      <ItemStatus>1</ItemStatus>
      <ItemId>146248</ItemId>
    </Item>
    <Item>
      <PriceUpdateDate>2025-05-19 11:45:39</PriceUpdateDate>
      <ItemCode>7290004127336</ItemCode>
      <ItemType>1</ItemType>
      <ItemName>גבינת קוטג 9% תנובה</ItemName>
      <ManufacturerName>קריות זול</ManufacturerName>
      <ManufactureCountry>לא ידוע</ManufactureCountry>
      <ManufacturerItemDescription>גבינת קוטג 9% תנובה</ManufacturerItemDescription>
      <UnitQty>לא ידוע</UnitQty>
      <Quantity>250.00</Quantity>
      <UnitOfMeasure>לא ידוע</UnitOfMeasure>
      <bIsWeighted>0</bIsWeighted>
      <QtyInPackage>לא ידוע</QtyInPackage>
      <ItemPrice>6.50</ItemPrice>
      <UnitOfMeasurePrice>0.0260</UnitOfMeasurePrice>
      <AllowDiscount>1</AllowDiscount>
      <ItemStatus>1</ItemStatus>
      <ItemId>146249</ItemId>
    </Item>
    <Item>
      <PriceUpdateDate>2025-05-05 07:31:06</PriceUpdateDate>
      <ItemCode>7290004127800</ItemCode>
      <ItemType>1</ItemType>
      <ItemName>גבינה לבנה 5% תנובה</ItemName>
      <ManufacturerName>קריות זול</ManufacturerName>
      <ManufactureCountry>לא ידוע</ManufactureCountry>
      <ManufacturerItemDescription>גבינה לבנה 5% תנובה</ManufacturerItemDescription>
      <UnitQty>לא ידוע</UnitQty>
      <Quantity>500.00</Quantity>
      <UnitOfMeasure>לא ידוע</UnitOfMeasure>
      <bIsWeighted>0</bIsWeighted>
      <QtyInPackage>לא ידוע</QtyInPackage>
      <ItemPrice>11.62</ItemPrice>
      <UnitOfMeasurePrice>0.0232</UnitOfMeasurePrice>
      <AllowDiscount>1</AllowDiscount>
      <ItemStatus>1</ItemStatus>
      <ItemId>146253</ItemId>
    </Item>
    <Item>
      <PriceUpdateDate>2025-08-19 11:25:24</PriceUpdateDate>
      <ItemCode>7290004127817</ItemCode>
      <ItemType>1</ItemType>
      <ItemName>גבינה לבנה 9% תנובה</ItemName>
      <ManufacturerName>קריות זול</ManufacturerName>
      <ManufactureCountry>לא ידוע</ManufactureCountry>
      <ManufacturerItemDescription>גבינה לבנה 9% תנובה</ManufacturerItemDescription>
      <UnitQty>לא ידוע</UnitQty>
      <Quantity>500.00</Quantity>
      <UnitOfMeasure>לא ידוע</UnitOfMeasure>
      <bIsWeighted>0</bIsWeighted>
      <QtyInPackage>לא ידוע</QtyInPackage>
      <ItemPrice>12.40</ItemPrice>
      <UnitOfMeasurePrice>0.0248</UnitOfMeasurePrice>
      <AllowDiscount>1</AllowDiscount>
      <ItemStatus>1</ItemStatus>
      <ItemId>146254</ItemId>
    </Item>
    <Item>
      <PriceUpdateDate>2025-05-05 07:31:07</PriceUpdateDate>
      <ItemCode>7290004127862</ItemCode>
      <ItemType>1</ItemType>
      <ItemName>גבינה לבנה 5% תנובה</ItemName>
      <ManufacturerName>קריות זול</ManufacturerName>
      <ManufactureCountry>לא ידוע</ManufactureCountry>
      <ManufacturerItemDescription>גבינה לבנה 5% תנובה</ManufacturerItemDescription>
      <UnitQty>לא ידוע</UnitQty>
      <Quantity>750.00</Quantity>
      <UnitOfMeasure>לא ידוע</UnitOfMeasure>
      <bIsWeighted>0</bIsWeighted>
      <QtyInPackage>לא ידוע</QtyInPackage>
      <ItemPrice>17.43</ItemPrice>
      <UnitOfMeasurePrice>0.0232</UnitOfMeasurePrice>
      <AllowDiscount>1</AllowDiscount>
      <ItemStatus>1</ItemStatus>
      <ItemId>146255</ItemId>
    </Item>
    <Item>
      <PriceUpdateDate>2025-08-21 12:17:47</PriceUpdateDate>
      <ItemCode>7290004128333</ItemCode>
      <ItemType>1</ItemType>
      <ItemName>לאבנה גביע 9% 500גר</ItemName>
      <ManufacturerName>קריות זול</ManufacturerName>
      <ManufactureCountry>לא ידוע</ManufactureCountry>
      <ManufacturerItemDescription>לאבנה גביע 9% 500גר</ManufacturerItemDescription>
      <UnitQty>לא ידוע</UnitQty>
      <Quantity>500.00</Quantity>
      <UnitOfMeasure>לא ידוע</UnitOfMeasure>
      <bIsWeighted>0</bIsWeighted>
      <QtyInPackage>לא ידוע</QtyInPackage>
      <ItemPrice>26.90</ItemPrice>
      <UnitOfMeasurePrice>0.0538</UnitOfMeasurePrice>
      <AllowDiscount>1</AllowDiscount>
      <ItemStatus>1</ItemStatus>
      <ItemId>146267</ItemId>
    </Item>
    <Item>
      <PriceUpdateDate>2025-08-19 11:25:27</PriceUpdateDate>
      <ItemCode>7290004129101</ItemCode>
      <ItemType>1</ItemType>
      <ItemName>גבינת נפוליאון בטעם</ItemName>
      <ManufacturerName>קריות זול</ManufacturerName>
      <ManufactureCountry>לא ידוע</ManufactureCountry>
      <ManufacturerItemDescription>גבינת נפוליאון בטעם</ManufacturerItemDescription>
      <UnitQty>לא ידוע</UnitQty>
      <Quantity>225.00</Quantity>
      <UnitOfMeasure>לא ידוע</UnitOfMeasure>
      <bIsWeighted>0</bIsWeighted>
      <QtyInPackage>לא ידוע</QtyInPackage>
      <ItemPrice>17.90</ItemPrice>
      <UnitOfMeasurePrice>0.0796</UnitOfMeasurePrice>
      <AllowDiscount>1</AllowDiscount>
      <ItemStatus>1</ItemStatus>
      <ItemId>146275</ItemId>
    </Item>
    <Item>
      <PriceUpdateDate>2025-08-19 11:25:28</PriceUpdateDate>
      <ItemCode>7290004129118</ItemCode>
      <ItemType>1</ItemType>
      <ItemName>גבינת נפוליאון בטעם</ItemName>
      <ManufacturerName>קריות זול</ManufacturerName>
      <ManufactureCountry>לא ידוע</ManufactureCountry>
      <ManufacturerItemDescription>גבינת נפוליאון בטעם</ManufacturerItemDescription>
      <UnitQty>לא ידוע</UnitQty>
      <Quantity>225.00</Quantity>
      <UnitOfMeasure>לא ידוע</UnitOfMeasure>
      <bIsWeighted>0</bIsWeighted>
      <QtyInPackage>לא ידוע</QtyInPackage>
      <ItemPrice>17.90</ItemPrice>
      <UnitOfMeasurePrice>0.0796</UnitOfMeasurePrice>
      <AllowDiscount>1</AllowDiscount>
      <ItemStatus>1</ItemStatus>
      <ItemId>146276</ItemId>
    </Item>
    <Item>
      <PriceUpdateDate>2025-08-19 11:25:29</PriceUpdateDate>
      <ItemCode>7290004129156</ItemCode>
      <ItemType>1</ItemType>
      <ItemName>גבינת נפוליאון שום ש</ItemName>
      <ManufacturerName>קריות זול</ManufacturerName>
      <ManufactureCountry>לא ידוע</ManufactureCountry>
      <ManufacturerItemDescription>גבינת נפוליאון שום ש</ManufacturerItemDescription>
      <UnitQty>לא ידוע</UnitQty>
      <Quantity>225.00</Quantity>
      <UnitOfMeasure>לא ידוע</UnitOfMeasure>
      <bIsWeighted>0</bIsWeighted>
      <QtyInPackage>לא ידוע</QtyInPackage>
      <ItemPrice>17.90</ItemPrice>
      <UnitOfMeasurePrice>0.0796</UnitOfMeasurePrice>
      <AllowDiscount>1</AllowDiscount>
      <ItemStatus>1</ItemStatus>
      <ItemId>146277</ItemId>
    </Item>
    <Item>
      <PriceUpdateDate>2025-08-19 11:25:30</PriceUpdateDate>
      <ItemCode>7290004129545</ItemCode>
      <ItemType>1</ItemType>
      <ItemName>גבינה לבנה 3% תנובה</ItemName>
      <ManufacturerName>קריות זול</ManufacturerName>
      <ManufactureCountry>לא ידוע</ManufactureCountry>
      <ManufacturerItemDescription>גבינה לבנה 3% תנובה</ManufacturerItemDescription>
      <UnitQty>לא ידוע</UnitQty>
      <Quantity>250.00</Quantity>
      <UnitOfMeasure>לא ידוע</UnitOfMeasure>
      <bIsWeighted>0</bIsWeighted>
      <QtyInPackage>לא ידוע</QtyInPackage>
      <ItemPrice>6.30</ItemPrice>
      <UnitOfMeasurePrice>0.0252</UnitOfMeasurePrice>
      <AllowDiscount>1</AllowDiscount>
      <ItemStatus>1</ItemStatus>
      <ItemId>146282</ItemId>
    </Item>
    <Item>
      <PriceUpdateDate>2025-08-21 12:17:47</PriceUpdateDate>
      <ItemCode>7290004129767</ItemCode>
      <ItemType>1</ItemType>
      <ItemName>יופלה לבן מאגדת שמינ</ItemName>
      <ManufacturerName>קריות זול</ManufacturerName>
      <ManufactureCountry>לא ידוע</ManufactureCountry>
      <ManufacturerItemDescription>יופלה לבן מאגדת שמינ</ManufacturerItemDescription>
      <UnitQty>לא ידוע</UnitQty>
      <Quantity>1200.00</Quantity>
      <UnitOfMeasure>לא ידוע</UnitOfMeasure>
      <bIsWeighted>0</bIsWeighted>
      <QtyInPackage>לא ידוע</QtyInPackage>
      <ItemPrice>22.90</ItemPrice>
      <UnitOfMeasurePrice>0.0191</UnitOfMeasurePrice>
      <AllowDiscount>1</AllowDiscount>
      <ItemStatus>1</ItemStatus>
      <ItemId>146287</ItemId>
    </Item>
    <Item>
      <PriceUpdateDate>2025-05-06 14:32:56</PriceUpdateDate>
      <ItemCode>7290004130794</ItemCode>
      <ItemType>1</ItemType>
      <ItemName>משקה סויה מועשר 1 לי</ItemName>
      <ManufacturerName>קריות זול</ManufacturerName>
      <ManufactureCountry>לא ידוע</ManufactureCountry>
      <ManufacturerItemDescription>משקה סויה מועשר 1 לי</ManufacturerItemDescription>
      <UnitQty>לא ידוע</UnitQty>
      <Quantity>1000.00</Quantity>
      <UnitOfMeasure>לא ידוע</UnitOfMeasure>
      <bIsWeighted>0</bIsWeighted>
      <QtyInPackage>לא ידוע</QtyInPackage>
      <ItemPrice>12.90</ItemPrice>
      <UnitOfMeasurePrice>0.0129</UnitOfMeasurePrice>
      <AllowDiscount>1</AllowDiscount>
      <ItemStatus>1</ItemStatus>
      <ItemId>146293</ItemId>
    </Item>
    <Item>
      <PriceUpdateDate>2025-05-05 07:31:07</PriceUpdateDate>
      <ItemCode>7290004131074</ItemCode>
      <ItemType>1</ItemType>
      <ItemName>חלב בקרטון 3% שומן ת</ItemName>
      <ManufacturerName>קריות זול</ManufacturerName>
      <ManufactureCountry>לא ידוע</ManufactureCountry>
      <ManufacturerItemDescription>חלב בקרטון 3% שומן ת</ManufacturerItemDescription>
      <UnitQty>לא ידוע</UnitQty>
      <Quantity>1000.00</Quantity>
      <UnitOfMeasure>לא ידוע</UnitOfMeasure>
      <bIsWeighted>0</bIsWeighted>
      <QtyInPackage>לא ידוע</QtyInPackage>
      <ItemPrice>7.28</ItemPrice>
      <UnitOfMeasurePrice>0.0073</UnitOfMeasurePrice>
      <AllowDiscount>1</AllowDiscount>
      <ItemStatus>1</ItemStatus>
      <ItemId>146298</ItemId>
    </Item>
    <Item>
      <PriceUpdateDate>2025-08-19 11:25:33</PriceUpdateDate>
      <ItemCode>7290004131227</ItemCode>
      <ItemType>1</ItemType>
      <ItemName>גבינה לבנה 3% תנובה</ItemName>
      <ManufacturerName>קריות זול</ManufacturerName>
      <ManufactureCountry>לא ידוע</ManufactureCountry>
      <ManufacturerItemDescription>גבינה לבנה 3% תנובה</ManufacturerItemDescription>
      <UnitQty>לא ידוע</UnitQty>
      <Quantity>500.00</Quantity>
      <UnitOfMeasure>לא ידוע</UnitOfMeasure>
      <bIsWeighted>0</bIsWeighted>
      <QtyInPackage>לא ידוע</QtyInPackage>
      <ItemPrice>12.90</ItemPrice>
      <UnitOfMeasurePrice>0.0258</UnitOfMeasurePrice>
      <AllowDiscount>1</AllowDiscount>
      <ItemStatus>1</ItemStatus>
      <ItemId>146301</ItemId>
    </Item>
    <Item>
      <PriceUpdateDate>2025-08-19 11:25:35</PriceUpdateDate>
      <ItemCode>7290004131814</ItemCode>
      <ItemType>1</ItemType>
      <ItemName>פיראוס צפתית 5% מעוד</ItemName>
      <ManufacturerName>קריות זול</ManufacturerName>
      <ManufactureCountry>לא ידוע</ManufactureCountry>
      <ManufacturerItemDescription>פיראוס צפתית 5% מעוד</ManufacturerItemDescription>
      <UnitQty>לא ידוע</UnitQty>
      <Quantity>200.00</Quantity>
      <UnitOfMeasure>לא ידוע</UnitOfMeasure>
      <bIsWeighted>0</bIsWeighted>
      <QtyInPackage>לא ידוע</QtyInPackage>
      <ItemPrice>19.20</ItemPrice>
      <UnitOfMeasurePrice>0.0960</UnitOfMeasurePrice>
      <AllowDiscount>1</AllowDiscount>
      <ItemStatus>1</ItemStatus>
      <ItemId>146317</ItemId>
    </Item>
    <Item>
      <PriceUpdateDate>2025-08-19 11:25:35</PriceUpdateDate>
      <ItemCode>7290004131845</ItemCode>
      <ItemType>1</ItemType>
      <ItemName>לאבנה גביע 9% 750גר</ItemName>
      <ManufacturerName>לא ידוע</ManufacturerName>
      <ManufactureCountry>לא ידוע</ManufactureCountry>
      <ManufacturerItemDescription>לאבנה גביע 9% 750גר</ManufacturerItemDescription>
      <UnitQty>לא ידוע</UnitQty>
      <Quantity>750.00</Quantity>
      <UnitOfMeasure>לא ידוע</UnitOfMeasure>
      <bIsWeighted>0</bIsWeighted>
      <QtyInPackage>לא ידוע</QtyInPackage>
      <ItemPrice>29.50</ItemPrice>
      <UnitOfMeasurePrice>0.0393</UnitOfMeasurePrice>
      <AllowDiscount>1</AllowDiscount>
      <ItemStatus>1</ItemStatus>
      <ItemId>146318</ItemId>
    </Item>
    <Item>
      <PriceUpdateDate>2025-08-19 11:25:41</PriceUpdateDate>
      <ItemCode>7290004133511</ItemCode>
      <ItemType>1</ItemType>
      <ItemName>יוגורט לבן מעודן מאר</ItemName>
      <ManufacturerName>קריות זול</ManufacturerName>
      <ManufactureCountry>לא ידוע</ManufactureCountry>
      <ManufacturerItemDescription>יוגורט לבן מעודן מאר</ManufacturerItemDescription>
      <UnitQty>לא ידוע</UnitQty>
      <Quantity>1200.00</Quantity>
      <UnitOfMeasure>לא ידוע</UnitOfMeasure>
      <bIsWeighted>0</bIsWeighted>
      <QtyInPackage>לא ידוע</QtyInPackage>
      <ItemPrice>26.50</ItemPrice>
      <UnitOfMeasurePrice>0.0221</UnitOfMeasurePrice>
      <AllowDiscount>1</AllowDiscount>
      <ItemStatus>1</ItemStatus>
      <ItemId>146348</ItemId>
    </Item>
    <Item>
      <PriceUpdateDate>2025-08-19 11:25:45</PriceUpdateDate>
      <ItemCode>7290004135225</ItemCode>
      <ItemType>1</ItemType>
      <ItemName>מעדן תנובה דיאט שוקו</ItemName>
      <ManufacturerName>קריות זול</ManufacturerName>
      <ManufactureCountry>לא ידוע</ManufactureCountry>
      <ManufacturerItemDescription>מעדן תנובה דיאט שוקו</ManufacturerItemDescription>
      <UnitQty>לא ידוע</UnitQty>
      <Quantity>150.00</Quantity>
      <UnitOfMeasure>לא ידוע</UnitOfMeasure>
      <bIsWeighted>0</bIsWeighted>
      <QtyInPackage>לא ידוע</QtyInPackage>
      <ItemPrice>5.50</ItemPrice>
      <UnitOfMeasurePrice>0.0367</UnitOfMeasurePrice>
      <AllowDiscount>1</AllowDiscount>
      <ItemStatus>1</ItemStatus>
      <ItemId>146386</ItemId>
    </Item>
    <Item>
      <PriceUpdateDate>2025-08-19 11:25:46</PriceUpdateDate>
      <ItemCode>7290004135614</ItemCode>
      <ItemType>1</ItemType>
      <ItemName>פיראוס בולגרית מעודנ</ItemName>
      <ManufacturerName>קריות זול</ManufacturerName>
      <ManufactureCountry>לא ידוע</ManufactureCountry>
      <ManufacturerItemDescription>פיראוס בולגרית מעודנ</ManufacturerItemDescription>
      <UnitQty>לא ידוע</UnitQty>
      <Quantity>250.00</Quantity>
      <UnitOfMeasure>לא ידוע</UnitOfMeasure>
      <bIsWeighted>0</bIsWeighted>
      <QtyInPackage>לא ידוע</QtyInPackage>
      <ItemPrice>29.90</ItemPrice>
      <UnitOfMeasurePrice>0.1196</UnitOfMeasurePrice>
      <AllowDiscount>1</AllowDiscount>
      <ItemStatus>1</ItemStatus>
      <ItemId>146399</ItemId>
    </Item>
    <Item>
      <PriceUpdateDate>2025-08-19 11:25:50</PriceUpdateDate>
      <ItemCode>7290004136857</ItemCode>
      <ItemType>1</ItemType>
      <ItemName>ג'לי תנובה פטל 125גר</ItemName>
      <ManufacturerName>קריות זול</ManufacturerName>
      <ManufactureCountry>לא ידוע</ManufactureCountry>
      <ManufacturerItemDescription>ג'לי תנובה פטל 125גר</ManufacturerItemDescription>
      <UnitQty>לא ידוע</UnitQty>
      <Quantity>125.00</Quantity>
      <UnitOfMeasure>לא ידוע</UnitOfMeasure>
      <bIsWeighted>0</bIsWeighted>
      <QtyInPackage>לא ידוע</QtyInPackage>
      <ItemPrice>3.50</ItemPrice>
      <UnitOfMeasurePrice>0.0280</UnitOfMeasurePrice>
      <AllowDiscount>1</AllowDiscount>
      <ItemStatus>1</ItemStatus>
      <ItemId>146436</ItemId>
    </Item>
    <Item>
      <PriceUpdateDate>2025-08-19 11:25:53</PriceUpdateDate>
      <ItemCode>7290004137311</ItemCode>
      <ItemType>1</ItemType>
      <ItemName>גבינה צהובה עמק לייט</ItemName>
      <ManufacturerName>לא ידוע</ManufacturerName>
      <ManufactureCountry>לא ידוע</ManufactureCountry>
      <ManufacturerItemDescription>גבינה צהובה עמק לייט</ManufacturerItemDescription>
      <UnitQty>לא ידוע</UnitQty>
      <Quantity>400.00</Quantity>
      <UnitOfMeasure>לא ידוע</UnitOfMeasure>
      <bIsWeighted>0</bIsWeighted>
      <QtyInPackage>לא ידוע</QtyInPackage>
      <ItemPrice>37.90</ItemPrice>
      <UnitOfMeasurePrice>0.0947</UnitOfMeasurePrice>
      <AllowDiscount>1</AllowDiscount>
      <ItemStatus>1</ItemStatus>
      <ItemId>146455</ItemId>
    </Item>
    <Item>
      <PriceUpdateDate>2025-08-31 09:27:07</PriceUpdateDate>
      <ItemCode>7290015781046</ItemCode>
      <ItemType>1</ItemType>
      <ItemName>יין ויז'ן לבן חצי יב</ItemName>
      <ManufacturerName>לא ידוע</ManufacturerName>
      <ManufactureCountry>לא ידוע</ManufactureCountry>
      <ManufacturerItemDescription>יין ויז'ן לבן חצי יב</ManufacturerItemDescription>
      <UnitQty>לא ידוע</UnitQty>
      <Quantity>750.00</Quantity>
      <UnitOfMeasure>לא ידוע</UnitOfMeasure>
      <bIsWeighted>0</bIsWeighted>
      <QtyInPackage>לא ידוע</QtyInPackage>
      <ItemPrice>43.90</ItemPrice>
      <UnitOfMeasurePrice>0.0585</UnitOfMeasurePrice>
      <AllowDiscount>1</AllowDiscount>
      <ItemStatus>1</ItemStatus>
      <ItemId>214876</ItemId>
    </Item>
    <Item>
      <PriceUpdateDate>2025-08-19 11:25:54</PriceUpdateDate>
      <ItemCode>7290004137809</ItemCode>
      <ItemType>1</ItemType>
      <ItemName>לאבנה 5% 250גר פיראו</ItemName>
      <ManufacturerName>לא ידוע</ManufacturerName>
      <ManufactureCountry>לא ידוע</ManufactureCountry>
      <ManufacturerItemDescription>לאבנה 5% 250גר פיראו</ManufacturerItemDescription>
      <UnitQty>לא ידוע</UnitQty>
      <Quantity>250.00</Quantity>
      <UnitOfMeasure>לא ידוע</UnitOfMeasure>
      <bIsWeighted>0</bIsWeighted>
      <QtyInPackage>לא ידוע</QtyInPackage>
      <ItemPrice>17.90</ItemPrice>
      <UnitOfMeasurePrice>0.0716</UnitOfMeasurePrice>
      <AllowDiscount>1</AllowDiscount>
      <ItemStatus>1</ItemStatus>
      <ItemId>146467</ItemId>
    </Item>
    <Item>
      <PriceUpdateDate>2025-08-31 09:27:07</PriceUpdateDate>
      <ItemCode>7290015781053</ItemCode>
      <ItemType>1</ItemType>
      <ItemName>יין ויזן לבן יבש 750</ItemName>
      <ManufacturerName>לא ידוע</ManufacturerName>
      <ManufactureCountry>לא ידוע</ManufactureCountry>
      <ManufacturerItemDescription>יין ויזן לבן יבש 750</ManufacturerItemDescription>
      <UnitQty>לא ידוע</UnitQty>
      <Quantity>750.00</Quantity>
      <UnitOfMeasure>לא ידוע</UnitOfMeasure>
      <bIsWeighted>0</bIsWeighted>
      <QtyInPackage>לא ידוע</QtyInPackage>
      <ItemPrice>43.90</ItemPrice>
      <UnitOfMeasurePrice>0.0585</UnitOfMeasurePrice>
      <AllowDiscount>1</AllowDiscount>
      <ItemStatus>1</ItemStatus>
      <ItemId>214877</ItemId>
    </Item>
    <Item>
      <PriceUpdateDate>2025-08-26 11:19:55</PriceUpdateDate>
      <ItemCode>7290014758100</ItemCode>
      <ItemType>1</ItemType>
      <ItemName>יוגורט ביו מאגדת שמי</ItemName>
      <ManufacturerName>לא ידוע</ManufacturerName>
      <ManufactureCountry>לא ידוע</ManufactureCountry>
      <ManufacturerItemDescription>יוגורט ביו מאגדת שמי</ManufacturerItemDescription>
      <UnitQty>לא ידוע</UnitQty>
      <Quantity>1200.00</Quantity>
      <UnitOfMeasure>לא ידוע</UnitOfMeasure>
      <bIsWeighted>0</bIsWeighted>
      <QtyInPackage>לא ידוע</QtyInPackage>
      <ItemPrice>20.30</ItemPrice>
      <UnitOfMeasurePrice>0.0169</UnitOfMeasurePrice>
      <AllowDiscount>1</AllowDiscount>
      <ItemStatus>1</ItemStatus>
      <ItemId>146618</ItemId>
    </Item>
    <Item>
      <PriceUpdateDate>2025-08-31 09:27:09</PriceUpdateDate>
      <ItemCode>7290015781152</ItemCode>
      <ItemType>1</ItemType>
      <ItemName>אימפרשן רוזה 750מ"ל</ItemName>
      <ManufacturerName>לא ידוע</ManufacturerName>
      <ManufactureCountry>לא ידוע</ManufactureCountry>
      <ManufacturerItemDescription>אימפרשן רוזה 750מ"ל</ManufacturerItemDescription>
      <UnitQty>לא ידוע</UnitQty>
      <Quantity>750.00</Quantity>
      <UnitOfMeasure>לא ידוע</UnitOfMeasure>
      <bIsWeighted>0</bIsWeighted>
      <QtyInPackage>לא ידוע</QtyInPackage>
      <ItemPrice>53.90</ItemPrice>
      <UnitOfMeasurePrice>0.0719</UnitOfMeasurePrice>
      <AllowDiscount>1</AllowDiscount>
      <ItemStatus>1</ItemStatus>
      <ItemId>214880</ItemId>
    </Item>
    <Item>
      <PriceUpdateDate>2025-05-19 11:44:07</PriceUpdateDate>
      <ItemCode>7290014758681</ItemCode>
      <ItemType>1</ItemType>
      <ItemName>גבינת קוטג׳ 1% בגביע</ItemName>
      <ManufacturerName>לא ידוע</ManufacturerName>
      <ManufactureCountry>לא ידוע</ManufactureCountry>
      <ManufacturerItemDescription>גבינת קוטג׳ 1% בגביע</ManufacturerItemDescription>
      <UnitQty>לא ידוע</UnitQty>
      <Quantity>250.00</Quantity>
      <UnitOfMeasure>לא ידוע</UnitOfMeasure>
      <bIsWeighted>0</bIsWeighted>
      <QtyInPackage>לא ידוע</QtyInPackage>
      <ItemPrice>6.50</ItemPrice>
      <UnitOfMeasurePrice>0.0260</UnitOfMeasurePrice>
      <AllowDiscount>1</AllowDiscount>
      <ItemStatus>1</ItemStatus>
      <ItemId>146649</ItemId>
    </Item>
    <Item>
      <PriceUpdateDate>2025-08-26 11:19:58</PriceUpdateDate>
      <ItemCode>7290014759084</ItemCode>
      <ItemType>1</ItemType>
      <ItemName>גבינת נפוליאון 16% 2</ItemName>
      <ManufacturerName>לא ידוע</ManufacturerName>
      <ManufactureCountry>לא ידוע</ManufactureCountry>
      <ManufacturerItemDescription>גבינת נפוליאון 16% 2</ManufacturerItemDescription>
      <UnitQty>לא ידוע</UnitQty>
      <Quantity>225.00</Quantity>
      <UnitOfMeasure>לא ידוע</UnitOfMeasure>
      <bIsWeighted>0</bIsWeighted>
      <QtyInPackage>לא ידוע</QtyInPackage>
      <ItemPrice>17.90</ItemPrice>
      <UnitOfMeasurePrice>0.0796</UnitOfMeasurePrice>
      <AllowDiscount>1</AllowDiscount>
      <ItemStatus>1</ItemStatus>
      <ItemId>146662</ItemId>
    </Item>
    <Item>
      <PriceUpdateDate>2025-10-05 07:24:18</PriceUpdateDate>
      <ItemCode>7290014759534</ItemCode>
      <ItemType>1</ItemType>
      <ItemName>בולגרית למריחה טבעי</ItemName>
      <ManufacturerName>לא ידוע</ManufacturerName>
      <ManufactureCountry>לא ידוע</ManufactureCountry>
      <ManufacturerItemDescription>בולגרית למריחה טבעי</ManufacturerItemDescription>
      <UnitQty>לא ידוע</UnitQty>
      <Quantity>200.00</Quantity>
      <UnitOfMeasure>לא ידוע</UnitOfMeasure>
      <bIsWeighted>0</bIsWeighted>
      <QtyInPackage>לא ידוע</QtyInPackage>
      <ItemPrice>18.20</ItemPrice>
      <UnitOfMeasurePrice>0.0910</UnitOfMeasurePrice>
      <AllowDiscount>1</AllowDiscount>
      <ItemStatus>1</ItemStatus>
      <ItemId>146668</ItemId>
    </Item>
    <Item>
      <PriceUpdateDate>2025-05-19 11:45:44</PriceUpdateDate>
      <ItemCode>7290014760448</ItemCode>
      <ItemType>1</ItemType>
      <ItemName>גבינה צהובה 22% שומן</ItemName>
      <ManufacturerName>לא ידוע</ManufacturerName>
      <ManufactureCountry>לא ידוע</ManufactureCountry>
      <ManufacturerItemDescription>גבינה צהובה 22% שומן</ManufacturerItemDescription>
      <UnitQty>לא ידוע</UnitQty>
      <Quantity>400.00</Quantity>
      <UnitOfMeasure>לא ידוע</UnitOfMeasure>
      <bIsWeighted>0</bIsWeighted>
      <QtyInPackage>לא ידוע</QtyInPackage>
      <ItemPrice>29.80</ItemPrice>
      <UnitOfMeasurePrice>0.0745</UnitOfMeasurePrice>
      <AllowDiscount>1</AllowDiscount>
      <ItemStatus>1</ItemStatus>
      <ItemId>146692</ItemId>
    </Item>
    <Item>
      <PriceUpdateDate>2025-08-26 11:20:03</PriceUpdateDate>
      <ItemCode>7290014761018</ItemCode>
      <ItemType>1</ItemType>
      <ItemName>גיל בטעם וניל 3% 125</ItemName>
      <ManufacturerName>לא ידוע</ManufacturerName>
      <ManufactureCountry>לא ידוע</ManufactureCountry>
      <ManufacturerItemDescription>גיל בטעם וניל 3% 125</ManufacturerItemDescription>
      <UnitQty>לא ידוע</UnitQty>
      <Quantity>125.00</Quantity>
      <UnitOfMeasure>לא ידוע</UnitOfMeasure>
      <bIsWeighted>0</bIsWeighted>
      <QtyInPackage>לא ידוע</QtyInPackage>
      <ItemPrice>2.10</ItemPrice>
      <UnitOfMeasurePrice>0.0168</UnitOfMeasurePrice>
      <AllowDiscount>1</AllowDiscount>
      <ItemStatus>1</ItemStatus>
      <ItemId>146706</ItemId>
    </Item>
    <Item>
      <PriceUpdateDate>2025-08-26 11:20:03</PriceUpdateDate>
      <ItemCode>7290014761056</ItemCode>
      <ItemType>1</ItemType>
      <ItemName>מעדן שוקולד חלב יולו</ItemName>
      <ManufacturerName>לא ידוע</ManufacturerName>
      <ManufactureCountry>לא ידוע</ManufactureCountry>
      <ManufacturerItemDescription>מעדן שוקולד חלב יולו</ManufacturerItemDescription>
      <UnitQty>לא ידוע</UnitQty>
      <Quantity>123.00</Quantity>
      <UnitOfMeasure>לא ידוע</UnitOfMeasure>
      <bIsWeighted>0</bIsWeighted>
      <QtyInPackage>לא ידוע</QtyInPackage>
      <ItemPrice>6.30</ItemPrice>
      <UnitOfMeasurePrice>0.0512</UnitOfMeasurePrice>
      <AllowDiscount>1</AllowDiscount>
      <ItemStatus>1</ItemStatus>
      <ItemId>146707</ItemId>
    </Item>
    <Item>
      <PriceUpdateDate>2025-08-26 11:20:14</PriceUpdateDate>
      <ItemCode>7290014762831</ItemCode>
      <ItemType>1</ItemType>
      <ItemName>גבינת נפוליאון 25% ע</ItemName>
      <ManufacturerName>לא ידוע</ManufacturerName>
      <ManufactureCountry>לא ידוע</ManufactureCountry>
      <ManufacturerItemDescription>גבינת נפוליאון 25% ע</ManufacturerItemDescription>
      <UnitQty>לא ידוע</UnitQty>
      <Quantity>225.00</Quantity>
      <UnitOfMeasure>לא ידוע</UnitOfMeasure>
      <bIsWeighted>0</bIsWeighted>
      <QtyInPackage>לא ידוע</QtyInPackage>
      <ItemPrice>17.90</ItemPrice>
      <UnitOfMeasurePrice>0.0796</UnitOfMeasurePrice>
      <AllowDiscount>1</AllowDiscount>
      <ItemStatus>1</ItemStatus>
      <ItemId>146770</ItemId>
    </Item>
    <Item>
      <PriceUpdateDate>2025-08-26 11:20:15</PriceUpdateDate>
      <ItemCode>7290014762909</ItemCode>
      <ItemType>1</ItemType>
      <ItemName>פתיתי מוצרלה 20% שומ</ItemName>
      <ManufacturerName>לא ידוע</ManufacturerName>
      <ManufactureCountry>לא ידוע</ManufactureCountry>
      <ManufacturerItemDescription>פתיתי מוצרלה 20% שומ</ManufacturerItemDescription>
      <UnitQty>לא ידוע</UnitQty>
      <Quantity>200.00</Quantity>
      <UnitOfMeasure>לא ידוע</UnitOfMeasure>
      <bIsWeighted>0</bIsWeighted>
      <QtyInPackage>לא ידוע</QtyInPackage>
      <ItemPrice>22.90</ItemPrice>
      <UnitOfMeasurePrice>0.1145</UnitOfMeasurePrice>
      <AllowDiscount>1</AllowDiscount>
      <ItemStatus>1</ItemStatus>
      <ItemId>146776</ItemId>
    </Item>
    <Item>
      <PriceUpdateDate>2025-09-07 12:42:27</PriceUpdateDate>
      <ItemCode>7296082000080</ItemCode>
      <ItemType>1</ItemType>
      <ItemName>ביצים חופש 12יח</ItemName>
      <ManufacturerName>לא ידוע</ManufacturerName>
      <ManufactureCountry>לא ידוע</ManufactureCountry>
      <ManufacturerItemDescription>ביצים חופש 12יח</ManufacturerItemDescription>
      <UnitQty>לא ידוע</UnitQty>
      <Quantity>12.00</Quantity>
      <UnitOfMeasure>לא ידוע</UnitOfMeasure>
      <bIsWeighted>0</bIsWeighted>
      <QtyInPackage>לא ידוע</QtyInPackage>
      <ItemPrice>28.90</ItemPrice>
      <UnitOfMeasurePrice>2.4083</UnitOfMeasurePrice>
      <AllowDiscount>1</AllowDiscount>
      <ItemStatus>1</ItemStatus>
      <ItemId>146799</ItemId>
    </Item>
    <Item>
      <PriceUpdateDate>2025-11-02 11:36:14</PriceUpdateDate>
      <ItemCode>7296082000103</ItemCode>
      <ItemType>1</ItemType>
      <ItemName>ביצים סופר טריות מדי</ItemName>
      <ManufacturerName>לא ידוע</ManufacturerName>
      <ManufactureCountry>לא ידוע</ManufactureCountry>
      <ManufacturerItemDescription>ביצים סופר טריות מדי</ManufacturerItemDescription>
      <UnitQty>לא ידוע</UnitQty>
      <Quantity>30.00</Quantity>
      <UnitOfMeasure>לא ידוע</UnitOfMeasure>
      <bIsWeighted>0</bIsWeighted>
      <QtyInPackage>לא ידוע</QtyInPackage>
      <ItemPrice>32.82</ItemPrice>
      <UnitOfMeasurePrice>1.0940</UnitOfMeasurePrice>
      <AllowDiscount>1</AllowDiscount>
      <ItemStatus>1</ItemStatus>
      <ItemId>146800</ItemId>
    </Item>
    <Item>
      <PriceUpdateDate>2025-11-02 11:36:15</PriceUpdateDate>
      <ItemCode>7296082000110</ItemCode>
      <ItemType>1</ItemType>
      <ItemName>ביצים סופר טריות 30י</ItemName>
      <ManufacturerName>לא ידוע</ManufacturerName>
      <ManufactureCountry>לא ידוע</ManufactureCountry>
      <ManufacturerItemDescription>ביצים סופר טריות 30י</ManufacturerItemDescription>
      <UnitQty>לא ידוע</UnitQty>
      <Quantity>30.00</Quantity>
      <UnitOfMeasure>לא ידוע</UnitOfMeasure>
      <bIsWeighted>0</bIsWeighted>
      <QtyInPackage>לא ידוע</QtyInPackage>
      <ItemPrice>35.60</ItemPrice>
      <UnitOfMeasurePrice>1.1867</UnitOfMeasurePrice>
      <AllowDiscount>1</AllowDiscount>
      <ItemStatus>1</ItemStatus>
      <ItemId>146801</ItemId>
    </Item>
    <Item>
      <PriceUpdateDate>2025-11-02 11:36:15</PriceUpdateDate>
      <ItemCode>7296082000134</ItemCode>
      <ItemType>1</ItemType>
      <ItemName>ביצים רגילות לארג' 1</ItemName>
      <ManufacturerName>לא ידוע</ManufacturerName>
      <ManufactureCountry>לא ידוע</ManufactureCountry>
      <ManufacturerItemDescription>ביצים רגילות לארג' 1</ManufacturerItemDescription>
      <UnitQty>לא ידוע</UnitQty>
      <Quantity>12.00</Quantity>
      <UnitOfMeasure>לא ידוע</UnitOfMeasure>
      <bIsWeighted>0</bIsWeighted>
      <QtyInPackage>לא ידוע</QtyInPackage>
      <ItemPrice>14.24</ItemPrice>
      <UnitOfMeasurePrice>1.1867</UnitOfMeasurePrice>
      <AllowDiscount>1</AllowDiscount>
      <ItemStatus>1</ItemStatus>
      <ItemId>146803</ItemId>
    </Item>
    <Item>
      <PriceUpdateDate>2025-11-02 11:36:15</PriceUpdateDate>
      <ItemCode>7296082000141</ItemCode>
      <ItemType>1</ItemType>
      <ItemName>ביצים רגילות מדיום 1</ItemName>
      <ManufacturerName>לא ידוע</ManufacturerName>
      <ManufactureCountry>לא ידוע</ManufactureCountry>
      <ManufacturerItemDescription>ביצים רגילות מדיום 1</ManufacturerItemDescription>
      <UnitQty>יחידה   </UnitQty>
      <Quantity>0.00</Quantity>
      <UnitOfMeasure>יחידה   </UnitOfMeasure>
      <bIsWeighted>0</bIsWeighted>
      <QtyInPackage>לא ידוע</QtyInPackage>
      <ItemPrice>13.13</ItemPrice>
      <UnitOfMeasurePrice>0.0000</UnitOfMeasurePrice>
      <AllowDiscount>1</AllowDiscount>
      <ItemStatus>1</ItemStatus>
      <ItemId>146804</ItemId>
    </Item>
    <Item>
      <PriceUpdateDate>2025-09-07 12:42:27</PriceUpdateDate>
      <ItemCode>7296082000165</ItemCode>
      <ItemType>1</ItemType>
      <ItemName>ביצים אורגניות 12יח</ItemName>
      <ManufacturerName>לא ידוע</ManufacturerName>
      <ManufactureCountry>לא ידוע</ManufactureCountry>
      <ManufacturerItemDescription>ביצים אורגניות 12יח</ManufacturerItemDescription>
      <UnitQty>לא ידוע</UnitQty>
      <Quantity>12.00</Quantity>
      <UnitOfMeasure>לא ידוע</UnitOfMeasure>
      <bIsWeighted>0</bIsWeighted>
      <QtyInPackage>לא ידוע</QtyInPackage>
      <ItemPrice>32.90</ItemPrice>
      <UnitOfMeasurePrice>2.7417</UnitOfMeasurePrice>
      <AllowDiscount>1</AllowDiscount>
      <ItemStatus>1</ItemStatus>
      <ItemId>146805</ItemId>
    </Item>
    <Item>
      <PriceUpdateDate>2025-11-02 11:36:16</PriceUpdateDate>
      <ItemCode>7296082000202</ItemCode>
      <ItemType>1</ItemType>
      <ItemName>ביצים סופר טריה לארג</ItemName>
      <ManufacturerName>לא ידוע</ManufacturerName>
      <ManufactureCountry>לא ידוע</ManufactureCountry>
      <ManufacturerItemDescription>ביצים סופר טריה לארג</ManufacturerItemDescription>
      <UnitQty>לא ידוע</UnitQty>
      <Quantity>18.00</Quantity>
      <UnitOfMeasure>לא ידוע</UnitOfMeasure>
      <bIsWeighted>0</bIsWeighted>
      <QtyInPackage>לא ידוע</QtyInPackage>
      <ItemPrice>21.36</ItemPrice>
      <UnitOfMeasurePrice>1.1867</UnitOfMeasurePrice>
      <AllowDiscount>1</AllowDiscount>
      <ItemStatus>1</ItemStatus>
      <ItemId>146806</ItemId>
    </Item>
    <Item>
      <PriceUpdateDate>2025-08-18 09:17:00</PriceUpdateDate>
      <ItemCode>3838824127361</ItemCode>
      <ItemType>1</ItemType>
      <ItemName>פאלטה-צבע לשיער ערמו</ItemName>
      <ManufacturerName>לא ידוע</ManufacturerName>
      <ManufactureCountry>לא ידוע</ManufactureCountry>
      <ManufacturerItemDescription>פאלטה-צבע לשיער ערמו</ManufacturerItemDescription>
      <UnitQty>יחידה   </UnitQty>
      <Quantity>0.00</Quantity>
      <UnitOfMeasure>יחידה   </UnitOfMeasure>
      <bIsWeighted>0</bIsWeighted>
      <QtyInPackage>לא ידוע</QtyInPackage>
      <ItemPrice>23.90</ItemPrice>
      <UnitOfMeasurePrice>0.0000</UnitOfMeasurePrice>
      <AllowDiscount>1</AllowDiscount>
      <ItemStatus>1</ItemStatus>
      <ItemId>146825</ItemId>
    </Item>
    <Item>
      <PriceUpdateDate>2025-08-18 09:17:00</PriceUpdateDate>
      <ItemCode>3838824127507</ItemCode>
      <ItemType>1</ItemType>
      <ItemName>פאלטה-צבע לשיער חום</ItemName>
      <ManufacturerName>לא ידוע</ManufacturerName>
      <ManufactureCountry>לא ידוע</ManufactureCountry>
      <ManufacturerItemDescription>פאלטה-צבע לשיער חום</ManufacturerItemDescription>
      <UnitQty>יחידה   </UnitQty>
      <Quantity>0.00</Quantity>
      <UnitOfMeasure>יחידה   </UnitOfMeasure>
      <bIsWeighted>0</bIsWeighted>
      <QtyInPackage>לא ידוע</QtyInPackage>
      <ItemPrice>23.90</ItemPrice>
      <UnitOfMeasurePrice>0.0000</UnitOfMeasurePrice>
      <AllowDiscount>1</AllowDiscount>
      <ItemStatus>1</ItemStatus>
      <ItemId>146828</ItemId>
    </Item>
    <Item>
      <PriceUpdateDate>2025-12-03 10:20:13</PriceUpdateDate>
      <ItemCode>7290119379200</ItemCode>
      <ItemType>1</ItemType>
      <ItemName>שמן זית  לחיץ 280 מל</ItemName>
      <ManufacturerName>לא ידוע</ManufacturerName>
      <ManufactureCountry>לא ידוע</ManufactureCountry>
      <ManufacturerItemDescription>שמן זית  לחיץ 280 מל</ManufacturerItemDescription>
      <UnitQty>לא ידוע</UnitQty>
      <Quantity>280.00</Quantity>
      <UnitOfMeasure>לא ידוע</UnitOfMeasure>
      <bIsWeighted>0</bIsWeighted>
      <QtyInPackage>לא ידוע</QtyInPackage>
      <ItemPrice>19.90</ItemPrice>
      <UnitOfMeasurePrice>0.0711</UnitOfMeasurePrice>
      <AllowDiscount>1</AllowDiscount>
      <ItemStatus>1</ItemStatus>
      <ItemId>251377</ItemId>
    </Item>
    <Item>
      <PriceUpdateDate>2025-08-26 11:53:44</PriceUpdateDate>
      <ItemCode>7290112343499</ItemCode>
      <ItemType>1</ItemType>
      <ItemName>ציטוס פופס 55גרם</ItemName>
      <ManufacturerName>לא ידוע</ManufacturerName>
      <ManufactureCountry>לא ידוע</ManufactureCountry>
      <ManufacturerItemDescription>ציטוס פופס 55גרם</ManufacturerItemDescription>
      <UnitQty>לא ידוע</UnitQty>
      <Quantity>55.00</Quantity>
      <UnitOfMeasure>לא ידוע</UnitOfMeasure>
      <bIsWeighted>0</bIsWeighted>
      <QtyInPackage>לא ידוע</QtyInPackage>
      <ItemPrice>5.90</ItemPrice>
      <UnitOfMeasurePrice>0.1073</UnitOfMeasurePrice>
      <AllowDiscount>1</AllowDiscount>
      <ItemStatus>1</ItemStatus>
      <ItemId>236251</ItemId>
    </Item>
    <Item>
      <PriceUpdateDate>2025-11-30 13:50:31</PriceUpdateDate>
      <ItemCode>8014433002014</ItemCode>
      <ItemType>1</ItemType>
      <ItemName>שוקוליטלי עוגת לימון</ItemName>
      <ManufacturerName>לא ידוע</ManufacturerName>
      <ManufactureCountry>לא ידוע</ManufactureCountry>
      <ManufacturerItemDescription>שוקוליטלי עוגת לימון</ManufacturerItemDescription>
      <UnitQty>לא ידוע</UnitQty>
      <Quantity>400.00</Quantity>
      <UnitOfMeasure>לא ידוע</UnitOfMeasure>
      <bIsWeighted>0</bIsWeighted>
      <QtyInPackage>לא ידוע</QtyInPackage>
      <ItemPrice>17.90</ItemPrice>
      <UnitOfMeasurePrice>0.0447</UnitOfMeasurePrice>
      <AllowDiscount>1</AllowDiscount>
      <ItemStatus>1</ItemStatus>
      <ItemId>256644</ItemId>
    </Item>
    <Item>
      <PriceUpdateDate>2025-08-26 11:55:26</PriceUpdateDate>
      <ItemCode>7290000146928</ItemCode>
      <ItemType>1</ItemType>
      <ItemName>טום וגרי משחת שיניים</ItemName>
      <ManufacturerName>קריות זול</ManufacturerName>
      <ManufactureCountry>לא ידוע</ManufactureCountry>
      <ManufacturerItemDescription>טום וגרי משחת שיניים</ManufacturerItemDescription>
      <UnitQty>לא ידוע</UnitQty>
      <Quantity>50.00</Quantity>
      <UnitOfMeasure>לא ידוע</UnitOfMeasure>
      <bIsWeighted>0</bIsWeighted>
      <QtyInPackage>לא ידוע</QtyInPackage>
      <ItemPrice>12.90</ItemPrice>
      <UnitOfMeasurePrice>0.2580</UnitOfMeasurePrice>
      <AllowDiscount>1</AllowDiscount>
      <ItemStatus>1</ItemStatus>
      <ItemId>146973</ItemId>
    </Item>
    <Item>
      <PriceUpdateDate>2025-08-26 11:55:27</PriceUpdateDate>
      <ItemCode>7290000146997</ItemCode>
      <ItemType>1</ItemType>
      <ItemName>טום וגרי משחת שיניים</ItemName>
      <ManufacturerName>לא ידוע</ManufacturerName>
      <ManufactureCountry>לא ידוע</ManufactureCountry>
      <ManufacturerItemDescription>טום וגרי משחת שיניים</ManufacturerItemDescription>
      <UnitQty>לא ידוע</UnitQty>
      <Quantity>50.00</Quantity>
      <UnitOfMeasure>לא ידוע</UnitOfMeasure>
      <bIsWeighted>0</bIsWeighted>
      <QtyInPackage>לא ידוע</QtyInPackage>
      <ItemPrice>12.90</ItemPrice>
      <UnitOfMeasurePrice>0.2580</UnitOfMeasurePrice>
      <AllowDiscount>1</AllowDiscount>
      <ItemStatus>1</ItemStatus>
      <ItemId>146975</ItemId>
    </Item>
    <Item>
      <PriceUpdateDate>2025-08-26 11:55:28</PriceUpdateDate>
      <ItemCode>7290000244143</ItemCode>
      <ItemType>1</ItemType>
      <ItemName>הוואי קרם לאחר גילוח</ItemName>
      <ManufacturerName>לא ידוע</ManufacturerName>
      <ManufactureCountry>לא ידוע</ManufactureCountry>
      <ManufacturerItemDescription>הוואי קרם לאחר גילוח</ManufacturerItemDescription>
      <UnitQty>לא ידוע</UnitQty>
      <Quantity>120.00</Quantity>
      <UnitOfMeasure>לא ידוע</UnitOfMeasure>
      <bIsWeighted>0</bIsWeighted>
      <QtyInPackage>לא ידוע</QtyInPackage>
      <ItemPrice>26.90</ItemPrice>
      <UnitOfMeasurePrice>0.2242</UnitOfMeasurePrice>
      <AllowDiscount>1</AllowDiscount>
      <ItemStatus>1</ItemStatus>
      <ItemId>146985</ItemId>
    </Item>
    <Item>
      <PriceUpdateDate>2025-09-02 10:01:20</PriceUpdateDate>
      <ItemCode>856591000109</ItemCode>
      <ItemType>1</ItemType>
      <ItemName>עוגיות עבאדי עוגיות</ItemName>
      <ManufacturerName>לא ידוע</ManufacturerName>
      <ManufactureCountry>לא ידוע</ManufactureCountry>
      <ManufacturerItemDescription>עוגיות עבאדי עוגיות</ManufacturerItemDescription>
      <UnitQty>לא ידוע</UnitQty>
      <Quantity>400.00</Quantity>
      <UnitOfMeasure>לא ידוע</UnitOfMeasure>
      <bIsWeighted>0</bIsWeighted>
      <QtyInPackage>לא ידוע</QtyInPackage>
      <ItemPrice>21.90</ItemPrice>
      <UnitOfMeasurePrice>0.0547</UnitOfMeasurePrice>
      <AllowDiscount>1</AllowDiscount>
      <ItemStatus>1</ItemStatus>
      <ItemId>147187</ItemId>
    </Item>
    <Item>
      <PriceUpdateDate>2025-08-21 10:22:32</PriceUpdateDate>
      <ItemCode>7290000212401</ItemCode>
      <ItemType>1</ItemType>
      <ItemName>וופל מצופית מנעמים 4</ItemName>
      <ManufacturerName>קריות זול</ManufacturerName>
      <ManufactureCountry>לא ידוע</ManufactureCountry>
      <ManufacturerItemDescription>וופל מצופית מנעמים 4</ManufacturerItemDescription>
      <UnitQty>לא ידוע</UnitQty>
      <Quantity>400.00</Quantity>
      <UnitOfMeasure>לא ידוע</UnitOfMeasure>
      <bIsWeighted>0</bIsWeighted>
      <QtyInPackage>לא ידוע</QtyInPackage>
      <ItemPrice>16.90</ItemPrice>
      <UnitOfMeasurePrice>0.0422</UnitOfMeasurePrice>
      <AllowDiscount>1</AllowDiscount>
      <ItemStatus>1</ItemStatus>
      <ItemId>147211</ItemId>
    </Item>
    <Item>
      <PriceUpdateDate>2025-08-21 10:22:32</PriceUpdateDate>
      <ItemCode>7290000212579</ItemCode>
      <ItemType>1</ItemType>
      <ItemName>וופל מצופה מנעמים 40</ItemName>
      <ManufacturerName>לא ידוע</ManufacturerName>
      <ManufactureCountry>לא ידוע</ManufactureCountry>
      <ManufacturerItemDescription>וופל מצופה מנעמים 40</ManufacturerItemDescription>
      <UnitQty>לא ידוע</UnitQty>
      <Quantity>800.00</Quantity>
      <UnitOfMeasure>לא ידוע</UnitOfMeasure>
      <bIsWeighted>0</bIsWeighted>
      <QtyInPackage>לא ידוע</QtyInPackage>
      <ItemPrice>23.90</ItemPrice>
      <UnitOfMeasurePrice>0.0299</UnitOfMeasurePrice>
      <AllowDiscount>1</AllowDiscount>
      <ItemStatus>1</ItemStatus>
      <ItemId>147212</ItemId>
    </Item>
    <Item>
      <PriceUpdateDate>2025-08-26 10:11:47</PriceUpdateDate>
      <ItemCode>7290000345284</ItemCode>
      <ItemType>1</ItemType>
      <ItemName>תה ויסוצקי קלאסיק יר</ItemName>
      <ManufacturerName>קריות זול</ManufacturerName>
      <ManufactureCountry>לא ידוע</ManufactureCountry>
      <ManufacturerItemDescription>תה ויסוצקי קלאסיק יר</ManufacturerItemDescription>
      <UnitQty>לא ידוע</UnitQty>
      <Quantity>150.00</Quantity>
      <UnitOfMeasure>לא ידוע</UnitOfMeasure>
      <bIsWeighted>0</bIsWeighted>
      <QtyInPackage>לא ידוע</QtyInPackage>
      <ItemPrice>19.90</ItemPrice>
      <UnitOfMeasurePrice>0.1327</UnitOfMeasurePrice>
      <AllowDiscount>1</AllowDiscount>
      <ItemStatus>1</ItemStatus>
      <ItemId>147228</ItemId>
    </Item>
    <Item>
      <PriceUpdateDate>2025-08-26 10:11:48</PriceUpdateDate>
      <ItemCode>7290000345307</ItemCode>
      <ItemType>1</ItemType>
      <ItemName>תה ארל גריי ויסוצקי</ItemName>
      <ManufacturerName>קריות זול</ManufacturerName>
      <ManufactureCountry>לא ידוע</ManufactureCountry>
      <ManufacturerItemDescription>תה ארל גריי ויסוצקי</ManufacturerItemDescription>
      <UnitQty>לא ידוע</UnitQty>
      <Quantity>75.00</Quantity>
      <UnitOfMeasure>לא ידוע</UnitOfMeasure>
      <bIsWeighted>0</bIsWeighted>
      <QtyInPackage>לא ידוע</QtyInPackage>
      <ItemPrice>32.90</ItemPrice>
      <UnitOfMeasurePrice>0.4387</UnitOfMeasurePrice>
      <AllowDiscount>1</AllowDiscount>
      <ItemStatus>1</ItemStatus>
      <ItemId>147230</ItemId>
    </Item>
    <Item>
      <PriceUpdateDate>2025-08-26 10:11:53</PriceUpdateDate>
      <ItemCode>7290000346137</ItemCode>
      <ItemType>1</ItemType>
      <ItemName>תה הילולי פירות 25יח</ItemName>
      <ManufacturerName>קריות זול</ManufacturerName>
      <ManufactureCountry>לא ידוע</ManufactureCountry>
      <ManufacturerItemDescription>תה הילולי פירות 25יח</ManufacturerItemDescription>
      <UnitQty>לא ידוע</UnitQty>
      <Quantity>62.50</Quantity>
      <UnitOfMeasure>לא ידוע</UnitOfMeasure>
      <bIsWeighted>0</bIsWeighted>
      <QtyInPackage>לא ידוע</QtyInPackage>
      <ItemPrice>23.90</ItemPrice>
      <UnitOfMeasurePrice>0.3824</UnitOfMeasurePrice>
      <AllowDiscount>1</AllowDiscount>
      <ItemStatus>1</ItemStatus>
      <ItemId>147240</ItemId>
    </Item>
    <Item>
      <PriceUpdateDate>2025-08-26 10:11:57</PriceUpdateDate>
      <ItemCode>7290000346199</ItemCode>
      <ItemType>1</ItemType>
      <ItemName>תה פירות היער ויסוצק</ItemName>
      <ManufacturerName>קריות זול</ManufacturerName>
      <ManufactureCountry>לא ידוע</ManufactureCountry>
      <ManufacturerItemDescription>תה פירות היער ויסוצק</ManufacturerItemDescription>
      <UnitQty>לא ידוע</UnitQty>
      <Quantity>67.50</Quantity>
      <UnitOfMeasure>לא ידוע</UnitOfMeasure>
      <bIsWeighted>0</bIsWeighted>
      <QtyInPackage>לא ידוע</QtyInPackage>
      <ItemPrice>23.90</ItemPrice>
      <UnitOfMeasurePrice>0.3541</UnitOfMeasurePrice>
      <AllowDiscount>1</AllowDiscount>
      <ItemStatus>1</ItemStatus>
      <ItemId>147244</ItemId>
    </Item>
    <Item>
      <PriceUpdateDate>2025-08-26 10:11:58</PriceUpdateDate>
      <ItemCode>7290000346205</ItemCode>
      <ItemType>1</ItemType>
      <ItemName>תה קמומיל ויסוצקי הג</ItemName>
      <ManufacturerName>קריות זול</ManufacturerName>
      <ManufactureCountry>לא ידוע</ManufactureCountry>
      <ManufacturerItemDescription>תה קמומיל ויסוצקי הג</ManufacturerItemDescription>
      <UnitQty>לא ידוע</UnitQty>
      <Quantity>37.50</Quantity>
      <UnitOfMeasure>לא ידוע</UnitOfMeasure>
      <bIsWeighted>0</bIsWeighted>
      <QtyInPackage>לא ידוע</QtyInPackage>
      <ItemPrice>23.90</ItemPrice>
      <UnitOfMeasurePrice>0.6373</UnitOfMeasurePrice>
      <AllowDiscount>1</AllowDiscount>
      <ItemStatus>1</ItemStatus>
      <ItemId>147245</ItemId>
    </Item>
    <Item>
      <PriceUpdateDate>2025-08-26 10:11:59</PriceUpdateDate>
      <ItemCode>7290000346960</ItemCode>
      <ItemType>1</ItemType>
      <ItemName>תה נענע ויסוצקי 50יח</ItemName>
      <ManufacturerName>קריות זול</ManufacturerName>
      <ManufactureCountry>לא ידוע</ManufactureCountry>
      <ManufacturerItemDescription>תה נענע ויסוצקי 50יח</ManufacturerItemDescription>
      <UnitQty>לא ידוע</UnitQty>
      <Quantity>75.00</Quantity>
      <UnitOfMeasure>לא ידוע</UnitOfMeasure>
      <bIsWeighted>0</bIsWeighted>
      <QtyInPackage>לא ידוע</QtyInPackage>
      <ItemPrice>36.90</ItemPrice>
      <UnitOfMeasurePrice>0.4920</UnitOfMeasurePrice>
      <AllowDiscount>1</AllowDiscount>
      <ItemStatus>1</ItemStatus>
      <ItemId>147252</ItemId>
    </Item>
    <Item>
      <PriceUpdateDate>2025-08-26 10:12:00</PriceUpdateDate>
      <ItemCode>7290000347738</ItemCode>
      <ItemType>1</ItemType>
      <ItemName>תה ירוק נענע 25יח</ItemName>
      <ManufacturerName>קריות זול</ManufacturerName>
      <ManufactureCountry>לא ידוע</ManufactureCountry>
      <ManufacturerItemDescription>תה ירוק נענע 25יח</ManufacturerItemDescription>
      <UnitQty>לא ידוע</UnitQty>
      <Quantity>37.50</Quantity>
      <UnitOfMeasure>לא ידוע</UnitOfMeasure>
      <bIsWeighted>0</bIsWeighted>
      <QtyInPackage>לא ידוע</QtyInPackage>
      <ItemPrice>25.90</ItemPrice>
      <UnitOfMeasurePrice>0.6907</UnitOfMeasurePrice>
      <AllowDiscount>1</AllowDiscount>
      <ItemStatus>1</ItemStatus>
      <ItemId>147257</ItemId>
    </Item>
    <Item>
      <PriceUpdateDate>2025-08-26 10:12:00</PriceUpdateDate>
      <ItemCode>7290000347752</ItemCode>
      <ItemType>1</ItemType>
      <ItemName>תה ירוק לימונית ולוא</ItemName>
      <ManufacturerName>קריות זול</ManufacturerName>
      <ManufactureCountry>לא ידוע</ManufactureCountry>
      <ManufacturerItemDescription>תה ירוק לימונית ולוא</ManufacturerItemDescription>
      <UnitQty>לא ידוע</UnitQty>
      <Quantity>37.50</Quantity>
      <UnitOfMeasure>לא ידוע</UnitOfMeasure>
      <bIsWeighted>0</bIsWeighted>
      <QtyInPackage>לא ידוע</QtyInPackage>
      <ItemPrice>25.90</ItemPrice>
      <UnitOfMeasurePrice>0.6907</UnitOfMeasurePrice>
      <AllowDiscount>1</AllowDiscount>
      <ItemStatus>1</ItemStatus>
      <ItemId>147259</ItemId>
    </Item>
    <Item>
      <PriceUpdateDate>2025-08-20 13:21:15</PriceUpdateDate>
      <ItemCode>7290000523514</ItemCode>
      <ItemType>1</ItemType>
      <ItemName>מלח הארץ 50% מכמות ה</ItemName>
      <ManufacturerName>קריות זול</ManufacturerName>
      <ManufactureCountry>לא ידוע</ManufactureCountry>
      <ManufacturerItemDescription>מלח הארץ 50% מכמות ה</ManufacturerItemDescription>
      <UnitQty>לא ידוע</UnitQty>
      <Quantity>250.00</Quantity>
      <UnitOfMeasure>לא ידוע</UnitOfMeasure>
      <bIsWeighted>0</bIsWeighted>
      <QtyInPackage>לא ידוע</QtyInPackage>
      <ItemPrice>13.90</ItemPrice>
      <UnitOfMeasurePrice>0.0556</UnitOfMeasurePrice>
      <AllowDiscount>1</AllowDiscount>
      <ItemStatus>1</ItemStatus>
      <ItemId>147263</ItemId>
    </Item>
    <Item>
      <PriceUpdateDate>2025-08-20 13:21:16</PriceUpdateDate>
      <ItemCode>7290000523804</ItemCode>
      <ItemType>1</ItemType>
      <ItemName>מלח הארץ עדין צנצנת</ItemName>
      <ManufacturerName>לא ידוע</ManufacturerName>
      <ManufactureCountry>לא ידוע</ManufactureCountry>
      <ManufacturerItemDescription>מלח הארץ עדין צנצנת</ManufacturerItemDescription>
      <UnitQty>לא ידוע</UnitQty>
      <Quantity>1000.00</Quantity>
      <UnitOfMeasure>לא ידוע</UnitOfMeasure>
      <bIsWeighted>0</bIsWeighted>
      <QtyInPackage>לא ידוע</QtyInPackage>
      <ItemPrice>10.90</ItemPrice>
      <UnitOfMeasurePrice>0.0109</UnitOfMeasurePrice>
      <AllowDiscount>1</AllowDiscount>
      <ItemStatus>1</ItemStatus>
      <ItemId>147265</ItemId>
    </Item>
    <Item>
      <PriceUpdateDate>2025-08-20 13:21:16</PriceUpdateDate>
      <ItemCode>7290000523811</ItemCode>
      <ItemType>1</ItemType>
      <ItemName>מלח הארץ גס צנצנת 1ק</ItemName>
      <ManufacturerName>לא ידוע</ManufacturerName>
      <ManufactureCountry>לא ידוע</ManufactureCountry>
      <ManufacturerItemDescription>מלח הארץ גס צנצנת 1ק</ManufacturerItemDescription>
      <UnitQty>לא ידוע</UnitQty>
      <Quantity>1000.00</Quantity>
      <UnitOfMeasure>לא ידוע</UnitOfMeasure>
      <bIsWeighted>0</bIsWeighted>
      <QtyInPackage>לא ידוע</QtyInPackage>
      <ItemPrice>10.90</ItemPrice>
      <UnitOfMeasurePrice>0.0109</UnitOfMeasurePrice>
      <AllowDiscount>1</AllowDiscount>
      <ItemStatus>1</ItemStatus>
      <ItemId>147266</ItemId>
    </Item>
    <Item>
      <PriceUpdateDate>2025-08-21 10:22:33</PriceUpdateDate>
      <ItemCode>7290003318100</ItemCode>
      <ItemType>1</ItemType>
      <ItemName>וופל טעם שוקו מנעמים</ItemName>
      <ManufacturerName>קריות זול</ManufacturerName>
      <ManufactureCountry>לא ידוע</ManufactureCountry>
      <ManufacturerItemDescription>וופל טעם שוקו מנעמים</ManufacturerItemDescription>
      <UnitQty>לא ידוע</UnitQty>
      <Quantity>200.00</Quantity>
      <UnitOfMeasure>לא ידוע</UnitOfMeasure>
      <bIsWeighted>0</bIsWeighted>
      <QtyInPackage>לא ידוע</QtyInPackage>
      <ItemPrice>6.90</ItemPrice>
      <UnitOfMeasurePrice>0.0345</UnitOfMeasurePrice>
      <AllowDiscount>1</AllowDiscount>
      <ItemStatus>1</ItemStatus>
      <ItemId>147282</ItemId>
    </Item>
    <Item>
      <PriceUpdateDate>2025-08-21 10:22:33</PriceUpdateDate>
      <ItemCode>7290003318131</ItemCode>
      <ItemType>1</ItemType>
      <ItemName>וופל אגוז מנעמים 200</ItemName>
      <ManufacturerName>לא ידוע</ManufacturerName>
      <ManufactureCountry>לא ידוע</ManufactureCountry>
      <ManufacturerItemDescription>וופל אגוז מנעמים 200</ManufacturerItemDescription>
      <UnitQty>לא ידוע</UnitQty>
      <Quantity>200.00</Quantity>
      <UnitOfMeasure>לא ידוע</UnitOfMeasure>
      <bIsWeighted>0</bIsWeighted>
      <QtyInPackage>לא ידוע</QtyInPackage>
      <ItemPrice>6.90</ItemPrice>
      <UnitOfMeasurePrice>0.0345</UnitOfMeasurePrice>
      <AllowDiscount>1</AllowDiscount>
      <ItemStatus>1</ItemStatus>
      <ItemId>147283</ItemId>
    </Item>
    <Item>
      <PriceUpdateDate>2025-08-21 10:22:33</PriceUpdateDate>
      <ItemCode>7290003318155</ItemCode>
      <ItemType>1</ItemType>
      <ItemName>וופל טעם לימון מנעמי</ItemName>
      <ManufacturerName>קריות זול</ManufacturerName>
      <ManufactureCountry>לא ידוע</ManufactureCountry>
      <ManufacturerItemDescription>וופל טעם לימון מנעמי</ManufacturerItemDescription>
      <UnitQty>לא ידוע</UnitQty>
      <Quantity>200.00</Quantity>
      <UnitOfMeasure>לא ידוע</UnitOfMeasure>
      <bIsWeighted>0</bIsWeighted>
      <QtyInPackage>לא ידוע</QtyInPackage>
      <ItemPrice>6.90</ItemPrice>
      <UnitOfMeasurePrice>0.0345</UnitOfMeasurePrice>
      <AllowDiscount>1</AllowDiscount>
      <ItemStatus>1</ItemStatus>
      <ItemId>147284</ItemId>
    </Item>
    <Item>
      <PriceUpdateDate>2025-08-21 10:22:33</PriceUpdateDate>
      <ItemCode>7290003318599</ItemCode>
      <ItemType>1</ItemType>
      <ItemName>וופל וניל מנעמים 200</ItemName>
      <ManufacturerName>לא ידוע</ManufacturerName>
      <ManufactureCountry>לא ידוע</ManufactureCountry>
      <ManufacturerItemDescription>וופל וניל מנעמים 200</ManufacturerItemDescription>
      <UnitQty>לא ידוע</UnitQty>
      <Quantity>200.00</Quantity>
      <UnitOfMeasure>לא ידוע</UnitOfMeasure>
      <bIsWeighted>0</bIsWeighted>
      <QtyInPackage>לא ידוע</QtyInPackage>
      <ItemPrice>6.90</ItemPrice>
      <UnitOfMeasurePrice>0.0345</UnitOfMeasurePrice>
      <AllowDiscount>1</AllowDiscount>
      <ItemStatus>1</ItemStatus>
      <ItemId>147285</ItemId>
    </Item>
    <Item>
      <PriceUpdateDate>2025-08-26 10:12:14</PriceUpdateDate>
      <ItemCode>7290006251275</ItemCode>
      <ItemType>1</ItemType>
      <ItemName>תה ירוק סיני 25יח</ItemName>
      <ManufacturerName>קריות זול</ManufacturerName>
      <ManufactureCountry>לא ידוע</ManufactureCountry>
      <ManufacturerItemDescription>תה ירוק סיני 25יח</ManufacturerItemDescription>
      <UnitQty>לא ידוע</UnitQty>
      <Quantity>37.50</Quantity>
      <UnitOfMeasure>לא ידוע</UnitOfMeasure>
      <bIsWeighted>0</bIsWeighted>
      <QtyInPackage>לא ידוע</QtyInPackage>
      <ItemPrice>25.90</ItemPrice>
      <UnitOfMeasurePrice>0.6907</UnitOfMeasurePrice>
      <AllowDiscount>1</AllowDiscount>
      <ItemStatus>1</ItemStatus>
      <ItemId>147308</ItemId>
    </Item>
    <Item>
      <PriceUpdateDate>2025-08-26 10:12:19</PriceUpdateDate>
      <ItemCode>7290006251374</ItemCode>
      <ItemType>1</ItemType>
      <ItemName>תה ירוק לימונית וגינ</ItemName>
      <ManufacturerName>קריות זול</ManufacturerName>
      <ManufactureCountry>לא ידוע</ManufactureCountry>
      <ManufacturerItemDescription>תה ירוק לימונית וגינ</ManufacturerItemDescription>
      <UnitQty>לא ידוע</UnitQty>
      <Quantity>25.00</Quantity>
      <UnitOfMeasure>לא ידוע</UnitOfMeasure>
      <bIsWeighted>0</bIsWeighted>
      <QtyInPackage>לא ידוע</QtyInPackage>
      <ItemPrice>25.90</ItemPrice>
      <UnitOfMeasurePrice>1.0360</UnitOfMeasurePrice>
      <AllowDiscount>1</AllowDiscount>
      <ItemStatus>1</ItemStatus>
      <ItemId>147312</ItemId>
    </Item>
    <Item>
      <PriceUpdateDate>2025-08-26 10:12:40</PriceUpdateDate>
      <ItemCode>7290011126209</ItemCode>
      <ItemType>1</ItemType>
      <ItemName>תה תפוח וקינמון סייד</ItemName>
      <ManufacturerName>קריות זול</ManufacturerName>
      <ManufactureCountry>לא ידוע</ManufactureCountry>
      <ManufacturerItemDescription>תה תפוח וקינמון סייד</ManufacturerItemDescription>
      <UnitQty>לא ידוע</UnitQty>
      <Quantity>55.00</Quantity>
      <UnitOfMeasure>לא ידוע</UnitOfMeasure>
      <bIsWeighted>0</bIsWeighted>
      <QtyInPackage>לא ידוע</QtyInPackage>
      <ItemPrice>23.90</ItemPrice>
      <UnitOfMeasurePrice>0.4345</UnitOfMeasurePrice>
      <AllowDiscount>1</AllowDiscount>
      <ItemStatus>1</ItemStatus>
      <ItemId>147353</ItemId>
    </Item>
    <Item>
      <PriceUpdateDate>2025-08-26 10:12:45</PriceUpdateDate>
      <ItemCode>7290011126452</ItemCode>
      <ItemType>1</ItemType>
      <ItemName>תה הגן הקסום קמומיל</ItemName>
      <ManufacturerName>קריות זול</ManufacturerName>
      <ManufactureCountry>לא ידוע</ManufactureCountry>
      <ManufacturerItemDescription>תה הגן הקסום קמומיל</ManufacturerItemDescription>
      <UnitQty>לא ידוע</UnitQty>
      <Quantity>37.50</Quantity>
      <UnitOfMeasure>לא ידוע</UnitOfMeasure>
      <bIsWeighted>0</bIsWeighted>
      <QtyInPackage>לא ידוע</QtyInPackage>
      <ItemPrice>23.90</ItemPrice>
      <UnitOfMeasurePrice>0.6373</UnitOfMeasurePrice>
      <AllowDiscount>1</AllowDiscount>
      <ItemStatus>1</ItemStatus>
      <ItemId>147361</ItemId>
    </Item>
    <Item>
      <PriceUpdateDate>2025-08-26 10:12:45</PriceUpdateDate>
      <ItemCode>7290011126469</ItemCode>
      <ItemType>1</ItemType>
      <ItemName>תה קמומיל ודבש הגן ה</ItemName>
      <ManufacturerName>קריות זול</ManufacturerName>
      <ManufactureCountry>לא ידוע</ManufactureCountry>
      <ManufacturerItemDescription>תה קמומיל ודבש הגן ה</ManufacturerItemDescription>
      <UnitQty>לא ידוע</UnitQty>
      <Quantity>37.50</Quantity>
      <UnitOfMeasure>לא ידוע</UnitOfMeasure>
      <bIsWeighted>0</bIsWeighted>
      <QtyInPackage>לא ידוע</QtyInPackage>
      <ItemPrice>23.90</ItemPrice>
      <UnitOfMeasurePrice>0.6373</UnitOfMeasurePrice>
      <AllowDiscount>1</AllowDiscount>
      <ItemStatus>1</ItemStatus>
      <ItemId>147362</ItemId>
    </Item>
    <Item>
      <PriceUpdateDate>2025-08-26 10:12:50</PriceUpdateDate>
      <ItemCode>7290011947316</ItemCode>
      <ItemType>1</ItemType>
      <ItemName>זיתי קלמטה 215 גרם ז</ItemName>
      <ManufacturerName>לא ידוע</ManufacturerName>
      <ManufactureCountry>לא ידוע</ManufactureCountry>
      <ManufacturerItemDescription>זיתי קלמטה 215 גרם ז</ManufacturerItemDescription>
      <UnitQty>לא ידוע</UnitQty>
      <Quantity>215.00</Quantity>
      <UnitOfMeasure>לא ידוע</UnitOfMeasure>
      <bIsWeighted>0</bIsWeighted>
      <QtyInPackage>לא ידוע</QtyInPackage>
      <ItemPrice>18.90</ItemPrice>
      <UnitOfMeasurePrice>0.0879</UnitOfMeasurePrice>
      <AllowDiscount>1</AllowDiscount>
      <ItemStatus>1</ItemStatus>
      <ItemId>147388</ItemId>
    </Item>
    <Item>
      <PriceUpdateDate>2025-08-26 10:12:33</PriceUpdateDate>
      <ItemCode>7290010627004</ItemCode>
      <ItemType>1</ItemType>
      <ItemName>טחינה ירושלים 500 גר</ItemName>
      <ManufacturerName>לא ידוע</ManufacturerName>
      <ManufactureCountry>לא ידוע</ManufactureCountry>
      <ManufacturerItemDescription>טחינה ירושלים 500 גר</ManufacturerItemDescription>
      <UnitQty>לא ידוע</UnitQty>
      <Quantity>500.00</Quantity>
      <UnitOfMeasure>לא ידוע</UnitOfMeasure>
      <bIsWeighted>0</bIsWeighted>
      <QtyInPackage>לא ידוע</QtyInPackage>
      <ItemPrice>19.90</ItemPrice>
      <UnitOfMeasurePrice>0.0398</UnitOfMeasurePrice>
      <AllowDiscount>1</AllowDiscount>
      <ItemStatus>1</ItemStatus>
      <ItemId>204557</ItemId>
    </Item>
    <Item>
      <PriceUpdateDate>2025-08-26 10:13:01</PriceUpdateDate>
      <ItemCode>7290014002197</ItemCode>
      <ItemType>1</ItemType>
      <ItemName>חליטת קמומיל ולימוני</ItemName>
      <ManufacturerName>לא ידוע</ManufacturerName>
      <ManufactureCountry>לא ידוע</ManufactureCountry>
      <ManufacturerItemDescription>חליטת קמומיל ולימוני</ManufacturerItemDescription>
      <UnitQty>לא ידוע</UnitQty>
      <Quantity>25.00</Quantity>
      <UnitOfMeasure>לא ידוע</UnitOfMeasure>
      <bIsWeighted>0</bIsWeighted>
      <QtyInPackage>לא ידוע</QtyInPackage>
      <ItemPrice>23.90</ItemPrice>
      <UnitOfMeasurePrice>0.9560</UnitOfMeasurePrice>
      <AllowDiscount>1</AllowDiscount>
      <ItemStatus>1</ItemStatus>
      <ItemId>147421</ItemId>
    </Item>
    <Item>
      <PriceUpdateDate>2025-08-26 10:13:02</PriceUpdateDate>
      <ItemCode>7290014002203</ItemCode>
      <ItemType>1</ItemType>
      <ItemName>חליטת לימונית לואיזה</ItemName>
      <ManufacturerName>לא ידוע</ManufacturerName>
      <ManufactureCountry>לא ידוע</ManufactureCountry>
      <ManufacturerItemDescription>חליטת לימונית לואיזה</ManufacturerItemDescription>
      <UnitQty>לא ידוע</UnitQty>
      <Quantity>25.00</Quantity>
      <UnitOfMeasure>לא ידוע</UnitOfMeasure>
      <bIsWeighted>0</bIsWeighted>
      <QtyInPackage>לא ידוע</QtyInPackage>
      <ItemPrice>23.90</ItemPrice>
      <UnitOfMeasurePrice>0.9560</UnitOfMeasurePrice>
      <AllowDiscount>1</AllowDiscount>
      <ItemStatus>1</ItemStatus>
      <ItemId>147422</ItemId>
    </Item>
    <Item>
      <PriceUpdateDate>2025-11-03 08:35:26</PriceUpdateDate>
      <ItemCode>7290117909188</ItemCode>
      <ItemType>1</ItemType>
      <ItemName>תמר מג'הול 1ק"ג דין</ItemName>
      <ManufacturerName>לא ידוע</ManufacturerName>
      <ManufactureCountry>לא ידוע</ManufactureCountry>
      <ManufacturerItemDescription>תמר מג'הול 1ק"ג דין</ManufacturerItemDescription>
      <UnitQty>לא ידוע</UnitQty>
      <Quantity>1000.00</Quantity>
      <UnitOfMeasure>לא ידוע</UnitOfMeasure>
      <bIsWeighted>0</bIsWeighted>
      <QtyInPackage>לא ידוע</QtyInPackage>
      <ItemPrice>25.90</ItemPrice>
      <UnitOfMeasurePrice>0.0259</UnitOfMeasurePrice>
      <AllowDiscount>1</AllowDiscount>
      <ItemStatus>1</ItemStatus>
      <ItemId>256301</ItemId>
    </Item>
    <Item>
      <PriceUpdateDate>2025-08-26 10:15:10</PriceUpdateDate>
      <ItemCode>7290015150088</ItemCode>
      <ItemType>1</ItemType>
      <ItemName>מחית עגבניות גרנד אי</ItemName>
      <ManufacturerName>לא ידוע</ManufacturerName>
      <ManufactureCountry>לא ידוע</ManufactureCountry>
      <ManufacturerItemDescription>מחית עגבניות גרנד אי</ManufacturerItemDescription>
      <UnitQty>לא ידוע</UnitQty>
      <Quantity>700.00</Quantity>
      <UnitOfMeasure>לא ידוע</UnitOfMeasure>
      <bIsWeighted>0</bIsWeighted>
      <QtyInPackage>לא ידוע</QtyInPackage>
      <ItemPrice>15.90</ItemPrice>
      <UnitOfMeasurePrice>0.0227</UnitOfMeasurePrice>
      <AllowDiscount>1</AllowDiscount>
      <ItemStatus>1</ItemStatus>
      <ItemId>147459</ItemId>
    </Item>
    <Item>
      <PriceUpdateDate>2025-08-26 10:15:13</PriceUpdateDate>
      <ItemCode>7290015150118</ItemCode>
      <ItemType>1</ItemType>
      <ItemName>עגבניות חתוכות 3* 40</ItemName>
      <ManufacturerName>לא ידוע</ManufacturerName>
      <ManufactureCountry>לא ידוע</ManufactureCountry>
      <ManufacturerItemDescription>עגבניות חתוכות 3* 40</ManufacturerItemDescription>
      <UnitQty>לא ידוע</UnitQty>
      <Quantity>1200.00</Quantity>
      <UnitOfMeasure>לא ידוע</UnitOfMeasure>
      <bIsWeighted>0</bIsWeighted>
      <QtyInPackage>לא ידוע</QtyInPackage>
      <ItemPrice>23.90</ItemPrice>
      <UnitOfMeasurePrice>0.0199</UnitOfMeasurePrice>
      <AllowDiscount>1</AllowDiscount>
      <ItemStatus>1</ItemStatus>
      <ItemId>147462</ItemId>
    </Item>
    <Item>
      <PriceUpdateDate>2025-08-19 09:34:17</PriceUpdateDate>
      <ItemCode>3046920027281</ItemCode>
      <ItemType>1</ItemType>
      <ItemName>שוקולד לינדט אקסלנס</ItemName>
      <ManufacturerName>לא ידוע</ManufacturerName>
      <ManufactureCountry>לא ידוע</ManufactureCountry>
      <ManufacturerItemDescription>שוקולד לינדט אקסלנס</ManufacturerItemDescription>
      <UnitQty>לא ידוע</UnitQty>
      <Quantity>100.00</Quantity>
      <UnitOfMeasure>לא ידוע</UnitOfMeasure>
      <bIsWeighted>0</bIsWeighted>
      <QtyInPackage>לא ידוע</QtyInPackage>
      <ItemPrice>25.90</ItemPrice>
      <UnitOfMeasurePrice>0.2590</UnitOfMeasurePrice>
      <AllowDiscount>1</AllowDiscount>
      <ItemStatus>1</ItemStatus>
      <ItemId>147529</ItemId>
    </Item>
    <Item>
      <PriceUpdateDate>2025-08-31 10:12:33</PriceUpdateDate>
      <ItemCode>7290112339874</ItemCode>
      <ItemType>1</ItemType>
      <ItemName>גמדים סקוויז תות בננ</ItemName>
      <ManufacturerName>לא ידוע</ManufacturerName>
      <ManufactureCountry>לא ידוע</ManufactureCountry>
      <ManufacturerItemDescription>גמדים סקוויז תות בננ</ManufacturerItemDescription>
      <UnitQty>לא ידוע</UnitQty>
      <Quantity>100.00</Quantity>
      <UnitOfMeasure>לא ידוע</UnitOfMeasure>
      <bIsWeighted>0</bIsWeighted>
      <QtyInPackage>לא ידוע</QtyInPackage>
      <ItemPrice>6.50</ItemPrice>
      <UnitOfMeasurePrice>0.0650</UnitOfMeasurePrice>
      <AllowDiscount>1</AllowDiscount>
      <ItemStatus>1</ItemStatus>
      <ItemId>213117</ItemId>
    </Item>
    <Item>
      <PriceUpdateDate>2025-08-19 09:34:18</PriceUpdateDate>
      <ItemCode>3046920028363</ItemCode>
      <ItemType>1</ItemType>
      <ItemName>85% שוקולד לינדט אקל</ItemName>
      <ManufacturerName>לא ידוע</ManufacturerName>
      <ManufactureCountry>לא ידוע</ManufactureCountry>
      <ManufacturerItemDescription>85% שוקולד לינדט אקל</ManufacturerItemDescription>
      <UnitQty>לא ידוע</UnitQty>
      <Quantity>100.00</Quantity>
      <UnitOfMeasure>לא ידוע</UnitOfMeasure>
      <bIsWeighted>0</bIsWeighted>
      <QtyInPackage>לא ידוע</QtyInPackage>
      <ItemPrice>25.90</ItemPrice>
      <UnitOfMeasurePrice>0.2590</UnitOfMeasurePrice>
      <AllowDiscount>1</AllowDiscount>
      <ItemStatus>1</ItemStatus>
      <ItemId>147531</ItemId>
    </Item>
    <Item>
      <PriceUpdateDate>2025-09-03 14:10:08</PriceUpdateDate>
      <ItemCode>7610400066037</ItemCode>
      <ItemType>1</ItemType>
      <ItemName>לינדור בונבוניירה סט</ItemName>
      <ManufacturerName>לא ידוע</ManufacturerName>
      <ManufactureCountry>לא ידוע</ManufactureCountry>
      <ManufacturerItemDescription>לינדור בונבוניירה סט</ManufacturerItemDescription>
      <UnitQty>לא ידוע</UnitQty>
      <Quantity>200.00</Quantity>
      <UnitOfMeasure>לא ידוע</UnitOfMeasure>
      <bIsWeighted>0</bIsWeighted>
      <QtyInPackage>לא ידוע</QtyInPackage>
      <ItemPrice>42.90</ItemPrice>
      <UnitOfMeasurePrice>0.2145</UnitOfMeasurePrice>
      <AllowDiscount>1</AllowDiscount>
      <ItemStatus>1</ItemStatus>
      <ItemId>147659</ItemId>
    </Item>
    <Item>
      <PriceUpdateDate>2025-09-03 14:10:08</PriceUpdateDate>
      <ItemCode>7610400068505</ItemCode>
      <ItemType>1</ItemType>
      <ItemName>לינדור בונבוניירה חל</ItemName>
      <ManufacturerName>לא ידוע</ManufacturerName>
      <ManufactureCountry>לא ידוע</ManufactureCountry>
      <ManufacturerItemDescription>לינדור בונבוניירה חל</ManufacturerItemDescription>
      <UnitQty>לא ידוע</UnitQty>
      <Quantity>200.00</Quantity>
      <UnitOfMeasure>לא ידוע</UnitOfMeasure>
      <bIsWeighted>0</bIsWeighted>
      <QtyInPackage>לא ידוע</QtyInPackage>
      <ItemPrice>42.90</ItemPrice>
      <UnitOfMeasurePrice>0.2145</UnitOfMeasurePrice>
      <AllowDiscount>1</AllowDiscount>
      <ItemStatus>1</ItemStatus>
      <ItemId>147661</ItemId>
    </Item>
    <Item>
      <PriceUpdateDate>2025-09-03 14:30:24</PriceUpdateDate>
      <ItemCode>7610400068529</ItemCode>
      <ItemType>1</ItemType>
      <ItemName>לינדור בונבוניירה אס</ItemName>
      <ManufacturerName>לא ידוע</ManufacturerName>
      <ManufactureCountry>לא ידוע</ManufactureCountry>
      <ManufacturerItemDescription>לינדור בונבוניירה אס</ManufacturerItemDescription>
      <UnitQty>לא ידוע</UnitQty>
      <Quantity>200.00</Quantity>
      <UnitOfMeasure>לא ידוע</UnitOfMeasure>
      <bIsWeighted>0</bIsWeighted>
      <QtyInPackage>לא ידוע</QtyInPackage>
      <ItemPrice>42.90</ItemPrice>
      <UnitOfMeasurePrice>0.2145</UnitOfMeasurePrice>
      <AllowDiscount>1</AllowDiscount>
      <ItemStatus>1</ItemStatus>
      <ItemId>147662</ItemId>
    </Item>
    <Item>
      <PriceUpdateDate>2025-09-07 11:04:20</PriceUpdateDate>
      <ItemCode>7610400070577</ItemCode>
      <ItemType>1</ItemType>
      <ItemName>לינדט אקסלנס צ׳לי 10</ItemName>
      <ManufacturerName>לא ידוע</ManufacturerName>
      <ManufactureCountry>לא ידוע</ManufactureCountry>
      <ManufacturerItemDescription>לינדט אקסלנס צ׳לי 10</ManufacturerItemDescription>
      <UnitQty>לא ידוע</UnitQty>
      <Quantity>100.00</Quantity>
      <UnitOfMeasure>לא ידוע</UnitOfMeasure>
      <bIsWeighted>0</bIsWeighted>
      <QtyInPackage>לא ידוע</QtyInPackage>
      <ItemPrice>25.90</ItemPrice>
      <UnitOfMeasurePrice>0.2590</UnitOfMeasurePrice>
      <AllowDiscount>1</AllowDiscount>
      <ItemStatus>1</ItemStatus>
      <ItemId>147671</ItemId>
    </Item>
    <Item>
      <PriceUpdateDate>2025-09-07 11:04:23</PriceUpdateDate>
      <ItemCode>7792860006218</ItemCode>
      <ItemType>1</ItemType>
      <ItemName>סוכריות לקקנים בייבי</ItemName>
      <ManufacturerName>לא ידוע</ManufacturerName>
      <ManufactureCountry>לא ידוע</ManufactureCountry>
      <ManufacturerItemDescription>סוכריות לקקנים בייבי</ManufacturerItemDescription>
      <UnitQty>לא ידוע</UnitQty>
      <Quantity>24.00</Quantity>
      <UnitOfMeasure>לא ידוע</UnitOfMeasure>
      <bIsWeighted>0</bIsWeighted>
      <QtyInPackage>לא ידוע</QtyInPackage>
      <ItemPrice>3.50</ItemPrice>
      <UnitOfMeasurePrice>0.1458</UnitOfMeasurePrice>
      <AllowDiscount>1</AllowDiscount>
      <ItemStatus>1</ItemStatus>
      <ItemId>147681</ItemId>
    </Item>
    <Item>
      <PriceUpdateDate>2025-08-31 10:26:27</PriceUpdateDate>
      <ItemCode>8003340091280</ItemCode>
      <ItemType>1</ItemType>
      <ItemName>לינדור בונבוניירה 60</ItemName>
      <ManufacturerName>לא ידוע</ManufacturerName>
      <ManufactureCountry>לא ידוע</ManufactureCountry>
      <ManufacturerItemDescription>לינדור בונבוניירה 60</ManufacturerItemDescription>
      <UnitQty>לא ידוע</UnitQty>
      <Quantity>200.00</Quantity>
      <UnitOfMeasure>לא ידוע</UnitOfMeasure>
      <bIsWeighted>0</bIsWeighted>
      <QtyInPackage>לא ידוע</QtyInPackage>
      <ItemPrice>42.90</ItemPrice>
      <UnitOfMeasurePrice>0.2145</UnitOfMeasurePrice>
      <AllowDiscount>1</AllowDiscount>
      <ItemStatus>1</ItemStatus>
      <ItemId>147682</ItemId>
    </Item>
    <Item>
      <PriceUpdateDate>2025-04-20 08:18:53</PriceUpdateDate>
      <ItemCode>8004690051573</ItemCode>
      <ItemType>1</ItemType>
      <ItemName>ספגטי לאמוליזנה 500</ItemName>
      <ManufacturerName>לא ידוע</ManufacturerName>
      <ManufactureCountry>לא ידוע</ManufactureCountry>
      <ManufacturerItemDescription>ספגטי לאמוליזנה 500</ManufacturerItemDescription>
      <UnitQty>לא ידוע</UnitQty>
      <Quantity>500.00</Quantity>
      <UnitOfMeasure>לא ידוע</UnitOfMeasure>
      <bIsWeighted>0</bIsWeighted>
      <QtyInPackage>לא ידוע</QtyInPackage>
      <ItemPrice>9.90</ItemPrice>
      <UnitOfMeasurePrice>0.0198</UnitOfMeasurePrice>
      <AllowDiscount>1</AllowDiscount>
      <ItemStatus>1</ItemStatus>
      <ItemId>147685</ItemId>
    </Item>
    <Item>
      <PriceUpdateDate>2025-09-07 11:04:26</PriceUpdateDate>
      <ItemCode>9310072028750</ItemCode>
      <ItemType>1</ItemType>
      <ItemName>טים טם דאבל</ItemName>
      <ManufacturerName>לא ידוע</ManufacturerName>
      <ManufactureCountry>לא ידוע</ManufactureCountry>
      <ManufacturerItemDescription>טים טם דאבל</ManufacturerItemDescription>
      <UnitQty>לא ידוע</UnitQty>
      <Quantity>200.00</Quantity>
      <UnitOfMeasure>לא ידוע</UnitOfMeasure>
      <bIsWeighted>0</bIsWeighted>
      <QtyInPackage>לא ידוע</QtyInPackage>
      <ItemPrice>25.90</ItemPrice>
      <UnitOfMeasurePrice>0.1295</UnitOfMeasurePrice>
      <AllowDiscount>1</AllowDiscount>
      <ItemStatus>1</ItemStatus>
      <ItemId>147724</ItemId>
    </Item>
    <Item>
      <PriceUpdateDate>2024-01-18 10:30:18</PriceUpdateDate>
      <ItemCode>3068320014067</ItemCode>
      <ItemType>1</ItemType>
      <ItemName>אוויאן מים בבקבוק פל</ItemName>
      <ManufacturerName>לא ידוע</ManufacturerName>
      <ManufactureCountry>לא ידוע</ManufactureCountry>
      <ManufacturerItemDescription>אוויאן מים בבקבוק פל</ManufacturerItemDescription>
      <UnitQty>לא ידוע</UnitQty>
      <Quantity>750.00</Quantity>
      <UnitOfMeasure>לא ידוע</UnitOfMeasure>
      <bIsWeighted>0</bIsWeighted>
      <QtyInPackage>לא ידוע</QtyInPackage>
      <ItemPrice>10.90</ItemPrice>
      <UnitOfMeasurePrice>0.0145</UnitOfMeasurePrice>
      <AllowDiscount>1</AllowDiscount>
      <ItemStatus>1</ItemStatus>
      <ItemId>214937</ItemId>
    </Item>
    <Item>
      <PriceUpdateDate>2025-09-08 07:59:24</PriceUpdateDate>
      <ItemCode>835811005728</ItemCode>
      <ItemType>1</ItemType>
      <ItemName>עלים לקרמשניט 2*200ג</ItemName>
      <ManufacturerName>לא ידוע</ManufacturerName>
      <ManufactureCountry>לא ידוע</ManufactureCountry>
      <ManufacturerItemDescription>עלים לקרמשניט 2*200ג</ManufacturerItemDescription>
      <UnitQty>לא ידוע</UnitQty>
      <Quantity>300.00</Quantity>
      <UnitOfMeasure>לא ידוע</UnitOfMeasure>
      <bIsWeighted>0</bIsWeighted>
      <QtyInPackage>לא ידוע</QtyInPackage>
      <ItemPrice>21.90</ItemPrice>
      <UnitOfMeasurePrice>0.0730</UnitOfMeasurePrice>
      <AllowDiscount>1</AllowDiscount>
      <ItemStatus>1</ItemStatus>
      <ItemId>147762</ItemId>
    </Item>
    <Item>
      <PriceUpdateDate>2025-08-21 11:30:22</PriceUpdateDate>
      <ItemCode>7290012228278</ItemCode>
      <ItemType>1</ItemType>
      <ItemName>נקניקיות בוקוורסט הו</ItemName>
      <ManufacturerName>לא ידוע</ManufacturerName>
      <ManufactureCountry>לא ידוע</ManufactureCountry>
      <ManufacturerItemDescription>נקניקיות בוקוורסט הו</ManufacturerItemDescription>
      <UnitQty>לא ידוע</UnitQty>
      <Quantity>310.00</Quantity>
      <UnitOfMeasure>לא ידוע</UnitOfMeasure>
      <bIsWeighted>0</bIsWeighted>
      <QtyInPackage>לא ידוע</QtyInPackage>
      <ItemPrice>31.90</ItemPrice>
      <UnitOfMeasurePrice>0.1029</UnitOfMeasurePrice>
      <AllowDiscount>1</AllowDiscount>
      <ItemStatus>1</ItemStatus>
      <ItemId>212119</ItemId>
    </Item>
    <Item>
      <PriceUpdateDate>2025-08-31 08:43:23</PriceUpdateDate>
      <ItemCode>7290001670057</ItemCode>
      <ItemType>1</ItemType>
      <ItemName>כפיות חפ 100 יח</ItemName>
      <ManufacturerName>קריות זול</ManufacturerName>
      <ManufactureCountry>לא ידוע</ManufactureCountry>
      <ManufacturerItemDescription>כפיות חפ 100 יח</ManufacturerItemDescription>
      <UnitQty>לא ידוע</UnitQty>
      <Quantity>100.00</Quantity>
      <UnitOfMeasure>לא ידוע</UnitOfMeasure>
      <bIsWeighted>0</bIsWeighted>
      <QtyInPackage>לא ידוע</QtyInPackage>
      <ItemPrice>11.90</ItemPrice>
      <UnitOfMeasurePrice>0.1190</UnitOfMeasurePrice>
      <AllowDiscount>1</AllowDiscount>
      <ItemStatus>1</ItemStatus>
      <ItemId>147886</ItemId>
    </Item>
    <Item>
      <PriceUpdateDate>2025-08-31 08:43:24</PriceUpdateDate>
      <ItemCode>7290001670071</ItemCode>
      <ItemType>1</ItemType>
      <ItemName>כף חפ 100 יח</ItemName>
      <ManufacturerName>קריות זול</ManufacturerName>
      <ManufactureCountry>לא ידוע</ManufactureCountry>
      <ManufacturerItemDescription>כף חפ 100 יח</ManufacturerItemDescription>
      <UnitQty>לא ידוע</UnitQty>
      <Quantity>100.00</Quantity>
      <UnitOfMeasure>לא ידוע</UnitOfMeasure>
      <bIsWeighted>0</bIsWeighted>
      <QtyInPackage>לא ידוע</QtyInPackage>
      <ItemPrice>11.90</ItemPrice>
      <UnitOfMeasurePrice>0.1190</UnitOfMeasurePrice>
      <AllowDiscount>1</AllowDiscount>
      <ItemStatus>1</ItemStatus>
      <ItemId>147888</ItemId>
    </Item>
    <Item>
      <PriceUpdateDate>2025-08-31 08:43:27</PriceUpdateDate>
      <ItemCode>7290002007234</ItemCode>
      <ItemType>1</ItemType>
      <ItemName>אבקת סוכר הנמל 100 ג</ItemName>
      <ManufacturerName>לא ידוע</ManufacturerName>
      <ManufactureCountry>לא ידוע</ManufactureCountry>
      <ManufacturerItemDescription>אבקת סוכר הנמל 100 ג</ManufacturerItemDescription>
      <UnitQty>לא ידוע</UnitQty>
      <Quantity>100.00</Quantity>
      <UnitOfMeasure>לא ידוע</UnitOfMeasure>
      <bIsWeighted>0</bIsWeighted>
      <QtyInPackage>לא ידוע</QtyInPackage>
      <ItemPrice>5.90</ItemPrice>
      <UnitOfMeasurePrice>0.0590</UnitOfMeasurePrice>
      <AllowDiscount>1</AllowDiscount>
      <ItemStatus>1</ItemStatus>
      <ItemId>147927</ItemId>
    </Item>
    <Item>
      <PriceUpdateDate>2025-08-31 08:43:27</PriceUpdateDate>
      <ItemCode>7290002007302</ItemCode>
      <ItemType>1</ItemType>
      <ItemName>סוכריות מזרה צבע אחי</ItemName>
      <ManufacturerName>קריות זול</ManufacturerName>
      <ManufactureCountry>לא ידוע</ManufactureCountry>
      <ManufacturerItemDescription>סוכריות מזרה צבע אחי</ManufacturerItemDescription>
      <UnitQty>לא ידוע</UnitQty>
      <Quantity>100.00</Quantity>
      <UnitOfMeasure>לא ידוע</UnitOfMeasure>
      <bIsWeighted>0</bIsWeighted>
      <QtyInPackage>לא ידוע</QtyInPackage>
      <ItemPrice>8.90</ItemPrice>
      <UnitOfMeasurePrice>0.0890</UnitOfMeasurePrice>
      <AllowDiscount>1</AllowDiscount>
      <ItemStatus>1</ItemStatus>
      <ItemId>147929</ItemId>
    </Item>
    <Item>
      <PriceUpdateDate>2025-08-31 08:43:30</PriceUpdateDate>
      <ItemCode>7290002007982</ItemCode>
      <ItemType>1</ItemType>
      <ItemName>מזלג חפ 100יח</ItemName>
      <ManufacturerName>קריות זול</ManufacturerName>
      <ManufactureCountry>לא ידוע</ManufactureCountry>
      <ManufacturerItemDescription>מזלג חפ 100יח</ManufacturerItemDescription>
      <UnitQty>לא ידוע</UnitQty>
      <Quantity>100.00</Quantity>
      <UnitOfMeasure>לא ידוע</UnitOfMeasure>
      <bIsWeighted>0</bIsWeighted>
      <QtyInPackage>לא ידוע</QtyInPackage>
      <ItemPrice>11.90</ItemPrice>
      <UnitOfMeasurePrice>0.1190</UnitOfMeasurePrice>
      <AllowDiscount>1</AllowDiscount>
      <ItemStatus>1</ItemStatus>
      <ItemId>147952</ItemId>
    </Item>
    <Item>
      <PriceUpdateDate>2025-08-18 11:13:15</PriceUpdateDate>
      <ItemCode>4891228430085</ItemCode>
      <ItemType>1</ItemType>
      <ItemName>סכיני גילוח אקסטרים</ItemName>
      <ManufacturerName>קריות זול</ManufacturerName>
      <ManufactureCountry>לא ידוע</ManufactureCountry>
      <ManufacturerItemDescription>סכיני גילוח אקסטרים</ManufacturerItemDescription>
      <UnitQty>יחידה   </UnitQty>
      <Quantity>0.00</Quantity>
      <UnitOfMeasure>יחידה   </UnitOfMeasure>
      <bIsWeighted>0</bIsWeighted>
      <QtyInPackage>לא ידוע</QtyInPackage>
      <ItemPrice>22.90</ItemPrice>
      <UnitOfMeasurePrice>0.0000</UnitOfMeasurePrice>
      <AllowDiscount>1</AllowDiscount>
      <ItemStatus>1</ItemStatus>
      <ItemId>239858</ItemId>
    </Item>
    <Item>
      <PriceUpdateDate>2025-08-19 11:32:53</PriceUpdateDate>
      <ItemCode>7290004126759</ItemCode>
      <ItemType>1</ItemType>
      <ItemName>יופלה דיאט פירות יער</ItemName>
      <ManufacturerName>קריות זול</ManufacturerName>
      <ManufactureCountry>לא ידוע</ManufactureCountry>
      <ManufacturerItemDescription>יופלה דיאט פירות יער</ManufacturerItemDescription>
      <UnitQty>לא ידוע</UnitQty>
      <Quantity>150.00</Quantity>
      <UnitOfMeasure>לא ידוע</UnitOfMeasure>
      <bIsWeighted>0</bIsWeighted>
      <QtyInPackage>לא ידוע</QtyInPackage>
      <ItemPrice>6.20</ItemPrice>
      <UnitOfMeasurePrice>0.0413</UnitOfMeasurePrice>
      <AllowDiscount>1</AllowDiscount>
      <ItemStatus>1</ItemStatus>
      <ItemId>245732</ItemId>
    </Item>
    <Item>
      <PriceUpdateDate>2025-08-19 08:31:34</PriceUpdateDate>
      <ItemCode>4820217240114</ItemCode>
      <ItemType>1</ItemType>
      <ItemName>חמאה 200גר 82.5% פרמ</ItemName>
      <ManufacturerName>לא ידוע</ManufacturerName>
      <ManufactureCountry>לא ידוע</ManufactureCountry>
      <ManufacturerItemDescription>חמאה 200גר 82.5% פרמ</ManufacturerItemDescription>
      <UnitQty>לא ידוע</UnitQty>
      <Quantity>200.00</Quantity>
      <UnitOfMeasure>לא ידוע</UnitOfMeasure>
      <bIsWeighted>0</bIsWeighted>
      <QtyInPackage>לא ידוע</QtyInPackage>
      <ItemPrice>14.90</ItemPrice>
      <UnitOfMeasurePrice>0.0745</UnitOfMeasurePrice>
      <AllowDiscount>1</AllowDiscount>
      <ItemStatus>1</ItemStatus>
      <ItemId>240710</ItemId>
    </Item>
    <Item>
      <PriceUpdateDate>2025-09-08 07:54:50</PriceUpdateDate>
      <ItemCode>7290014945210</ItemCode>
      <ItemType>1</ItemType>
      <ItemName>צמרוני עץ 300 יח בשק</ItemName>
      <ManufacturerName>לא ידוע</ManufacturerName>
      <ManufactureCountry>לא ידוע</ManufactureCountry>
      <ManufacturerItemDescription>צמרוני עץ 300 יח בשק</ManufacturerItemDescription>
      <UnitQty>יחידה   </UnitQty>
      <Quantity>0.00</Quantity>
      <UnitOfMeasure>יחידה   </UnitOfMeasure>
      <bIsWeighted>0</bIsWeighted>
      <QtyInPackage>לא ידוע</QtyInPackage>
      <ItemPrice>6.00</ItemPrice>
      <UnitOfMeasurePrice>0.0000</UnitOfMeasurePrice>
      <AllowDiscount>1</AllowDiscount>
      <ItemStatus>1</ItemStatus>
      <ItemId>238886</ItemId>
    </Item>
    <Item>
      <PriceUpdateDate>2025-08-26 11:53:44</PriceUpdateDate>
      <ItemCode>7290112343512</ItemCode>
      <ItemType>1</ItemType>
      <ItemName>ציטוס פופס 160גרם</ItemName>
      <ManufacturerName>לא ידוע</ManufacturerName>
      <ManufactureCountry>לא ידוע</ManufactureCountry>
      <ManufacturerItemDescription>ציטוס פופס 160גרם</ManufacturerItemDescription>
      <UnitQty>לא ידוע</UnitQty>
      <Quantity>160.00</Quantity>
      <UnitOfMeasure>לא ידוע</UnitOfMeasure>
      <bIsWeighted>0</bIsWeighted>
      <QtyInPackage>לא ידוע</QtyInPackage>
      <ItemPrice>10.90</ItemPrice>
      <UnitOfMeasurePrice>0.0681</UnitOfMeasurePrice>
      <AllowDiscount>1</AllowDiscount>
      <ItemStatus>1</ItemStatus>
      <ItemId>236252</ItemId>
    </Item>
    <Item>
      <PriceUpdateDate>2025-08-31 08:46:10</PriceUpdateDate>
      <ItemCode>42400108153</ItemCode>
      <ItemType>1</ItemType>
      <ItemName>דגני פוסט טוטי פרוטי</ItemName>
      <ManufacturerName>לא ידוע</ManufacturerName>
      <ManufactureCountry>לא ידוע</ManufactureCountry>
      <ManufacturerItemDescription>דגני פוסט טוטי פרוטי</ManufacturerItemDescription>
      <UnitQty>לא ידוע</UnitQty>
      <Quantity>354.00</Quantity>
      <UnitOfMeasure>לא ידוע</UnitOfMeasure>
      <bIsWeighted>0</bIsWeighted>
      <QtyInPackage>לא ידוע</QtyInPackage>
      <ItemPrice>24.90</ItemPrice>
      <UnitOfMeasurePrice>0.0703</UnitOfMeasurePrice>
      <AllowDiscount>1</AllowDiscount>
      <ItemStatus>1</ItemStatus>
      <ItemId>234010</ItemId>
    </Item>
    <Item>
      <PriceUpdateDate>2025-08-31 08:43:34</PriceUpdateDate>
      <ItemCode>7290002008491</ItemCode>
      <ItemType>1</ItemType>
      <ItemName>סוכריות מזרה שוקולד</ItemName>
      <ManufacturerName>קריות זול</ManufacturerName>
      <ManufactureCountry>לא ידוע</ManufactureCountry>
      <ManufacturerItemDescription>סוכריות מזרה שוקולד</ManufacturerItemDescription>
      <UnitQty>לא ידוע</UnitQty>
      <Quantity>100.00</Quantity>
      <UnitOfMeasure>לא ידוע</UnitOfMeasure>
      <bIsWeighted>0</bIsWeighted>
      <QtyInPackage>לא ידוע</QtyInPackage>
      <ItemPrice>8.90</ItemPrice>
      <UnitOfMeasurePrice>0.0890</UnitOfMeasurePrice>
      <AllowDiscount>1</AllowDiscount>
      <ItemStatus>1</ItemStatus>
      <ItemId>147983</ItemId>
    </Item>
    <Item>
      <PriceUpdateDate>2025-08-31 08:43:35</PriceUpdateDate>
      <ItemCode>7290002008750</ItemCode>
      <ItemType>1</ItemType>
      <ItemName>אבקת אפיה 10 יח</ItemName>
      <ManufacturerName>קריות זול</ManufacturerName>
      <ManufactureCountry>לא ידוע</ManufactureCountry>
      <ManufacturerItemDescription>אבקת אפיה 10 יח</ManufacturerItemDescription>
      <UnitQty>לא ידוע</UnitQty>
      <Quantity>10.00</Quantity>
      <UnitOfMeasure>לא ידוע</UnitOfMeasure>
      <bIsWeighted>0</bIsWeighted>
      <QtyInPackage>לא ידוע</QtyInPackage>
      <ItemPrice>4.50</ItemPrice>
      <UnitOfMeasurePrice>0.4500</UnitOfMeasurePrice>
      <AllowDiscount>1</AllowDiscount>
      <ItemStatus>1</ItemStatus>
      <ItemId>147990</ItemId>
    </Item>
    <Item>
      <PriceUpdateDate>2025-08-31 08:43:35</PriceUpdateDate>
      <ItemCode>7290002008927</ItemCode>
      <ItemType>1</ItemType>
      <ItemName>סוכריות מזרה שוקו לב</ItemName>
      <ManufacturerName>קריות זול</ManufacturerName>
      <ManufactureCountry>לא ידוע</ManufactureCountry>
      <ManufacturerItemDescription>סוכריות מזרה שוקו לב</ManufacturerItemDescription>
      <UnitQty>לא ידוע</UnitQty>
      <Quantity>100.00</Quantity>
      <UnitOfMeasure>לא ידוע</UnitOfMeasure>
      <bIsWeighted>0</bIsWeighted>
      <QtyInPackage>לא ידוע</QtyInPackage>
      <ItemPrice>8.90</ItemPrice>
      <UnitOfMeasurePrice>0.0890</UnitOfMeasurePrice>
      <AllowDiscount>1</AllowDiscount>
      <ItemStatus>1</ItemStatus>
      <ItemId>147996</ItemId>
    </Item>
    <Item>
      <PriceUpdateDate>2025-08-31 08:43:38</PriceUpdateDate>
      <ItemCode>7290003411276</ItemCode>
      <ItemType>1</ItemType>
      <ItemName>עמבה מובחרת 500גר</ItemName>
      <ManufacturerName>קריות זול</ManufacturerName>
      <ManufactureCountry>לא ידוע</ManufactureCountry>
      <ManufacturerItemDescription>עמבה מובחרת 500גר</ManufacturerItemDescription>
      <UnitQty>לא ידוע</UnitQty>
      <Quantity>500.00</Quantity>
      <UnitOfMeasure>לא ידוע</UnitOfMeasure>
      <bIsWeighted>0</bIsWeighted>
      <QtyInPackage>לא ידוע</QtyInPackage>
      <ItemPrice>13.90</ItemPrice>
      <UnitOfMeasurePrice>0.0278</UnitOfMeasurePrice>
      <AllowDiscount>1</AllowDiscount>
      <ItemStatus>1</ItemStatus>
      <ItemId>148023</ItemId>
    </Item>
    <Item>
      <PriceUpdateDate>2025-08-31 08:43:39</PriceUpdateDate>
      <ItemCode>7290003411696</ItemCode>
      <ItemType>1</ItemType>
      <ItemName>מרקיות לבן 25יח</ItemName>
      <ManufacturerName>קריות זול</ManufacturerName>
      <ManufactureCountry>לא ידוע</ManufactureCountry>
      <ManufacturerItemDescription>מרקיות לבן 25יח</ManufacturerItemDescription>
      <UnitQty>יחידה   </UnitQty>
      <Quantity>0.00</Quantity>
      <UnitOfMeasure>יחידה   </UnitOfMeasure>
      <bIsWeighted>0</bIsWeighted>
      <QtyInPackage>לא ידוע</QtyInPackage>
      <ItemPrice>8.90</ItemPrice>
      <UnitOfMeasurePrice>0.0000</UnitOfMeasurePrice>
      <AllowDiscount>1</AllowDiscount>
      <ItemStatus>1</ItemStatus>
      <ItemId>148033</ItemId>
    </Item>
    <Item>
      <PriceUpdateDate>2025-09-08 12:05:26</PriceUpdateDate>
      <ItemCode>7290110578459</ItemCode>
      <ItemType>1</ItemType>
      <ItemName>טעמי קרם קרמל מלוח ע</ItemName>
      <ManufacturerName>קריות זול</ManufacturerName>
      <ManufactureCountry>לא ידוע</ManufactureCountry>
      <ManufacturerItemDescription>טעמי קרם קרמל מלוח ע</ManufacturerItemDescription>
      <UnitQty>לא ידוע</UnitQty>
      <Quantity>36.00</Quantity>
      <UnitOfMeasure>לא ידוע</UnitOfMeasure>
      <bIsWeighted>0</bIsWeighted>
      <QtyInPackage>לא ידוע</QtyInPackage>
      <ItemPrice>6.90</ItemPrice>
      <UnitOfMeasurePrice>0.1917</UnitOfMeasurePrice>
      <AllowDiscount>1</AllowDiscount>
      <ItemStatus>1</ItemStatus>
      <ItemId>255827</ItemId>
    </Item>
    <Item>
      <PriceUpdateDate>2025-08-31 08:43:39</PriceUpdateDate>
      <ItemCode>7290003411993</ItemCode>
      <ItemType>1</ItemType>
      <ItemName>גפרורים 10יח הנמל</ItemName>
      <ManufacturerName>לא ידוע</ManufacturerName>
      <ManufactureCountry>לא ידוע</ManufactureCountry>
      <ManufacturerItemDescription>גפרורים 10יח הנמל</ManufacturerItemDescription>
      <UnitQty>לא ידוע</UnitQty>
      <Quantity>10.00</Quantity>
      <UnitOfMeasure>לא ידוע</UnitOfMeasure>
      <bIsWeighted>0</bIsWeighted>
      <QtyInPackage>לא ידוע</QtyInPackage>
      <ItemPrice>3.70</ItemPrice>
      <UnitOfMeasurePrice>0.3700</UnitOfMeasurePrice>
      <AllowDiscount>1</AllowDiscount>
      <ItemStatus>1</ItemStatus>
      <ItemId>148044</ItemId>
    </Item>
    <Item>
      <PriceUpdateDate>2025-08-26 11:07:56</PriceUpdateDate>
      <ItemCode>7290002133537</ItemCode>
      <ItemType>1</ItemType>
      <ItemName>יוגורט של פעם חלב עי</ItemName>
      <ManufacturerName>לא ידוע</ManufacturerName>
      <ManufactureCountry>לא ידוע</ManufactureCountry>
      <ManufacturerItemDescription>יוגורט של פעם חלב עי</ManufacturerItemDescription>
      <UnitQty>לא ידוע</UnitQty>
      <Quantity>180.00</Quantity>
      <UnitOfMeasure>לא ידוע</UnitOfMeasure>
      <bIsWeighted>0</bIsWeighted>
      <QtyInPackage>לא ידוע</QtyInPackage>
      <ItemPrice>8.50</ItemPrice>
      <UnitOfMeasurePrice>0.0472</UnitOfMeasurePrice>
      <AllowDiscount>1</AllowDiscount>
      <ItemStatus>1</ItemStatus>
      <ItemId>214999</ItemId>
    </Item>
    <Item>
      <PriceUpdateDate>2025-08-21 13:56:16</PriceUpdateDate>
      <ItemCode>80176800</ItemCode>
      <ItemType>1</ItemType>
      <ItemName>נוטלה 750ג ממרח אגוז</ItemName>
      <ManufacturerName>קריות זול</ManufacturerName>
      <ManufactureCountry>לא ידוע</ManufactureCountry>
      <ManufacturerItemDescription>נוטלה 750ג ממרח אגוז</ManufacturerItemDescription>
      <UnitQty>לא ידוע</UnitQty>
      <Quantity>750.00</Quantity>
      <UnitOfMeasure>לא ידוע</UnitOfMeasure>
      <bIsWeighted>0</bIsWeighted>
      <QtyInPackage>לא ידוע</QtyInPackage>
      <ItemPrice>35.90</ItemPrice>
      <UnitOfMeasurePrice>0.0479</UnitOfMeasurePrice>
      <AllowDiscount>1</AllowDiscount>
      <ItemStatus>1</ItemStatus>
      <ItemId>148072</ItemId>
    </Item>
    <Item>
      <PriceUpdateDate>2025-08-20 14:13:36</PriceUpdateDate>
      <ItemCode>7290000208091</ItemCode>
      <ItemType>1</ItemType>
      <ItemName>אפונה קטנה יכין 550</ItemName>
      <ManufacturerName>קריות זול</ManufacturerName>
      <ManufactureCountry>לא ידוע</ManufactureCountry>
      <ManufacturerItemDescription>אפונה קטנה יכין 550</ManufacturerItemDescription>
      <UnitQty>לא ידוע</UnitQty>
      <Quantity>550.00</Quantity>
      <UnitOfMeasure>לא ידוע</UnitOfMeasure>
      <bIsWeighted>0</bIsWeighted>
      <QtyInPackage>לא ידוע</QtyInPackage>
      <ItemPrice>11.90</ItemPrice>
      <UnitOfMeasurePrice>0.0216</UnitOfMeasurePrice>
      <AllowDiscount>1</AllowDiscount>
      <ItemStatus>1</ItemStatus>
      <ItemId>215010</ItemId>
    </Item>
    <Item>
      <PriceUpdateDate>2025-12-07 11:50:21</PriceUpdateDate>
      <ItemCode>6585146519035</ItemCode>
      <ItemType>1</ItemType>
      <ItemName>מפזר חום עומד/שוכב B</ItemName>
      <ManufacturerName>לא ידוע</ManufacturerName>
      <ManufactureCountry>לא ידוע</ManufactureCountry>
      <ManufacturerItemDescription>מפזר חום עומד/שוכב B</ManufacturerItemDescription>
      <UnitQty>יחידה   </UnitQty>
      <Quantity>0.00</Quantity>
      <UnitOfMeasure>יחידה   </UnitOfMeasure>
      <bIsWeighted>0</bIsWeighted>
      <QtyInPackage>לא ידוע</QtyInPackage>
      <ItemPrice>59.00</ItemPrice>
      <UnitOfMeasurePrice>0.0000</UnitOfMeasurePrice>
      <AllowDiscount>1</AllowDiscount>
      <ItemStatus>1</ItemStatus>
      <ItemId>256740</ItemId>
    </Item>
    <Item>
      <PriceUpdateDate>2025-08-19 18:18:43</PriceUpdateDate>
      <ItemCode>16000548404</ItemCode>
      <ItemType>1</ItemType>
      <ItemName>ניטשר וואלי חטיף קרא</ItemName>
      <ManufacturerName>לא ידוע</ManufacturerName>
      <ManufactureCountry>לא ידוע</ManufactureCountry>
      <ManufacturerItemDescription>ניטשר וואלי חטיף קרא</ManufacturerItemDescription>
      <UnitQty>לא ידוע</UnitQty>
      <Quantity>210.00</Quantity>
      <UnitOfMeasure>לא ידוע</UnitOfMeasure>
      <bIsWeighted>0</bIsWeighted>
      <QtyInPackage>לא ידוע</QtyInPackage>
      <ItemPrice>22.50</ItemPrice>
      <UnitOfMeasurePrice>0.1071</UnitOfMeasurePrice>
      <AllowDiscount>1</AllowDiscount>
      <ItemStatus>1</ItemStatus>
      <ItemId>148144</ItemId>
    </Item>
    <Item>
      <PriceUpdateDate>2025-08-19 18:18:43</PriceUpdateDate>
      <ItemCode>16000548503</ItemCode>
      <ItemType>1</ItemType>
      <ItemName>נייטשר וואלי שיבולת</ItemName>
      <ManufacturerName>לא ידוע</ManufacturerName>
      <ManufactureCountry>לא ידוע</ManufactureCountry>
      <ManufacturerItemDescription>נייטשר וואלי שיבולת</ManufacturerItemDescription>
      <UnitQty>לא ידוע</UnitQty>
      <Quantity>210.00</Quantity>
      <UnitOfMeasure>לא ידוע</UnitOfMeasure>
      <bIsWeighted>0</bIsWeighted>
      <QtyInPackage>לא ידוע</QtyInPackage>
      <ItemPrice>22.50</ItemPrice>
      <UnitOfMeasurePrice>0.1071</UnitOfMeasurePrice>
      <AllowDiscount>1</AllowDiscount>
      <ItemStatus>1</ItemStatus>
      <ItemId>148146</ItemId>
    </Item>
    <Item>
      <PriceUpdateDate>2025-08-19 18:18:44</PriceUpdateDate>
      <ItemCode>18000701223</ItemCode>
      <ItemType>1</ItemType>
      <ItemName>תערובת עוגת שוקולד פ</ItemName>
      <ManufacturerName>קריות זול</ManufacturerName>
      <ManufactureCountry>לא ידוע</ManufactureCountry>
      <ManufacturerItemDescription>תערובת עוגת שוקולד פ</ManufacturerItemDescription>
      <UnitQty>לא ידוע</UnitQty>
      <Quantity>425.00</Quantity>
      <UnitOfMeasure>לא ידוע</UnitOfMeasure>
      <bIsWeighted>0</bIsWeighted>
      <QtyInPackage>לא ידוע</QtyInPackage>
      <ItemPrice>22.50</ItemPrice>
      <UnitOfMeasurePrice>0.0529</UnitOfMeasurePrice>
      <AllowDiscount>1</AllowDiscount>
      <ItemStatus>1</ItemStatus>
      <ItemId>148152</ItemId>
    </Item>
    <Item>
      <PriceUpdateDate>2025-08-28 16:51:12</PriceUpdateDate>
      <ItemCode>64144090020</ItemCode>
      <ItemType>1</ItemType>
      <ItemName>פאם - שמן זית</ItemName>
      <ManufacturerName>לא ידוע</ManufacturerName>
      <ManufactureCountry>לא ידוע</ManufactureCountry>
      <ManufacturerItemDescription>פאם - שמן זית</ManufacturerItemDescription>
      <UnitQty>לא ידוע</UnitQty>
      <Quantity>141.00</Quantity>
      <UnitOfMeasure>לא ידוע</UnitOfMeasure>
      <bIsWeighted>0</bIsWeighted>
      <QtyInPackage>לא ידוע</QtyInPackage>
      <ItemPrice>20.90</ItemPrice>
      <UnitOfMeasurePrice>0.1482</UnitOfMeasurePrice>
      <AllowDiscount>1</AllowDiscount>
      <ItemStatus>1</ItemStatus>
      <ItemId>148180</ItemId>
    </Item>
    <Item>
      <PriceUpdateDate>2025-08-19 18:18:47</PriceUpdateDate>
      <ItemCode>4000417025005</ItemCode>
      <ItemType>1</ItemType>
      <ItemName>שוקולד ריטר ספורט מר</ItemName>
      <ManufacturerName>לא ידוע</ManufacturerName>
      <ManufactureCountry>לא ידוע</ManufactureCountry>
      <ManufacturerItemDescription>שוקולד ריטר ספורט מר</ManufacturerItemDescription>
      <UnitQty>לא ידוע</UnitQty>
      <Quantity>100.00</Quantity>
      <UnitOfMeasure>לא ידוע</UnitOfMeasure>
      <bIsWeighted>0</bIsWeighted>
      <QtyInPackage>לא ידוע</QtyInPackage>
      <ItemPrice>15.90</ItemPrice>
      <UnitOfMeasurePrice>0.1590</UnitOfMeasurePrice>
      <AllowDiscount>1</AllowDiscount>
      <ItemStatus>1</ItemStatus>
      <ItemId>148211</ItemId>
    </Item>
    <Item>
      <PriceUpdateDate>2025-08-19 18:18:55</PriceUpdateDate>
      <ItemCode>4014400900217</ItemCode>
      <ItemType>1</ItemType>
      <ItemName>מרסי 400 גר'</ItemName>
      <ManufacturerName>קריות זול</ManufacturerName>
      <ManufactureCountry>לא ידוע</ManufactureCountry>
      <ManufacturerItemDescription>מרסי 400 גר'</ManufacturerItemDescription>
      <UnitQty>לא ידוע</UnitQty>
      <Quantity>400.00</Quantity>
      <UnitOfMeasure>לא ידוע</UnitOfMeasure>
      <bIsWeighted>0</bIsWeighted>
      <QtyInPackage>לא ידוע</QtyInPackage>
      <ItemPrice>55.90</ItemPrice>
      <UnitOfMeasurePrice>0.1397</UnitOfMeasurePrice>
      <AllowDiscount>1</AllowDiscount>
      <ItemStatus>1</ItemStatus>
      <ItemId>148256</ItemId>
    </Item>
    <Item>
      <PriceUpdateDate>2025-08-19 18:18:56</PriceUpdateDate>
      <ItemCode>4014400904376</ItemCode>
      <ItemType>1</ItemType>
      <ItemName>סוכריות שוקולדן 325ג</ItemName>
      <ManufacturerName>קריות זול</ManufacturerName>
      <ManufactureCountry>לא ידוע</ManufactureCountry>
      <ManufacturerItemDescription>סוכריות שוקולדן 325ג</ManufacturerItemDescription>
      <UnitQty>לא ידוע</UnitQty>
      <Quantity>325.00</Quantity>
      <UnitOfMeasure>לא ידוע</UnitOfMeasure>
      <bIsWeighted>0</bIsWeighted>
      <QtyInPackage>לא ידוע</QtyInPackage>
      <ItemPrice>22.90</ItemPrice>
      <UnitOfMeasurePrice>0.0705</UnitOfMeasurePrice>
      <AllowDiscount>1</AllowDiscount>
      <ItemStatus>1</ItemStatus>
      <ItemId>148267</ItemId>
    </Item>
    <Item>
      <PriceUpdateDate>2025-08-19 18:18:57</PriceUpdateDate>
      <ItemCode>4014400914696</ItemCode>
      <ItemType>1</ItemType>
      <ItemName>סוכריות וורטר ללא סו</ItemName>
      <ManufacturerName>לא ידוע</ManufacturerName>
      <ManufactureCountry>לא ידוע</ManufactureCountry>
      <ManufacturerItemDescription>סוכריות וורטר ללא סו</ManufacturerItemDescription>
      <UnitQty>לא ידוע</UnitQty>
      <Quantity>80.00</Quantity>
      <UnitOfMeasure>לא ידוע</UnitOfMeasure>
      <bIsWeighted>0</bIsWeighted>
      <QtyInPackage>לא ידוע</QtyInPackage>
      <ItemPrice>11.90</ItemPrice>
      <UnitOfMeasurePrice>0.1488</UnitOfMeasurePrice>
      <AllowDiscount>1</AllowDiscount>
      <ItemStatus>1</ItemStatus>
      <ItemId>148288</ItemId>
    </Item>
    <Item>
      <PriceUpdateDate>2025-08-19 18:18:57</PriceUpdateDate>
      <ItemCode>4014400914924</ItemCode>
      <ItemType>1</ItemType>
      <ItemName>וורטרס אוריגינל ללא</ItemName>
      <ManufacturerName>לא ידוע</ManufacturerName>
      <ManufactureCountry>לא ידוע</ManufactureCountry>
      <ManufacturerItemDescription>וורטרס אוריגינל ללא</ManufacturerItemDescription>
      <UnitQty>לא ידוע</UnitQty>
      <Quantity>80.00</Quantity>
      <UnitOfMeasure>לא ידוע</UnitOfMeasure>
      <bIsWeighted>0</bIsWeighted>
      <QtyInPackage>לא ידוע</QtyInPackage>
      <ItemPrice>11.90</ItemPrice>
      <UnitOfMeasurePrice>0.1488</UnitOfMeasurePrice>
      <AllowDiscount>1</AllowDiscount>
      <ItemStatus>1</ItemStatus>
      <ItemId>148289</ItemId>
    </Item>
    <Item>
      <PriceUpdateDate>2025-08-19 18:19:02</PriceUpdateDate>
      <ItemCode>4017100364112</ItemCode>
      <ItemType>1</ItemType>
      <ItemName>היט ביסקוויט סנדוויץ</ItemName>
      <ManufacturerName>לא ידוע</ManufacturerName>
      <ManufactureCountry>לא ידוע</ManufactureCountry>
      <ManufacturerItemDescription>היט ביסקוויט סנדוויץ</ManufacturerItemDescription>
      <UnitQty>לא ידוע</UnitQty>
      <Quantity>220.00</Quantity>
      <UnitOfMeasure>לא ידוע</UnitOfMeasure>
      <bIsWeighted>0</bIsWeighted>
      <QtyInPackage>לא ידוע</QtyInPackage>
      <ItemPrice>14.90</ItemPrice>
      <UnitOfMeasurePrice>0.0677</UnitOfMeasurePrice>
      <AllowDiscount>1</AllowDiscount>
      <ItemStatus>1</ItemStatus>
      <ItemId>148314</ItemId>
    </Item>
    <Item>
      <PriceUpdateDate>2025-08-19 18:19:02</PriceUpdateDate>
      <ItemCode>4903001904192</ItemCode>
      <ItemType>1</ItemType>
      <ItemName>סויה פרימיום 500מ"ל</ItemName>
      <ManufacturerName>לא ידוע</ManufacturerName>
      <ManufactureCountry>לא ידוע</ManufactureCountry>
      <ManufacturerItemDescription>סויה פרימיום 500מ"ל</ManufacturerItemDescription>
      <UnitQty>לא ידוע</UnitQty>
      <Quantity>500.00</Quantity>
      <UnitOfMeasure>לא ידוע</UnitOfMeasure>
      <bIsWeighted>0</bIsWeighted>
      <QtyInPackage>לא ידוע</QtyInPackage>
      <ItemPrice>21.90</ItemPrice>
      <UnitOfMeasurePrice>0.0438</UnitOfMeasurePrice>
      <AllowDiscount>1</AllowDiscount>
      <ItemStatus>1</ItemStatus>
      <ItemId>148321</ItemId>
    </Item>
    <Item>
      <PriceUpdateDate>2025-08-18 11:13:18</PriceUpdateDate>
      <ItemCode>5410291022011</ItemCode>
      <ItemType>1</ItemType>
      <ItemName>ממרח אגוזי לוז קקאו</ItemName>
      <ManufacturerName>לא ידוע</ManufacturerName>
      <ManufactureCountry>לא ידוע</ManufactureCountry>
      <ManufacturerItemDescription>ממרח אגוזי לוז קקאו</ManufacturerItemDescription>
      <UnitQty>לא ידוע</UnitQty>
      <Quantity>350.00</Quantity>
      <UnitOfMeasure>לא ידוע</UnitOfMeasure>
      <bIsWeighted>0</bIsWeighted>
      <QtyInPackage>לא ידוע</QtyInPackage>
      <ItemPrice>16.90</ItemPrice>
      <UnitOfMeasurePrice>0.0483</UnitOfMeasurePrice>
      <AllowDiscount>1</AllowDiscount>
      <ItemStatus>1</ItemStatus>
      <ItemId>148325</ItemId>
    </Item>
    <Item>
      <PriceUpdateDate>2025-08-19 18:19:04</PriceUpdateDate>
      <ItemCode>5701932026964</ItemCode>
      <ItemType>1</ItemType>
      <ItemName>הוטפופ פופקורן בתוספ</ItemName>
      <ManufacturerName>קריות זול</ManufacturerName>
      <ManufactureCountry>לא ידוע</ManufactureCountry>
      <ManufacturerItemDescription>הוטפופ פופקורן בתוספ</ManufacturerItemDescription>
      <UnitQty>לא ידוע</UnitQty>
      <Quantity>600.00</Quantity>
      <UnitOfMeasure>לא ידוע</UnitOfMeasure>
      <bIsWeighted>0</bIsWeighted>
      <QtyInPackage>לא ידוע</QtyInPackage>
      <ItemPrice>18.90</ItemPrice>
      <UnitOfMeasurePrice>0.0315</UnitOfMeasurePrice>
      <AllowDiscount>1</AllowDiscount>
      <ItemStatus>1</ItemStatus>
      <ItemId>148330</ItemId>
    </Item>
    <Item>
      <PriceUpdateDate>2025-08-19 18:19:04</PriceUpdateDate>
      <ItemCode>5701932026971</ItemCode>
      <ItemType>1</ItemType>
      <ItemName>הוטפופ פופקורן בטעם</ItemName>
      <ManufacturerName>קריות זול</ManufacturerName>
      <ManufactureCountry>לא ידוע</ManufactureCountry>
      <ManufacturerItemDescription>הוטפופ פופקורן בטעם</ManufacturerItemDescription>
      <UnitQty>לא ידוע</UnitQty>
      <Quantity>600.00</Quantity>
      <UnitOfMeasure>לא ידוע</UnitOfMeasure>
      <bIsWeighted>0</bIsWeighted>
      <QtyInPackage>לא ידוע</QtyInPackage>
      <ItemPrice>18.90</ItemPrice>
      <UnitOfMeasurePrice>0.0315</UnitOfMeasurePrice>
      <AllowDiscount>1</AllowDiscount>
      <ItemStatus>1</ItemStatus>
      <ItemId>148331</ItemId>
    </Item>
    <Item>
      <PriceUpdateDate>2025-08-19 18:19:05</PriceUpdateDate>
      <ItemCode>5701932026995</ItemCode>
      <ItemType>1</ItemType>
      <ItemName>הוטפופ גרעיני תירס ל</ItemName>
      <ManufacturerName>קריות זול</ManufacturerName>
      <ManufactureCountry>לא ידוע</ManufactureCountry>
      <ManufacturerItemDescription>הוטפופ גרעיני תירס ל</ManufacturerItemDescription>
      <UnitQty>לא ידוע</UnitQty>
      <Quantity>510.00</Quantity>
      <UnitOfMeasure>לא ידוע</UnitOfMeasure>
      <bIsWeighted>0</bIsWeighted>
      <QtyInPackage>לא ידוע</QtyInPackage>
      <ItemPrice>18.90</ItemPrice>
      <UnitOfMeasurePrice>0.0371</UnitOfMeasurePrice>
      <AllowDiscount>1</AllowDiscount>
      <ItemStatus>1</ItemStatus>
      <ItemId>148332</ItemId>
    </Item>
    <Item>
      <PriceUpdateDate>2025-09-07 11:03:41</PriceUpdateDate>
      <ItemCode>7702174068833</ItemCode>
      <ItemType>1</ItemType>
      <ItemName>לקקן בטעם גלידה יוגט</ItemName>
      <ManufacturerName>לא ידוע</ManufacturerName>
      <ManufactureCountry>לא ידוע</ManufactureCountry>
      <ManufacturerItemDescription>לקקן בטעם גלידה יוגט</ManufacturerItemDescription>
      <UnitQty>יחידה   </UnitQty>
      <Quantity>0.00</Quantity>
      <UnitOfMeasure>יחידה   </UnitOfMeasure>
      <bIsWeighted>0</bIsWeighted>
      <QtyInPackage>לא ידוע</QtyInPackage>
      <ItemPrice>14.90</ItemPrice>
      <UnitOfMeasurePrice>0.0000</UnitOfMeasurePrice>
      <AllowDiscount>1</AllowDiscount>
      <ItemStatus>1</ItemStatus>
      <ItemId>148485</ItemId>
    </Item>
    <Item>
      <PriceUpdateDate>2025-09-07 11:03:42</PriceUpdateDate>
      <ItemCode>7702174070201</ItemCode>
      <ItemType>1</ItemType>
      <ItemName>לקקן מג'יק יוגטה 12י</ItemName>
      <ManufacturerName>לא ידוע</ManufacturerName>
      <ManufactureCountry>לא ידוע</ManufactureCountry>
      <ManufacturerItemDescription>לקקן מג'יק יוגטה 12י</ManufacturerItemDescription>
      <UnitQty>יחידה   </UnitQty>
      <Quantity>0.00</Quantity>
      <UnitOfMeasure>יחידה   </UnitOfMeasure>
      <bIsWeighted>0</bIsWeighted>
      <QtyInPackage>לא ידוע</QtyInPackage>
      <ItemPrice>14.90</ItemPrice>
      <UnitOfMeasurePrice>0.0000</UnitOfMeasurePrice>
      <AllowDiscount>1</AllowDiscount>
      <ItemStatus>1</ItemStatus>
      <ItemId>148488</ItemId>
    </Item>
    <Item>
      <PriceUpdateDate>2024-12-31 12:09:30</PriceUpdateDate>
      <ItemCode>7290000136707</ItemCode>
      <ItemType>1</ItemType>
      <ItemName>מירנדה 1.5 ליטר בטעם</ItemName>
      <ManufacturerName>לא ידוע</ManufacturerName>
      <ManufactureCountry>לא ידוע</ManufactureCountry>
      <ManufacturerItemDescription>מירנדה 1.5 ליטר בטעם</ManufacturerItemDescription>
      <UnitQty>לא ידוע</UnitQty>
      <Quantity>1500.00</Quantity>
      <UnitOfMeasure>לא ידוע</UnitOfMeasure>
      <bIsWeighted>0</bIsWeighted>
      <QtyInPackage>לא ידוע</QtyInPackage>
      <ItemPrice>7.90</ItemPrice>
      <UnitOfMeasurePrice>0.0053</UnitOfMeasurePrice>
      <AllowDiscount>1</AllowDiscount>
      <ItemStatus>1</ItemStatus>
      <ItemId>241676</ItemId>
    </Item>
    <Item>
      <PriceUpdateDate>2025-09-03 14:01:36</PriceUpdateDate>
      <ItemCode>8000380004676</ItemCode>
      <ItemType>1</ItemType>
      <ItemName>וופל לואקר קוביות סנ</ItemName>
      <ManufacturerName>קריות זול</ManufacturerName>
      <ManufactureCountry>לא ידוע</ManufactureCountry>
      <ManufacturerItemDescription>וופל לואקר קוביות סנ</ManufacturerItemDescription>
      <UnitQty>לא ידוע</UnitQty>
      <Quantity>200.00</Quantity>
      <UnitOfMeasure>לא ידוע</UnitOfMeasure>
      <bIsWeighted>0</bIsWeighted>
      <QtyInPackage>לא ידוע</QtyInPackage>
      <ItemPrice>17.90</ItemPrice>
      <UnitOfMeasurePrice>0.0895</UnitOfMeasurePrice>
      <AllowDiscount>1</AllowDiscount>
      <ItemStatus>1</ItemStatus>
      <ItemId>148495</ItemId>
    </Item>
    <Item>
      <PriceUpdateDate>2025-05-08 08:03:14</PriceUpdateDate>
      <ItemCode>8000380004911</ItemCode>
      <ItemType>1</ItemType>
      <ItemName>וופל קואדרטיני אגוז</ItemName>
      <ManufacturerName>קריות זול</ManufacturerName>
      <ManufactureCountry>לא ידוע</ManufactureCountry>
      <ManufacturerItemDescription>וופל קואדרטיני אגוז</ManufacturerItemDescription>
      <UnitQty>לא ידוע</UnitQty>
      <Quantity>250.00</Quantity>
      <UnitOfMeasure>לא ידוע</UnitOfMeasure>
      <bIsWeighted>0</bIsWeighted>
      <QtyInPackage>לא ידוע</QtyInPackage>
      <ItemPrice>19.90</ItemPrice>
      <UnitOfMeasurePrice>0.0796</UnitOfMeasurePrice>
      <AllowDiscount>1</AllowDiscount>
      <ItemStatus>1</ItemStatus>
      <ItemId>148498</ItemId>
    </Item>
    <Item>
      <PriceUpdateDate>2025-09-07 11:03:44</PriceUpdateDate>
      <ItemCode>8000380007257</ItemCode>
      <ItemType>1</ItemType>
      <ItemName>וופל גרדנה אגוז 200ג</ItemName>
      <ManufacturerName>קריות זול</ManufacturerName>
      <ManufactureCountry>לא ידוע</ManufactureCountry>
      <ManufacturerItemDescription>וופל גרדנה אגוז 200ג</ManufacturerItemDescription>
      <UnitQty>לא ידוע</UnitQty>
      <Quantity>200.00</Quantity>
      <UnitOfMeasure>לא ידוע</UnitOfMeasure>
      <bIsWeighted>0</bIsWeighted>
      <QtyInPackage>לא ידוע</QtyInPackage>
      <ItemPrice>20.90</ItemPrice>
      <UnitOfMeasurePrice>0.1045</UnitOfMeasurePrice>
      <AllowDiscount>1</AllowDiscount>
      <ItemStatus>1</ItemStatus>
      <ItemId>148504</ItemId>
    </Item>
    <Item>
      <PriceUpdateDate>2025-09-07 11:03:54</PriceUpdateDate>
      <ItemCode>8410076610386</ItemCode>
      <ItemType>1</ItemType>
      <ItemName>נייטשר וואלי פרוטאין</ItemName>
      <ManufacturerName>Nature Valley</ManufacturerName>
      <ManufactureCountry>לא ידוע</ManufactureCountry>
      <ManufacturerItemDescription>נייטשר וואלי פרוטאין</ManufacturerItemDescription>
      <UnitQty>לא ידוע</UnitQty>
      <Quantity>160.00</Quantity>
      <UnitOfMeasure>לא ידוע</UnitOfMeasure>
      <bIsWeighted>0</bIsWeighted>
      <QtyInPackage>לא ידוע</QtyInPackage>
      <ItemPrice>27.90</ItemPrice>
      <UnitOfMeasurePrice>0.1744</UnitOfMeasurePrice>
      <AllowDiscount>1</AllowDiscount>
      <ItemStatus>1</ItemStatus>
      <ItemId>148564</ItemId>
    </Item>
    <Item>
      <PriceUpdateDate>2025-08-20 13:21:13</PriceUpdateDate>
      <ItemCode>7290000211169</ItemCode>
      <ItemType>1</ItemType>
      <ItemName>אורז תאילנדי סוגת 1ק</ItemName>
      <ManufacturerName>קריות זול</ManufacturerName>
      <ManufactureCountry>לא ידוע</ManufactureCountry>
      <ManufacturerItemDescription>אורז תאילנדי סוגת 1ק</ManufacturerItemDescription>
      <UnitQty>לא ידוע</UnitQty>
      <Quantity>1000.00</Quantity>
      <UnitOfMeasure>לא ידוע</UnitOfMeasure>
      <bIsWeighted>0</bIsWeighted>
      <QtyInPackage>לא ידוע</QtyInPackage>
      <ItemPrice>9.90</ItemPrice>
      <UnitOfMeasurePrice>0.0099</UnitOfMeasurePrice>
      <AllowDiscount>1</AllowDiscount>
      <ItemStatus>1</ItemStatus>
      <ItemId>148640</ItemId>
    </Item>
    <Item>
      <PriceUpdateDate>2025-08-20 13:21:13</PriceUpdateDate>
      <ItemCode>7290000211312</ItemCode>
      <ItemType>1</ItemType>
      <ItemName>אורז מלא 1 ק"ג סוגת</ItemName>
      <ManufacturerName>קריות זול</ManufacturerName>
      <ManufactureCountry>לא ידוע</ManufactureCountry>
      <ManufacturerItemDescription>אורז מלא 1 ק"ג סוגת</ManufacturerItemDescription>
      <UnitQty>לא ידוע</UnitQty>
      <Quantity>1000.00</Quantity>
      <UnitOfMeasure>לא ידוע</UnitOfMeasure>
      <bIsWeighted>0</bIsWeighted>
      <QtyInPackage>לא ידוע</QtyInPackage>
      <ItemPrice>10.90</ItemPrice>
      <UnitOfMeasurePrice>0.0109</UnitOfMeasurePrice>
      <AllowDiscount>1</AllowDiscount>
      <ItemStatus>1</ItemStatus>
      <ItemId>148641</ItemId>
    </Item>
    <Item>
      <PriceUpdateDate>2025-08-20 13:21:13</PriceUpdateDate>
      <ItemCode>7290000211442</ItemCode>
      <ItemType>1</ItemType>
      <ItemName>אורז בסגנון פרסי קלא</ItemName>
      <ManufacturerName>קריות זול</ManufacturerName>
      <ManufactureCountry>לא ידוע</ManufactureCountry>
      <ManufacturerItemDescription>אורז בסגנון פרסי קלא</ManufacturerItemDescription>
      <UnitQty>לא ידוע</UnitQty>
      <Quantity>1000.00</Quantity>
      <UnitOfMeasure>לא ידוע</UnitOfMeasure>
      <bIsWeighted>0</bIsWeighted>
      <QtyInPackage>לא ידוע</QtyInPackage>
      <ItemPrice>12.90</ItemPrice>
      <UnitOfMeasurePrice>0.0129</UnitOfMeasurePrice>
      <AllowDiscount>1</AllowDiscount>
      <ItemStatus>1</ItemStatus>
      <ItemId>148645</ItemId>
    </Item>
    <Item>
      <PriceUpdateDate>2025-08-20 13:21:14</PriceUpdateDate>
      <ItemCode>7290000211503</ItemCode>
      <ItemType>1</ItemType>
      <ItemName>סוכר סוגת 1 ק"ג</ItemName>
      <ManufacturerName>לא ידוע</ManufacturerName>
      <ManufactureCountry>לא ידוע</ManufactureCountry>
      <ManufacturerItemDescription>סוכר סוגת 1 ק"ג</ManufacturerItemDescription>
      <UnitQty>לא ידוע</UnitQty>
      <Quantity>1000.00</Quantity>
      <UnitOfMeasure>לא ידוע</UnitOfMeasure>
      <bIsWeighted>0</bIsWeighted>
      <QtyInPackage>לא ידוע</QtyInPackage>
      <ItemPrice>5.50</ItemPrice>
      <UnitOfMeasurePrice>0.0055</UnitOfMeasurePrice>
      <AllowDiscount>1</AllowDiscount>
      <ItemStatus>1</ItemStatus>
      <ItemId>148646</ItemId>
    </Item>
    <Item>
      <PriceUpdateDate>2025-08-20 13:21:14</PriceUpdateDate>
      <ItemCode>7290000211985</ItemCode>
      <ItemType>1</ItemType>
      <ItemName>אורז עגול סוגת 1קג</ItemName>
      <ManufacturerName>קריות זול</ManufacturerName>
      <ManufactureCountry>לא ידוע</ManufactureCountry>
      <ManufacturerItemDescription>אורז עגול סוגת 1קג</ManufacturerItemDescription>
      <UnitQty>לא ידוע</UnitQty>
      <Quantity>1000.00</Quantity>
      <UnitOfMeasure>לא ידוע</UnitOfMeasure>
      <bIsWeighted>0</bIsWeighted>
      <QtyInPackage>לא ידוע</QtyInPackage>
      <ItemPrice>14.90</ItemPrice>
      <UnitOfMeasurePrice>0.0149</UnitOfMeasurePrice>
      <AllowDiscount>1</AllowDiscount>
      <ItemStatus>1</ItemStatus>
      <ItemId>148650</ItemId>
    </Item>
    <Item>
      <PriceUpdateDate>2025-08-20 13:21:17</PriceUpdateDate>
      <ItemCode>7290001990117</ItemCode>
      <ItemType>1</ItemType>
      <ItemName>שומשום סוגת 100גר</ItemName>
      <ManufacturerName>קריות זול</ManufacturerName>
      <ManufactureCountry>לא ידוע</ManufactureCountry>
      <ManufacturerItemDescription>שומשום סוגת 100גר</ManufacturerItemDescription>
      <UnitQty>לא ידוע</UnitQty>
      <Quantity>100.00</Quantity>
      <UnitOfMeasure>לא ידוע</UnitOfMeasure>
      <bIsWeighted>0</bIsWeighted>
      <QtyInPackage>לא ידוע</QtyInPackage>
      <ItemPrice>5.90</ItemPrice>
      <UnitOfMeasurePrice>0.0590</UnitOfMeasurePrice>
      <AllowDiscount>1</AllowDiscount>
      <ItemStatus>1</ItemStatus>
      <ItemId>148653</ItemId>
    </Item>
    <Item>
      <PriceUpdateDate>2025-08-19 11:27:29</PriceUpdateDate>
      <ItemCode>7290000106526</ItemCode>
      <ItemType>1</ItemType>
      <ItemName>חגיגה ירוקה להקפצה ס</ItemName>
      <ManufacturerName>לא ידוע</ManufacturerName>
      <ManufactureCountry>לא ידוע</ManufactureCountry>
      <ManufacturerItemDescription>חגיגה ירוקה להקפצה ס</ManufacturerItemDescription>
      <UnitQty>לא ידוע</UnitQty>
      <Quantity>800.00</Quantity>
      <UnitOfMeasure>לא ידוע</UnitOfMeasure>
      <bIsWeighted>0</bIsWeighted>
      <QtyInPackage>לא ידוע</QtyInPackage>
      <ItemPrice>28.90</ItemPrice>
      <UnitOfMeasurePrice>0.0361</UnitOfMeasurePrice>
      <AllowDiscount>1</AllowDiscount>
      <ItemStatus>1</ItemStatus>
      <ItemId>214618</ItemId>
    </Item>
    <Item>
      <PriceUpdateDate>2025-08-19 11:27:31</PriceUpdateDate>
      <ItemCode>7290000107622</ItemCode>
      <ItemType>1</ItemType>
      <ItemName>פסטה וירקות א-לה איט</ItemName>
      <ManufacturerName>לא ידוע</ManufacturerName>
      <ManufactureCountry>לא ידוע</ManufactureCountry>
      <ManufacturerItemDescription>פסטה וירקות א-לה איט</ManufacturerItemDescription>
      <UnitQty>לא ידוע</UnitQty>
      <Quantity>800.00</Quantity>
      <UnitOfMeasure>לא ידוע</UnitOfMeasure>
      <bIsWeighted>0</bIsWeighted>
      <QtyInPackage>לא ידוע</QtyInPackage>
      <ItemPrice>28.90</ItemPrice>
      <UnitOfMeasurePrice>0.0361</UnitOfMeasurePrice>
      <AllowDiscount>1</AllowDiscount>
      <ItemStatus>1</ItemStatus>
      <ItemId>214620</ItemId>
    </Item>
    <Item>
      <PriceUpdateDate>2025-08-20 13:21:22</PriceUpdateDate>
      <ItemCode>7290003643004</ItemCode>
      <ItemType>1</ItemType>
      <ItemName>אורז בסמטי סוגת 1קג</ItemName>
      <ManufacturerName>קריות זול</ManufacturerName>
      <ManufactureCountry>לא ידוע</ManufactureCountry>
      <ManufacturerItemDescription>אורז בסמטי סוגת 1קג</ManufacturerItemDescription>
      <UnitQty>לא ידוע</UnitQty>
      <Quantity>1000.00</Quantity>
      <UnitOfMeasure>לא ידוע</UnitOfMeasure>
      <bIsWeighted>0</bIsWeighted>
      <QtyInPackage>לא ידוע</QtyInPackage>
      <ItemPrice>16.90</ItemPrice>
      <UnitOfMeasurePrice>0.0169</UnitOfMeasurePrice>
      <AllowDiscount>1</AllowDiscount>
      <ItemStatus>1</ItemStatus>
      <ItemId>148667</ItemId>
    </Item>
    <Item>
      <PriceUpdateDate>2025-08-20 13:21:23</PriceUpdateDate>
      <ItemCode>7290003643325</ItemCode>
      <ItemType>1</ItemType>
      <ItemName>קוסקוס בינוני סוגת 3</ItemName>
      <ManufacturerName>קריות זול</ManufacturerName>
      <ManufactureCountry>לא ידוע</ManufactureCountry>
      <ManufacturerItemDescription>קוסקוס בינוני סוגת 3</ManufacturerItemDescription>
      <UnitQty>לא ידוע</UnitQty>
      <Quantity>350.00</Quantity>
      <UnitOfMeasure>לא ידוע</UnitOfMeasure>
      <bIsWeighted>0</bIsWeighted>
      <QtyInPackage>לא ידוע</QtyInPackage>
      <ItemPrice>8.90</ItemPrice>
      <UnitOfMeasurePrice>0.0254</UnitOfMeasurePrice>
      <AllowDiscount>1</AllowDiscount>
      <ItemStatus>1</ItemStatus>
      <ItemId>148677</ItemId>
    </Item>
    <Item>
      <PriceUpdateDate>2025-08-20 13:21:23</PriceUpdateDate>
      <ItemCode>7290003643387</ItemCode>
      <ItemType>1</ItemType>
      <ItemName>סוכר לבן בצנצנת סוגת</ItemName>
      <ManufacturerName>קריות זול</ManufacturerName>
      <ManufactureCountry>לא ידוע</ManufactureCountry>
      <ManufacturerItemDescription>סוכר לבן בצנצנת סוגת</ManufacturerItemDescription>
      <UnitQty>לא ידוע</UnitQty>
      <Quantity>1000.00</Quantity>
      <UnitOfMeasure>לא ידוע</UnitOfMeasure>
      <bIsWeighted>0</bIsWeighted>
      <QtyInPackage>לא ידוע</QtyInPackage>
      <ItemPrice>13.90</ItemPrice>
      <UnitOfMeasurePrice>0.0139</UnitOfMeasurePrice>
      <AllowDiscount>1</AllowDiscount>
      <ItemStatus>1</ItemStatus>
      <ItemId>148680</ItemId>
    </Item>
    <Item>
      <PriceUpdateDate>2025-08-20 13:21:23</PriceUpdateDate>
      <ItemCode>7290003643646</ItemCode>
      <ItemType>1</ItemType>
      <ItemName>סוכר דמררה בצנצנת סו</ItemName>
      <ManufacturerName>קריות זול</ManufacturerName>
      <ManufactureCountry>לא ידוע</ManufactureCountry>
      <ManufacturerItemDescription>סוכר דמררה בצנצנת סו</ManufacturerItemDescription>
      <UnitQty>לא ידוע</UnitQty>
      <Quantity>1000.00</Quantity>
      <UnitOfMeasure>לא ידוע</UnitOfMeasure>
      <bIsWeighted>0</bIsWeighted>
      <QtyInPackage>לא ידוע</QtyInPackage>
      <ItemPrice>16.90</ItemPrice>
      <UnitOfMeasurePrice>0.0169</UnitOfMeasurePrice>
      <AllowDiscount>1</AllowDiscount>
      <ItemStatus>1</ItemStatus>
      <ItemId>148682</ItemId>
    </Item>
    <Item>
      <PriceUpdateDate>2025-08-20 13:21:24</PriceUpdateDate>
      <ItemCode>7290003643684</ItemCode>
      <ItemType>1</ItemType>
      <ItemName>אפונה סוגת 500גר</ItemName>
      <ManufacturerName>קריות זול</ManufacturerName>
      <ManufactureCountry>לא ידוע</ManufactureCountry>
      <ManufacturerItemDescription>אפונה סוגת 500גר</ManufacturerItemDescription>
      <UnitQty>לא ידוע</UnitQty>
      <Quantity>500.00</Quantity>
      <UnitOfMeasure>לא ידוע</UnitOfMeasure>
      <bIsWeighted>0</bIsWeighted>
      <QtyInPackage>לא ידוע</QtyInPackage>
      <ItemPrice>7.90</ItemPrice>
      <UnitOfMeasurePrice>0.0158</UnitOfMeasurePrice>
      <AllowDiscount>1</AllowDiscount>
      <ItemStatus>1</ItemStatus>
      <ItemId>148683</ItemId>
    </Item>
    <Item>
      <PriceUpdateDate>2025-08-20 13:21:24</PriceUpdateDate>
      <ItemCode>7290003643707</ItemCode>
      <ItemType>1</ItemType>
      <ItemName>גריסים סוגת 500גר</ItemName>
      <ManufacturerName>קריות זול</ManufacturerName>
      <ManufactureCountry>לא ידוע</ManufactureCountry>
      <ManufacturerItemDescription>גריסים סוגת 500גר</ManufacturerItemDescription>
      <UnitQty>לא ידוע</UnitQty>
      <Quantity>500.00</Quantity>
      <UnitOfMeasure>לא ידוע</UnitOfMeasure>
      <bIsWeighted>0</bIsWeighted>
      <QtyInPackage>לא ידוע</QtyInPackage>
      <ItemPrice>7.90</ItemPrice>
      <UnitOfMeasurePrice>0.0158</UnitOfMeasurePrice>
      <AllowDiscount>1</AllowDiscount>
      <ItemStatus>1</ItemStatus>
      <ItemId>148684</ItemId>
    </Item>
    <Item>
      <PriceUpdateDate>2025-08-20 13:21:24</PriceUpdateDate>
      <ItemCode>7290003643714</ItemCode>
      <ItemType>1</ItemType>
      <ItemName>חומוס סוגת 500גר</ItemName>
      <ManufacturerName>קריות זול</ManufacturerName>
      <ManufactureCountry>לא ידוע</ManufactureCountry>
      <ManufacturerItemDescription>חומוס סוגת 500גר</ManufacturerItemDescription>
      <UnitQty>לא ידוע</UnitQty>
      <Quantity>500.00</Quantity>
      <UnitOfMeasure>לא ידוע</UnitOfMeasure>
      <bIsWeighted>0</bIsWeighted>
      <QtyInPackage>לא ידוע</QtyInPackage>
      <ItemPrice>10.90</ItemPrice>
      <UnitOfMeasurePrice>0.0218</UnitOfMeasurePrice>
      <AllowDiscount>1</AllowDiscount>
      <ItemStatus>1</ItemStatus>
      <ItemId>148685</ItemId>
    </Item>
    <Item>
      <PriceUpdateDate>2025-08-20 13:21:24</PriceUpdateDate>
      <ItemCode>7290003643738</ItemCode>
      <ItemType>1</ItemType>
      <ItemName>חיטה סוגת 500 גר</ItemName>
      <ManufacturerName>קריות זול</ManufacturerName>
      <ManufactureCountry>לא ידוע</ManufactureCountry>
      <ManufacturerItemDescription>חיטה סוגת 500 גר</ManufacturerItemDescription>
      <UnitQty>לא ידוע</UnitQty>
      <Quantity>500.00</Quantity>
      <UnitOfMeasure>לא ידוע</UnitOfMeasure>
      <bIsWeighted>0</bIsWeighted>
      <QtyInPackage>לא ידוע</QtyInPackage>
      <ItemPrice>7.90</ItemPrice>
      <UnitOfMeasurePrice>0.0158</UnitOfMeasurePrice>
      <AllowDiscount>1</AllowDiscount>
      <ItemStatus>1</ItemStatus>
      <ItemId>148686</ItemId>
    </Item>
    <Item>
      <PriceUpdateDate>2025-08-20 13:21:24</PriceUpdateDate>
      <ItemCode>7290003643745</ItemCode>
      <ItemType>1</ItemType>
      <ItemName>כוסמת סוגת 500גר</ItemName>
      <ManufacturerName>קריות זול</ManufacturerName>
      <ManufactureCountry>לא ידוע</ManufactureCountry>
      <ManufacturerItemDescription>כוסמת סוגת 500גר</ManufacturerItemDescription>
      <UnitQty>לא ידוע</UnitQty>
      <Quantity>500.00</Quantity>
      <UnitOfMeasure>לא ידוע</UnitOfMeasure>
      <bIsWeighted>0</bIsWeighted>
      <QtyInPackage>לא ידוע</QtyInPackage>
      <ItemPrice>10.90</ItemPrice>
      <UnitOfMeasurePrice>0.0218</UnitOfMeasurePrice>
      <AllowDiscount>1</AllowDiscount>
      <ItemStatus>1</ItemStatus>
      <ItemId>148687</ItemId>
    </Item>
    <Item>
      <PriceUpdateDate>2025-08-20 13:21:25</PriceUpdateDate>
      <ItemCode>7290003643752</ItemCode>
      <ItemType>1</ItemType>
      <ItemName>עדשים ירוקים סוגת 50</ItemName>
      <ManufacturerName>קריות זול</ManufacturerName>
      <ManufactureCountry>לא ידוע</ManufactureCountry>
      <ManufacturerItemDescription>עדשים ירוקים סוגת 50</ManufacturerItemDescription>
      <UnitQty>לא ידוע</UnitQty>
      <Quantity>500.00</Quantity>
      <UnitOfMeasure>לא ידוע</UnitOfMeasure>
      <bIsWeighted>0</bIsWeighted>
      <QtyInPackage>לא ידוע</QtyInPackage>
      <ItemPrice>10.90</ItemPrice>
      <UnitOfMeasurePrice>0.0218</UnitOfMeasurePrice>
      <AllowDiscount>1</AllowDiscount>
      <ItemStatus>1</ItemStatus>
      <ItemId>148688</ItemId>
    </Item>
    <Item>
      <PriceUpdateDate>2025-08-20 13:21:25</PriceUpdateDate>
      <ItemCode>7290003643769</ItemCode>
      <ItemType>1</ItemType>
      <ItemName>עדשים אדומים סוגת 50</ItemName>
      <ManufacturerName>קריות זול</ManufacturerName>
      <ManufactureCountry>לא ידוע</ManufactureCountry>
      <ManufacturerItemDescription>עדשים אדומים סוגת 50</ManufacturerItemDescription>
      <UnitQty>לא ידוע</UnitQty>
      <Quantity>500.00</Quantity>
      <UnitOfMeasure>לא ידוע</UnitOfMeasure>
      <bIsWeighted>0</bIsWeighted>
      <QtyInPackage>לא ידוע</QtyInPackage>
      <ItemPrice>10.90</ItemPrice>
      <UnitOfMeasurePrice>0.0218</UnitOfMeasurePrice>
      <AllowDiscount>1</AllowDiscount>
      <ItemStatus>1</ItemStatus>
      <ItemId>148689</ItemId>
    </Item>
    <Item>
      <PriceUpdateDate>2025-04-19 17:52:48</PriceUpdateDate>
      <ItemCode>7290003643776</ItemCode>
      <ItemType>1</ItemType>
      <ItemName>פופקורן סוגת 500 גר</ItemName>
      <ManufacturerName>קריות זול</ManufacturerName>
      <ManufactureCountry>לא ידוע</ManufactureCountry>
      <ManufacturerItemDescription>פופקורן סוגת 500 גר</ManufacturerItemDescription>
      <UnitQty>לא ידוע</UnitQty>
      <Quantity>500.00</Quantity>
      <UnitOfMeasure>לא ידוע</UnitOfMeasure>
      <bIsWeighted>0</bIsWeighted>
      <QtyInPackage>לא ידוע</QtyInPackage>
      <ItemPrice>7.90</ItemPrice>
      <UnitOfMeasurePrice>0.0158</UnitOfMeasurePrice>
      <AllowDiscount>1</AllowDiscount>
      <ItemStatus>1</ItemStatus>
      <ItemId>148690</ItemId>
    </Item>
    <Item>
      <PriceUpdateDate>2025-08-20 13:21:25</PriceUpdateDate>
      <ItemCode>7290003643806</ItemCode>
      <ItemType>1</ItemType>
      <ItemName>שעועית לבנה סוגת 500</ItemName>
      <ManufacturerName>קריות זול</ManufacturerName>
      <ManufactureCountry>לא ידוע</ManufactureCountry>
      <ManufacturerItemDescription>שעועית לבנה סוגת 500</ManufacturerItemDescription>
      <UnitQty>לא ידוע</UnitQty>
      <Quantity>500.00</Quantity>
      <UnitOfMeasure>לא ידוע</UnitOfMeasure>
      <bIsWeighted>0</bIsWeighted>
      <QtyInPackage>לא ידוע</QtyInPackage>
      <ItemPrice>13.90</ItemPrice>
      <UnitOfMeasurePrice>0.0278</UnitOfMeasurePrice>
      <AllowDiscount>1</AllowDiscount>
      <ItemStatus>1</ItemStatus>
      <ItemId>148693</ItemId>
    </Item>
    <Item>
      <PriceUpdateDate>2025-08-20 13:21:25</PriceUpdateDate>
      <ItemCode>7290003643813</ItemCode>
      <ItemType>1</ItemType>
      <ItemName>שעועית אדומה סוגת 50</ItemName>
      <ManufacturerName>קריות זול</ManufacturerName>
      <ManufactureCountry>לא ידוע</ManufactureCountry>
      <ManufacturerItemDescription>שעועית אדומה סוגת 50</ManufacturerItemDescription>
      <UnitQty>לא ידוע</UnitQty>
      <Quantity>500.00</Quantity>
      <UnitOfMeasure>לא ידוע</UnitOfMeasure>
      <bIsWeighted>0</bIsWeighted>
      <QtyInPackage>לא ידוע</QtyInPackage>
      <ItemPrice>13.90</ItemPrice>
      <UnitOfMeasurePrice>0.0278</UnitOfMeasurePrice>
      <AllowDiscount>1</AllowDiscount>
      <ItemStatus>1</ItemStatus>
      <ItemId>148694</ItemId>
    </Item>
    <Item>
      <PriceUpdateDate>2025-08-20 13:21:25</PriceUpdateDate>
      <ItemCode>7290003643820</ItemCode>
      <ItemType>1</ItemType>
      <ItemName>חומוס ענק סוגת 500גר</ItemName>
      <ManufacturerName>לא ידוע</ManufacturerName>
      <ManufactureCountry>לא ידוע</ManufactureCountry>
      <ManufacturerItemDescription>חומוס ענק סוגת 500גר</ManufacturerItemDescription>
      <UnitQty>לא ידוע</UnitQty>
      <Quantity>500.00</Quantity>
      <UnitOfMeasure>לא ידוע</UnitOfMeasure>
      <bIsWeighted>0</bIsWeighted>
      <QtyInPackage>לא ידוע</QtyInPackage>
      <ItemPrice>15.90</ItemPrice>
      <UnitOfMeasurePrice>0.0318</UnitOfMeasurePrice>
      <AllowDiscount>1</AllowDiscount>
      <ItemStatus>1</ItemStatus>
      <ItemId>148695</ItemId>
    </Item>
    <Item>
      <PriceUpdateDate>2025-04-20 08:03:34</PriceUpdateDate>
      <ItemCode>7290100700020</ItemCode>
      <ItemType>1</ItemType>
      <ItemName>גריסי פנינה סוגת 500</ItemName>
      <ManufacturerName>לא ידוע</ManufacturerName>
      <ManufactureCountry>לא ידוע</ManufactureCountry>
      <ManufacturerItemDescription>גריסי פנינה סוגת 500</ManufacturerItemDescription>
      <UnitQty>לא ידוע</UnitQty>
      <Quantity>500.00</Quantity>
      <UnitOfMeasure>לא ידוע</UnitOfMeasure>
      <bIsWeighted>0</bIsWeighted>
      <QtyInPackage>לא ידוע</QtyInPackage>
      <ItemPrice>7.90</ItemPrice>
      <UnitOfMeasurePrice>0.0158</UnitOfMeasurePrice>
      <AllowDiscount>1</AllowDiscount>
      <ItemStatus>1</ItemStatus>
      <ItemId>148699</ItemId>
    </Item>
    <Item>
      <PriceUpdateDate>2025-08-21 11:23:46</PriceUpdateDate>
      <ItemCode>7290100700075</ItemCode>
      <ItemType>1</ItemType>
      <ItemName>פירורי לחם מוזהבים ס</ItemName>
      <ManufacturerName>לא ידוע</ManufacturerName>
      <ManufactureCountry>לא ידוע</ManufactureCountry>
      <ManufacturerItemDescription>פירורי לחם מוזהבים ס</ManufacturerItemDescription>
      <UnitQty>לא ידוע</UnitQty>
      <Quantity>200.00</Quantity>
      <UnitOfMeasure>לא ידוע</UnitOfMeasure>
      <bIsWeighted>0</bIsWeighted>
      <QtyInPackage>לא ידוע</QtyInPackage>
      <ItemPrice>5.90</ItemPrice>
      <UnitOfMeasurePrice>0.0295</UnitOfMeasurePrice>
      <AllowDiscount>1</AllowDiscount>
      <ItemStatus>1</ItemStatus>
      <ItemId>148701</ItemId>
    </Item>
    <Item>
      <PriceUpdateDate>2025-08-21 11:23:46</PriceUpdateDate>
      <ItemCode>7290100700266</ItemCode>
      <ItemType>1</ItemType>
      <ItemName>פירורי לחם לבן סוגת</ItemName>
      <ManufacturerName>לא ידוע</ManufacturerName>
      <ManufactureCountry>לא ידוע</ManufactureCountry>
      <ManufacturerItemDescription>פירורי לחם לבן סוגת</ManufacturerItemDescription>
      <UnitQty>לא ידוע</UnitQty>
      <Quantity>200.00</Quantity>
      <UnitOfMeasure>לא ידוע</UnitOfMeasure>
      <bIsWeighted>0</bIsWeighted>
      <QtyInPackage>לא ידוע</QtyInPackage>
      <ItemPrice>5.90</ItemPrice>
      <UnitOfMeasurePrice>0.0295</UnitOfMeasurePrice>
      <AllowDiscount>1</AllowDiscount>
      <ItemStatus>1</ItemStatus>
      <ItemId>148710</ItemId>
    </Item>
    <Item>
      <PriceUpdateDate>2025-08-21 11:23:46</PriceUpdateDate>
      <ItemCode>7290100700273</ItemCode>
      <ItemType>1</ItemType>
      <ItemName>קינואה 500 גרם</ItemName>
      <ManufacturerName>לא ידוע</ManufacturerName>
      <ManufactureCountry>לא ידוע</ManufactureCountry>
      <ManufacturerItemDescription>קינואה 500 גרם</ManufacturerItemDescription>
      <UnitQty>לא ידוע</UnitQty>
      <Quantity>500.00</Quantity>
      <UnitOfMeasure>לא ידוע</UnitOfMeasure>
      <bIsWeighted>0</bIsWeighted>
      <QtyInPackage>לא ידוע</QtyInPackage>
      <ItemPrice>19.90</ItemPrice>
      <UnitOfMeasurePrice>0.0398</UnitOfMeasurePrice>
      <AllowDiscount>1</AllowDiscount>
      <ItemStatus>1</ItemStatus>
      <ItemId>148711</ItemId>
    </Item>
    <Item>
      <PriceUpdateDate>2025-08-21 11:23:48</PriceUpdateDate>
      <ItemCode>7290100700396</ItemCode>
      <ItemType>1</ItemType>
      <ItemName>אורז יסמין קלאסי סוג</ItemName>
      <ManufacturerName>קריות זול</ManufacturerName>
      <ManufactureCountry>לא ידוע</ManufactureCountry>
      <ManufacturerItemDescription>אורז יסמין קלאסי סוג</ManufacturerItemDescription>
      <UnitQty>לא ידוע</UnitQty>
      <Quantity>1000.00</Quantity>
      <UnitOfMeasure>לא ידוע</UnitOfMeasure>
      <bIsWeighted>0</bIsWeighted>
      <QtyInPackage>לא ידוע</QtyInPackage>
      <ItemPrice>14.90</ItemPrice>
      <UnitOfMeasurePrice>0.0149</UnitOfMeasurePrice>
      <AllowDiscount>1</AllowDiscount>
      <ItemStatus>1</ItemStatus>
      <ItemId>148719</ItemId>
    </Item>
    <Item>
      <PriceUpdateDate>2025-08-21 11:23:49</PriceUpdateDate>
      <ItemCode>7290100700587</ItemCode>
      <ItemType>1</ItemType>
      <ItemName>בורגול סוגת 500 גר</ItemName>
      <ManufacturerName>לא ידוע</ManufacturerName>
      <ManufactureCountry>לא ידוע</ManufactureCountry>
      <ManufacturerItemDescription>בורגול סוגת 500 גר</ManufacturerItemDescription>
      <UnitQty>לא ידוע</UnitQty>
      <Quantity>500.00</Quantity>
      <UnitOfMeasure>לא ידוע</UnitOfMeasure>
      <bIsWeighted>0</bIsWeighted>
      <QtyInPackage>לא ידוע</QtyInPackage>
      <ItemPrice>8.50</ItemPrice>
      <UnitOfMeasurePrice>0.0170</UnitOfMeasurePrice>
      <AllowDiscount>1</AllowDiscount>
      <ItemStatus>1</ItemStatus>
      <ItemId>148725</ItemId>
    </Item>
    <Item>
      <PriceUpdateDate>2025-08-21 11:23:49</PriceUpdateDate>
      <ItemCode>7290100701126</ItemCode>
      <ItemType>1</ItemType>
      <ItemName>שעועית מש סוגת 500 ג</ItemName>
      <ManufacturerName>לא ידוע</ManufacturerName>
      <ManufactureCountry>לא ידוע</ManufactureCountry>
      <ManufacturerItemDescription>שעועית מש סוגת 500 ג</ManufacturerItemDescription>
      <UnitQty>לא ידוע</UnitQty>
      <Quantity>500.00</Quantity>
      <UnitOfMeasure>לא ידוע</UnitOfMeasure>
      <bIsWeighted>0</bIsWeighted>
      <QtyInPackage>לא ידוע</QtyInPackage>
      <ItemPrice>13.90</ItemPrice>
      <UnitOfMeasurePrice>0.0278</UnitOfMeasurePrice>
      <AllowDiscount>1</AllowDiscount>
      <ItemStatus>1</ItemStatus>
      <ItemId>148743</ItemId>
    </Item>
    <Item>
      <PriceUpdateDate>2025-08-21 11:23:49</PriceUpdateDate>
      <ItemCode>7290100701157</ItemCode>
      <ItemType>1</ItemType>
      <ItemName>אורז להכנת סושי סוגת</ItemName>
      <ManufacturerName>לא ידוע</ManufacturerName>
      <ManufactureCountry>לא ידוע</ManufactureCountry>
      <ManufacturerItemDescription>אורז להכנת סושי סוגת</ManufacturerItemDescription>
      <UnitQty>לא ידוע</UnitQty>
      <Quantity>1000.00</Quantity>
      <UnitOfMeasure>לא ידוע</UnitOfMeasure>
      <bIsWeighted>0</bIsWeighted>
      <QtyInPackage>לא ידוע</QtyInPackage>
      <ItemPrice>16.90</ItemPrice>
      <UnitOfMeasurePrice>0.0169</UnitOfMeasurePrice>
      <AllowDiscount>1</AllowDiscount>
      <ItemStatus>1</ItemStatus>
      <ItemId>148745</ItemId>
    </Item>
    <Item>
      <PriceUpdateDate>2025-08-21 11:23:49</PriceUpdateDate>
      <ItemCode>7290100701331</ItemCode>
      <ItemType>1</ItemType>
      <ItemName>קמח רב תכליתי סוגת 1</ItemName>
      <ManufacturerName>לא ידוע</ManufacturerName>
      <ManufactureCountry>לא ידוע</ManufactureCountry>
      <ManufacturerItemDescription>קמח רב תכליתי סוגת 1</ManufacturerItemDescription>
      <UnitQty>לא ידוע</UnitQty>
      <Quantity>1000.00</Quantity>
      <UnitOfMeasure>לא ידוע</UnitOfMeasure>
      <bIsWeighted>0</bIsWeighted>
      <QtyInPackage>לא ידוע</QtyInPackage>
      <ItemPrice>10.50</ItemPrice>
      <UnitOfMeasurePrice>0.0105</UnitOfMeasurePrice>
      <AllowDiscount>1</AllowDiscount>
      <ItemStatus>1</ItemStatus>
      <ItemId>148751</ItemId>
    </Item>
    <Item>
      <PriceUpdateDate>2025-08-21 11:23:50</PriceUpdateDate>
      <ItemCode>7290100701454</ItemCode>
      <ItemType>1</ItemType>
      <ItemName>גרישה סוגת 500גר</ItemName>
      <ManufacturerName>לא ידוע</ManufacturerName>
      <ManufactureCountry>לא ידוע</ManufactureCountry>
      <ManufacturerItemDescription>גרישה סוגת 500גר</ManufacturerItemDescription>
      <UnitQty>לא ידוע</UnitQty>
      <Quantity>500.00</Quantity>
      <UnitOfMeasure>לא ידוע</UnitOfMeasure>
      <bIsWeighted>0</bIsWeighted>
      <QtyInPackage>לא ידוע</QtyInPackage>
      <ItemPrice>8.90</ItemPrice>
      <UnitOfMeasurePrice>0.0178</UnitOfMeasurePrice>
      <AllowDiscount>1</AllowDiscount>
      <ItemStatus>1</ItemStatus>
      <ItemId>148757</ItemId>
    </Item>
    <Item>
      <PriceUpdateDate>2025-08-31 10:12:27</PriceUpdateDate>
      <ItemCode>7290110571382</ItemCode>
      <ItemType>1</ItemType>
      <ItemName>מעדן חלב בטעם וניל 1</ItemName>
      <ManufacturerName>לא ידוע</ManufacturerName>
      <ManufactureCountry>לא ידוע</ManufactureCountry>
      <ManufacturerItemDescription>מעדן חלב בטעם וניל 1</ManufacturerItemDescription>
      <UnitQty>לא ידוע</UnitQty>
      <Quantity>150.00</Quantity>
      <UnitOfMeasure>לא ידוע</UnitOfMeasure>
      <bIsWeighted>0</bIsWeighted>
      <QtyInPackage>לא ידוע</QtyInPackage>
      <ItemPrice>7.10</ItemPrice>
      <UnitOfMeasurePrice>0.0473</UnitOfMeasurePrice>
      <AllowDiscount>1</AllowDiscount>
      <ItemStatus>1</ItemStatus>
      <ItemId>237941</ItemId>
    </Item>
    <Item>
      <PriceUpdateDate>2025-08-21 11:23:51</PriceUpdateDate>
      <ItemCode>7290100702260</ItemCode>
      <ItemType>1</ItemType>
      <ItemName>קוסקוס דק סוגת 350 ג</ItemName>
      <ManufacturerName>לא ידוע</ManufacturerName>
      <ManufactureCountry>לא ידוע</ManufactureCountry>
      <ManufacturerItemDescription>קוסקוס דק סוגת 350 ג</ManufacturerItemDescription>
      <UnitQty>לא ידוע</UnitQty>
      <Quantity>350.00</Quantity>
      <UnitOfMeasure>לא ידוע</UnitOfMeasure>
      <bIsWeighted>0</bIsWeighted>
      <QtyInPackage>לא ידוע</QtyInPackage>
      <ItemPrice>8.90</ItemPrice>
      <UnitOfMeasurePrice>0.0254</UnitOfMeasurePrice>
      <AllowDiscount>1</AllowDiscount>
      <ItemStatus>1</ItemStatus>
      <ItemId>148776</ItemId>
    </Item>
    <Item>
      <PriceUpdateDate>2025-08-21 11:23:52</PriceUpdateDate>
      <ItemCode>7290100702277</ItemCode>
      <ItemType>1</ItemType>
      <ItemName>קוסקוס עבה סוגת 350</ItemName>
      <ManufacturerName>לא ידוע</ManufacturerName>
      <ManufactureCountry>לא ידוע</ManufactureCountry>
      <ManufacturerItemDescription>קוסקוס עבה סוגת 350</ManufacturerItemDescription>
      <UnitQty>לא ידוע</UnitQty>
      <Quantity>350.00</Quantity>
      <UnitOfMeasure>לא ידוע</UnitOfMeasure>
      <bIsWeighted>0</bIsWeighted>
      <QtyInPackage>לא ידוע</QtyInPackage>
      <ItemPrice>8.90</ItemPrice>
      <UnitOfMeasurePrice>0.0254</UnitOfMeasurePrice>
      <AllowDiscount>1</AllowDiscount>
      <ItemStatus>1</ItemStatus>
      <ItemId>148777</ItemId>
    </Item>
    <Item>
      <PriceUpdateDate>2025-08-21 11:23:52</PriceUpdateDate>
      <ItemCode>7290100702284</ItemCode>
      <ItemType>1</ItemType>
      <ItemName>קוסקוס מלא סוגת 350</ItemName>
      <ManufacturerName>לא ידוע</ManufacturerName>
      <ManufactureCountry>לא ידוע</ManufactureCountry>
      <ManufacturerItemDescription>קוסקוס מלא סוגת 350</ManufacturerItemDescription>
      <UnitQty>לא ידוע</UnitQty>
      <Quantity>350.00</Quantity>
      <UnitOfMeasure>לא ידוע</UnitOfMeasure>
      <bIsWeighted>0</bIsWeighted>
      <QtyInPackage>לא ידוע</QtyInPackage>
      <ItemPrice>8.90</ItemPrice>
      <UnitOfMeasurePrice>0.0254</UnitOfMeasurePrice>
      <AllowDiscount>1</AllowDiscount>
      <ItemStatus>1</ItemStatus>
      <ItemId>148778</ItemId>
    </Item>
    <Item>
      <PriceUpdateDate>2025-08-21 11:23:52</PriceUpdateDate>
      <ItemCode>7290100702383</ItemCode>
      <ItemType>1</ItemType>
      <ItemName>קמח תופח 1 ק"ג סוגת</ItemName>
      <ManufacturerName>לא ידוע</ManufacturerName>
      <ManufactureCountry>לא ידוע</ManufactureCountry>
      <ManufacturerItemDescription>קמח תופח 1 ק"ג סוגת</ManufacturerItemDescription>
      <UnitQty>לא ידוע</UnitQty>
      <Quantity>1000.00</Quantity>
      <UnitOfMeasure>לא ידוע</UnitOfMeasure>
      <bIsWeighted>0</bIsWeighted>
      <QtyInPackage>לא ידוע</QtyInPackage>
      <ItemPrice>9.90</ItemPrice>
      <UnitOfMeasurePrice>0.0099</UnitOfMeasurePrice>
      <AllowDiscount>1</AllowDiscount>
      <ItemStatus>1</ItemStatus>
      <ItemId>148781</ItemId>
    </Item>
    <Item>
      <PriceUpdateDate>2025-08-21 11:23:53</PriceUpdateDate>
      <ItemCode>7290100702635</ItemCode>
      <ItemType>1</ItemType>
      <ItemName>פתיתים אפויים כוכבים</ItemName>
      <ManufacturerName>לא ידוע</ManufacturerName>
      <ManufactureCountry>לא ידוע</ManufactureCountry>
      <ManufacturerItemDescription>פתיתים אפויים כוכבים</ManufacturerItemDescription>
      <UnitQty>לא ידוע</UnitQty>
      <Quantity>500.00</Quantity>
      <UnitOfMeasure>לא ידוע</UnitOfMeasure>
      <bIsWeighted>0</bIsWeighted>
      <QtyInPackage>לא ידוע</QtyInPackage>
      <ItemPrice>8.90</ItemPrice>
      <UnitOfMeasurePrice>0.0178</UnitOfMeasurePrice>
      <AllowDiscount>1</AllowDiscount>
      <ItemStatus>1</ItemStatus>
      <ItemId>148788</ItemId>
    </Item>
    <Item>
      <PriceUpdateDate>2025-08-21 11:23:53</PriceUpdateDate>
      <ItemCode>7290100702642</ItemCode>
      <ItemType>1</ItemType>
      <ItemName>פתיתים אפויים טבעות</ItemName>
      <ManufacturerName>לא ידוע</ManufacturerName>
      <ManufactureCountry>לא ידוע</ManufactureCountry>
      <ManufacturerItemDescription>פתיתים אפויים טבעות</ManufacturerItemDescription>
      <UnitQty>לא ידוע</UnitQty>
      <Quantity>500.00</Quantity>
      <UnitOfMeasure>לא ידוע</UnitOfMeasure>
      <bIsWeighted>0</bIsWeighted>
      <QtyInPackage>לא ידוע</QtyInPackage>
      <ItemPrice>8.90</ItemPrice>
      <UnitOfMeasurePrice>0.0178</UnitOfMeasurePrice>
      <AllowDiscount>1</AllowDiscount>
      <ItemStatus>1</ItemStatus>
      <ItemId>148789</ItemId>
    </Item>
    <Item>
      <PriceUpdateDate>2025-05-07 12:52:48</PriceUpdateDate>
      <ItemCode>7290100702987</ItemCode>
      <ItemType>1</ItemType>
      <ItemName>פתיתי שיבולת שועל סו</ItemName>
      <ManufacturerName>לא ידוע</ManufacturerName>
      <ManufactureCountry>לא ידוע</ManufactureCountry>
      <ManufacturerItemDescription>פתיתי שיבולת שועל סו</ManufacturerItemDescription>
      <UnitQty>לא ידוע</UnitQty>
      <Quantity>500.00</Quantity>
      <UnitOfMeasure>לא ידוע</UnitOfMeasure>
      <bIsWeighted>0</bIsWeighted>
      <QtyInPackage>לא ידוע</QtyInPackage>
      <ItemPrice>9.90</ItemPrice>
      <UnitOfMeasurePrice>0.0198</UnitOfMeasurePrice>
      <AllowDiscount>1</AllowDiscount>
      <ItemStatus>1</ItemStatus>
      <ItemId>148804</ItemId>
    </Item>
    <Item>
      <PriceUpdateDate>2025-11-10 07:27:47</PriceUpdateDate>
      <ItemCode>5010327000046</ItemCode>
      <ItemType>1</ItemType>
      <ItemName>וויסקי גרנטס  700 מ"</ItemName>
      <ManufacturerName>לא ידוע</ManufacturerName>
      <ManufactureCountry>לא ידוע</ManufactureCountry>
      <ManufacturerItemDescription>וויסקי גרנטס  700 מ"</ManufacturerItemDescription>
      <UnitQty>לא ידוע</UnitQty>
      <Quantity>700.00</Quantity>
      <UnitOfMeasure>לא ידוע</UnitOfMeasure>
      <bIsWeighted>0</bIsWeighted>
      <QtyInPackage>לא ידוע</QtyInPackage>
      <ItemPrice>85.90</ItemPrice>
      <UnitOfMeasurePrice>0.1227</UnitOfMeasurePrice>
      <AllowDiscount>1</AllowDiscount>
      <ItemStatus>1</ItemStatus>
      <ItemId>148883</ItemId>
    </Item>
    <Item>
      <PriceUpdateDate>2025-11-10 11:53:08</PriceUpdateDate>
      <ItemCode>7290112493095</ItemCode>
      <ItemType>1</ItemType>
      <ItemName>קנור נמס בכוס מרק עג</ItemName>
      <ManufacturerName>לא ידוע</ManufacturerName>
      <ManufactureCountry>לא ידוע</ManufactureCountry>
      <ManufacturerItemDescription>קנור נמס בכוס מרק עג</ManufacturerItemDescription>
      <UnitQty>לא ידוע</UnitQty>
      <Quantity>48.00</Quantity>
      <UnitOfMeasure>לא ידוע</UnitOfMeasure>
      <bIsWeighted>0</bIsWeighted>
      <QtyInPackage>לא ידוע</QtyInPackage>
      <ItemPrice>9.90</ItemPrice>
      <UnitOfMeasurePrice>0.2063</UnitOfMeasurePrice>
      <AllowDiscount>1</AllowDiscount>
      <ItemStatus>1</ItemStatus>
      <ItemId>214643</ItemId>
    </Item>
    <Item>
      <PriceUpdateDate>2025-09-08 07:59:33</PriceUpdateDate>
      <ItemCode>8002450202005</ItemCode>
      <ItemType>1</ItemType>
      <ItemName>ורדי משקה כהלי מוגז</ItemName>
      <ManufacturerName>לא ידוע</ManufacturerName>
      <ManufactureCountry>לא ידוע</ManufactureCountry>
      <ManufacturerItemDescription>ורדי משקה כהלי מוגז</ManufacturerItemDescription>
      <UnitQty>לא ידוע</UnitQty>
      <Quantity>750.00</Quantity>
      <UnitOfMeasure>לא ידוע</UnitOfMeasure>
      <bIsWeighted>0</bIsWeighted>
      <QtyInPackage>לא ידוע</QtyInPackage>
      <ItemPrice>29.50</ItemPrice>
      <UnitOfMeasurePrice>0.0393</UnitOfMeasurePrice>
      <AllowDiscount>1</AllowDiscount>
      <ItemStatus>1</ItemStatus>
      <ItemId>148924</ItemId>
    </Item>
    <Item>
      <PriceUpdateDate>2025-09-08 07:59:34</PriceUpdateDate>
      <ItemCode>8002450204009</ItemCode>
      <ItemType>1</ItemType>
      <ItemName>ורדי משקה כהלי מוגז</ItemName>
      <ManufacturerName>לא ידוע</ManufacturerName>
      <ManufactureCountry>לא ידוע</ManufactureCountry>
      <ManufacturerItemDescription>ורדי משקה כהלי מוגז</ManufacturerItemDescription>
      <UnitQty>לא ידוע</UnitQty>
      <Quantity>750.00</Quantity>
      <UnitOfMeasure>לא ידוע</UnitOfMeasure>
      <bIsWeighted>0</bIsWeighted>
      <QtyInPackage>לא ידוע</QtyInPackage>
      <ItemPrice>29.50</ItemPrice>
      <UnitOfMeasurePrice>0.0393</UnitOfMeasurePrice>
      <AllowDiscount>1</AllowDiscount>
      <ItemStatus>1</ItemStatus>
      <ItemId>148925</ItemId>
    </Item>
    <Item>
      <PriceUpdateDate>2025-09-08 07:59:35</PriceUpdateDate>
      <ItemCode>8002450206003</ItemCode>
      <ItemType>1</ItemType>
      <ItemName>ורדי משקה כהלי מוגז</ItemName>
      <ManufacturerName>לא ידוע</ManufacturerName>
      <ManufactureCountry>לא ידוע</ManufactureCountry>
      <ManufacturerItemDescription>ורדי משקה כהלי מוגז</ManufacturerItemDescription>
      <UnitQty>לא ידוע</UnitQty>
      <Quantity>750.00</Quantity>
      <UnitOfMeasure>לא ידוע</UnitOfMeasure>
      <bIsWeighted>0</bIsWeighted>
      <QtyInPackage>לא ידוע</QtyInPackage>
      <ItemPrice>29.50</ItemPrice>
      <UnitOfMeasurePrice>0.0393</UnitOfMeasurePrice>
      <AllowDiscount>1</AllowDiscount>
      <ItemStatus>1</ItemStatus>
      <ItemId>148926</ItemId>
    </Item>
    <Item>
      <PriceUpdateDate>2025-09-08 07:59:36</PriceUpdateDate>
      <ItemCode>8002450208007</ItemCode>
      <ItemType>1</ItemType>
      <ItemName>ורדי משקה כהלי מוגז</ItemName>
      <ManufacturerName>לא ידוע</ManufacturerName>
      <ManufactureCountry>לא ידוע</ManufactureCountry>
      <ManufacturerItemDescription>ורדי משקה כהלי מוגז</ManufacturerItemDescription>
      <UnitQty>לא ידוע</UnitQty>
      <Quantity>750.00</Quantity>
      <UnitOfMeasure>לא ידוע</UnitOfMeasure>
      <bIsWeighted>0</bIsWeighted>
      <QtyInPackage>לא ידוע</QtyInPackage>
      <ItemPrice>29.50</ItemPrice>
      <UnitOfMeasurePrice>0.0393</UnitOfMeasurePrice>
      <AllowDiscount>1</AllowDiscount>
      <ItemStatus>1</ItemStatus>
      <ItemId>148930</ItemId>
    </Item>
    <Item>
      <PriceUpdateDate>2025-05-28 11:36:44</PriceUpdateDate>
      <ItemCode>7290112493293</ItemCode>
      <ItemType>1</ItemType>
      <ItemName>נמס בכוס קנור ירקות</ItemName>
      <ManufacturerName>לא ידוע</ManufacturerName>
      <ManufactureCountry>לא ידוע</ManufactureCountry>
      <ManufacturerItemDescription>נמס בכוס קנור ירקות</ManufacturerItemDescription>
      <UnitQty>לא ידוע</UnitQty>
      <Quantity>44.00</Quantity>
      <UnitOfMeasure>לא ידוע</UnitOfMeasure>
      <bIsWeighted>0</bIsWeighted>
      <QtyInPackage>לא ידוע</QtyInPackage>
      <ItemPrice>9.90</ItemPrice>
      <UnitOfMeasurePrice>0.2250</UnitOfMeasurePrice>
      <AllowDiscount>1</AllowDiscount>
      <ItemStatus>1</ItemStatus>
      <ItemId>214644</ItemId>
    </Item>
    <Item>
      <PriceUpdateDate>2025-09-03 11:27:35</PriceUpdateDate>
      <ItemCode>7290112493316</ItemCode>
      <ItemType>1</ItemType>
      <ItemName>מרק היום אפונה 100%</ItemName>
      <ManufacturerName>לא ידוע</ManufacturerName>
      <ManufactureCountry>לא ידוע</ManufactureCountry>
      <ManufacturerItemDescription>מרק היום אפונה 100%</ManufacturerItemDescription>
      <UnitQty>לא ידוע</UnitQty>
      <Quantity>117.00</Quantity>
      <UnitOfMeasure>לא ידוע</UnitOfMeasure>
      <bIsWeighted>0</bIsWeighted>
      <QtyInPackage>לא ידוע</QtyInPackage>
      <ItemPrice>16.90</ItemPrice>
      <UnitOfMeasurePrice>0.1444</UnitOfMeasurePrice>
      <AllowDiscount>1</AllowDiscount>
      <ItemStatus>1</ItemStatus>
      <ItemId>214645</ItemId>
    </Item>
    <Item>
      <PriceUpdateDate>2025-08-27 09:44:34</PriceUpdateDate>
      <ItemCode>7290002053088</ItemCode>
      <ItemType>1</ItemType>
      <ItemName>אטריות ביצים מס`8 20</ItemName>
      <ManufacturerName>לא ידוע</ManufacturerName>
      <ManufactureCountry>לא ידוע</ManufactureCountry>
      <ManufacturerItemDescription>אטריות ביצים מס`8 20</ManufacturerItemDescription>
      <UnitQty>לא ידוע</UnitQty>
      <Quantity>200.00</Quantity>
      <UnitOfMeasure>לא ידוע</UnitOfMeasure>
      <bIsWeighted>0</bIsWeighted>
      <QtyInPackage>לא ידוע</QtyInPackage>
      <ItemPrice>12.90</ItemPrice>
      <UnitOfMeasurePrice>0.0645</UnitOfMeasurePrice>
      <AllowDiscount>1</AllowDiscount>
      <ItemStatus>1</ItemStatus>
      <ItemId>149081</ItemId>
    </Item>
    <Item>
      <PriceUpdateDate>2025-08-26 10:12:05</PriceUpdateDate>
      <ItemCode>7290003438020</ItemCode>
      <ItemType>1</ItemType>
      <ItemName>ממרח עגבניות מיובשות</ItemName>
      <ManufacturerName>קריות זול</ManufacturerName>
      <ManufactureCountry>לא ידוע</ManufactureCountry>
      <ManufacturerItemDescription>ממרח עגבניות מיובשות</ManufacturerItemDescription>
      <UnitQty>לא ידוע</UnitQty>
      <Quantity>190.00</Quantity>
      <UnitOfMeasure>לא ידוע</UnitOfMeasure>
      <bIsWeighted>0</bIsWeighted>
      <QtyInPackage>לא ידוע</QtyInPackage>
      <ItemPrice>16.90</ItemPrice>
      <UnitOfMeasurePrice>0.0889</UnitOfMeasurePrice>
      <AllowDiscount>1</AllowDiscount>
      <ItemStatus>1</ItemStatus>
      <ItemId>149120</ItemId>
    </Item>
    <Item>
      <PriceUpdateDate>2025-08-21 11:27:51</PriceUpdateDate>
      <ItemCode>7290000453255</ItemCode>
      <ItemType>1</ItemType>
      <ItemName>פנקייק אמריקאי מוכן</ItemName>
      <ManufacturerName>לא ידוע</ManufacturerName>
      <ManufactureCountry>לא ידוע</ManufactureCountry>
      <ManufacturerItemDescription>פנקייק אמריקאי מוכן</ManufacturerItemDescription>
      <UnitQty>לא ידוע</UnitQty>
      <Quantity>320.00</Quantity>
      <UnitOfMeasure>לא ידוע</UnitOfMeasure>
      <bIsWeighted>0</bIsWeighted>
      <QtyInPackage>לא ידוע</QtyInPackage>
      <ItemPrice>26.00</ItemPrice>
      <UnitOfMeasurePrice>0.0813</UnitOfMeasurePrice>
      <AllowDiscount>1</AllowDiscount>
      <ItemStatus>1</ItemStatus>
      <ItemId>250609</ItemId>
    </Item>
    <Item>
      <PriceUpdateDate>2025-09-03 14:12:07</PriceUpdateDate>
      <ItemCode>7290018023495</ItemCode>
      <ItemType>1</ItemType>
      <ItemName>טחינה גולמית סבא חבי</ItemName>
      <ManufacturerName>לא ידוע</ManufacturerName>
      <ManufactureCountry>לא ידוע</ManufactureCountry>
      <ManufacturerItemDescription>טחינה גולמית סבא חבי</ManufacturerItemDescription>
      <UnitQty>לא ידוע</UnitQty>
      <Quantity>500.00</Quantity>
      <UnitOfMeasure>לא ידוע</UnitOfMeasure>
      <bIsWeighted>0</bIsWeighted>
      <QtyInPackage>לא ידוע</QtyInPackage>
      <ItemPrice>17.90</ItemPrice>
      <UnitOfMeasurePrice>0.0358</UnitOfMeasurePrice>
      <AllowDiscount>1</AllowDiscount>
      <ItemStatus>1</ItemStatus>
      <ItemId>239032</ItemId>
    </Item>
    <Item>
      <PriceUpdateDate>2025-08-19 11:47:43</PriceUpdateDate>
      <ItemCode>4987176231543</ItemCode>
      <ItemType>1</ItemType>
      <ItemName>מברשת שיניים אורל בי</ItemName>
      <ManufacturerName>לא ידוע</ManufacturerName>
      <ManufactureCountry>לא ידוע</ManufactureCountry>
      <ManufacturerItemDescription>מברשת שיניים אורל בי</ManufacturerItemDescription>
      <UnitQty>יחידה   </UnitQty>
      <Quantity>0.00</Quantity>
      <UnitOfMeasure>יחידה   </UnitOfMeasure>
      <bIsWeighted>0</bIsWeighted>
      <QtyInPackage>לא ידוע</QtyInPackage>
      <ItemPrice>11.90</ItemPrice>
      <UnitOfMeasurePrice>0.0000</UnitOfMeasurePrice>
      <AllowDiscount>1</AllowDiscount>
      <ItemStatus>1</ItemStatus>
      <ItemId>249258</ItemId>
    </Item>
    <Item>
      <PriceUpdateDate>2025-08-19 08:35:21</PriceUpdateDate>
      <ItemCode>25675120105</ItemCode>
      <ItemType>1</ItemType>
      <ItemName>מקלות חמוציות 100 גר</ItemName>
      <ManufacturerName>לא ידוע</ManufacturerName>
      <ManufactureCountry>לא ידוע</ManufactureCountry>
      <ManufacturerItemDescription>מקלות חמוציות 100 גר</ManufacturerItemDescription>
      <UnitQty>יחידה   </UnitQty>
      <Quantity>0.00</Quantity>
      <UnitOfMeasure>יחידה   </UnitOfMeasure>
      <bIsWeighted>0</bIsWeighted>
      <QtyInPackage>לא ידוע</QtyInPackage>
      <ItemPrice>13.90</ItemPrice>
      <UnitOfMeasurePrice>0.0000</UnitOfMeasurePrice>
      <AllowDiscount>1</AllowDiscount>
      <ItemStatus>1</ItemStatus>
      <ItemId>250409</ItemId>
    </Item>
    <Item>
      <PriceUpdateDate>2025-08-28 06:18:32</PriceUpdateDate>
      <ItemCode>5000159566742</ItemCode>
      <ItemType>1</ItemType>
      <ItemName>בקבוק סלבריישן 296גר</ItemName>
      <ManufacturerName>לא ידוע</ManufacturerName>
      <ManufactureCountry>לא ידוע</ManufactureCountry>
      <ManufacturerItemDescription>בקבוק סלבריישן 296גר</ManufacturerItemDescription>
      <UnitQty>לא ידוע</UnitQty>
      <Quantity>296.00</Quantity>
      <UnitOfMeasure>לא ידוע</UnitOfMeasure>
      <bIsWeighted>0</bIsWeighted>
      <QtyInPackage>לא ידוע</QtyInPackage>
      <ItemPrice>41.90</ItemPrice>
      <UnitOfMeasurePrice>0.1416</UnitOfMeasurePrice>
      <AllowDiscount>1</AllowDiscount>
      <ItemStatus>1</ItemStatus>
      <ItemId>255774</ItemId>
    </Item>
    <Item>
      <PriceUpdateDate>2025-08-19 08:31:39</PriceUpdateDate>
      <ItemCode>4823077643064</ItemCode>
      <ItemType>1</ItemType>
      <ItemName>חמאה בד"ץ 82.5% רושן</ItemName>
      <ManufacturerName>לא ידוע</ManufacturerName>
      <ManufactureCountry>לא ידוע</ManufactureCountry>
      <ManufacturerItemDescription>חמאה בד"ץ 82.5% רושן</ManufacturerItemDescription>
      <UnitQty>לא ידוע</UnitQty>
      <Quantity>200.00</Quantity>
      <UnitOfMeasure>לא ידוע</UnitOfMeasure>
      <bIsWeighted>0</bIsWeighted>
      <QtyInPackage>לא ידוע</QtyInPackage>
      <ItemPrice>14.90</ItemPrice>
      <UnitOfMeasurePrice>0.0745</UnitOfMeasurePrice>
      <AllowDiscount>1</AllowDiscount>
      <ItemStatus>1</ItemStatus>
      <ItemId>248641</ItemId>
    </Item>
    <Item>
      <PriceUpdateDate>2025-08-26 10:12:39</PriceUpdateDate>
      <ItemCode>7290010766956</ItemCode>
      <ItemType>1</ItemType>
      <ItemName>ממרח פלפלים מתוקים 1</ItemName>
      <ManufacturerName>לא ידוע</ManufacturerName>
      <ManufactureCountry>לא ידוע</ManufactureCountry>
      <ManufacturerItemDescription>ממרח פלפלים מתוקים 1</ManufacturerItemDescription>
      <UnitQty>לא ידוע</UnitQty>
      <Quantity>180.00</Quantity>
      <UnitOfMeasure>לא ידוע</UnitOfMeasure>
      <bIsWeighted>0</bIsWeighted>
      <QtyInPackage>לא ידוע</QtyInPackage>
      <ItemPrice>16.90</ItemPrice>
      <UnitOfMeasurePrice>0.0939</UnitOfMeasurePrice>
      <AllowDiscount>1</AllowDiscount>
      <ItemStatus>1</ItemStatus>
      <ItemId>149277</ItemId>
    </Item>
    <Item>
      <PriceUpdateDate>2025-09-08 07:59:37</PriceUpdateDate>
      <ItemCode>8423207208871</ItemCode>
      <ItemType>1</ItemType>
      <ItemName>פריכיות תירס בטעם טב</ItemName>
      <ManufacturerName>לא ידוע</ManufacturerName>
      <ManufactureCountry>לא ידוע</ManufactureCountry>
      <ManufacturerItemDescription>פריכיות תירס בטעם טב</ManufacturerItemDescription>
      <UnitQty>לא ידוע</UnitQty>
      <Quantity>123.00</Quantity>
      <UnitOfMeasure>לא ידוע</UnitOfMeasure>
      <bIsWeighted>0</bIsWeighted>
      <QtyInPackage>לא ידוע</QtyInPackage>
      <ItemPrice>13.90</ItemPrice>
      <UnitOfMeasurePrice>0.1130</UnitOfMeasurePrice>
      <AllowDiscount>1</AllowDiscount>
      <ItemStatus>1</ItemStatus>
      <ItemId>149378</ItemId>
    </Item>
    <Item>
      <PriceUpdateDate>2025-08-31 10:00:43</PriceUpdateDate>
      <ItemCode>7290018091708</ItemCode>
      <ItemType>1</ItemType>
      <ItemName>מאמאמיה פיצה מרגריטה</ItemName>
      <ManufacturerName>קריות זול</ManufacturerName>
      <ManufactureCountry>לא ידוע</ManufactureCountry>
      <ManufacturerItemDescription>מאמאמיה פיצה מרגריטה</ManufacturerItemDescription>
      <UnitQty>לא ידוע</UnitQty>
      <Quantity>470.00</Quantity>
      <UnitOfMeasure>לא ידוע</UnitOfMeasure>
      <bIsWeighted>0</bIsWeighted>
      <QtyInPackage>לא ידוע</QtyInPackage>
      <ItemPrice>28.90</ItemPrice>
      <UnitOfMeasurePrice>0.0615</UnitOfMeasurePrice>
      <AllowDiscount>1</AllowDiscount>
      <ItemStatus>1</ItemStatus>
      <ItemId>241153</ItemId>
    </Item>
    <Item>
      <PriceUpdateDate>2025-08-26 10:33:29</PriceUpdateDate>
      <ItemCode>7290018359716</ItemCode>
      <ItemType>1</ItemType>
      <ItemName>רוטב פיצה טוסקנה 240</ItemName>
      <ManufacturerName>לא ידוע</ManufacturerName>
      <ManufactureCountry>לא ידוע</ManufactureCountry>
      <ManufacturerItemDescription>רוטב פיצה טוסקנה 240</ManufacturerItemDescription>
      <UnitQty>לא ידוע</UnitQty>
      <Quantity>240.00</Quantity>
      <UnitOfMeasure>לא ידוע</UnitOfMeasure>
      <bIsWeighted>0</bIsWeighted>
      <QtyInPackage>לא ידוע</QtyInPackage>
      <ItemPrice>7.90</ItemPrice>
      <UnitOfMeasurePrice>0.0329</UnitOfMeasurePrice>
      <AllowDiscount>1</AllowDiscount>
      <ItemStatus>1</ItemStatus>
      <ItemId>234272</ItemId>
    </Item>
    <Item>
      <PriceUpdateDate>2025-05-25 10:20:27</PriceUpdateDate>
      <ItemCode>8700216890946</ItemCode>
      <ItemType>1</ItemType>
      <ItemName>חיתולי פמפרס פרימיום</ItemName>
      <ManufacturerName>לא ידוע</ManufacturerName>
      <ManufactureCountry>לא ידוע</ManufactureCountry>
      <ManufacturerItemDescription>חיתולי פמפרס פרימיום</ManufacturerItemDescription>
      <UnitQty>לא ידוע</UnitQty>
      <Quantity>28.00</Quantity>
      <UnitOfMeasure>לא ידוע</UnitOfMeasure>
      <bIsWeighted>0</bIsWeighted>
      <QtyInPackage>לא ידוע</QtyInPackage>
      <ItemPrice>36.90</ItemPrice>
      <UnitOfMeasurePrice>1.3179</UnitOfMeasurePrice>
      <AllowDiscount>1</AllowDiscount>
      <ItemStatus>1</ItemStatus>
      <ItemId>254620</ItemId>
    </Item>
    <Item>
      <PriceUpdateDate>2025-09-03 11:29:03</PriceUpdateDate>
      <ItemCode>8717163714850</ItemCode>
      <ItemType>1</ItemType>
      <ItemName>דאב ספריי קוקוס ויסמ</ItemName>
      <ManufacturerName>לא ידוע</ManufacturerName>
      <ManufactureCountry>לא ידוע</ManufactureCountry>
      <ManufacturerItemDescription>דאב ספריי קוקוס ויסמ</ManufacturerItemDescription>
      <UnitQty>לא ידוע</UnitQty>
      <Quantity>150.00</Quantity>
      <UnitOfMeasure>לא ידוע</UnitOfMeasure>
      <bIsWeighted>0</bIsWeighted>
      <QtyInPackage>לא ידוע</QtyInPackage>
      <ItemPrice>18.90</ItemPrice>
      <UnitOfMeasurePrice>0.1260</UnitOfMeasurePrice>
      <AllowDiscount>1</AllowDiscount>
      <ItemStatus>1</ItemStatus>
      <ItemId>214656</ItemId>
    </Item>
    <Item>
      <PriceUpdateDate>2025-11-27 07:43:37</PriceUpdateDate>
      <ItemCode>7290103703219</ItemCode>
      <ItemType>1</ItemType>
      <ItemName>טאצ' מטליות לחות לני</ItemName>
      <ManufacturerName>לא ידוע</ManufacturerName>
      <ManufactureCountry>לא ידוע</ManufactureCountry>
      <ManufacturerItemDescription>טאצ' מטליות לחות לני</ManufacturerItemDescription>
      <UnitQty>לא ידוע</UnitQty>
      <Quantity>400.00</Quantity>
      <UnitOfMeasure>לא ידוע</UnitOfMeasure>
      <bIsWeighted>0</bIsWeighted>
      <QtyInPackage>לא ידוע</QtyInPackage>
      <ItemPrice>22.90</ItemPrice>
      <UnitOfMeasurePrice>0.0572</UnitOfMeasurePrice>
      <AllowDiscount>1</AllowDiscount>
      <ItemStatus>1</ItemStatus>
      <ItemId>213922</ItemId>
    </Item>
    <Item>
      <PriceUpdateDate>2025-01-06 11:31:06</PriceUpdateDate>
      <ItemCode>7290115190335</ItemCode>
      <ItemType>1</ItemType>
      <ItemName>אל אם בלו 100</ItemName>
      <ManufacturerName>לא ידוע</ManufacturerName>
      <ManufactureCountry>לא ידוע</ManufactureCountry>
      <ManufacturerItemDescription>אל אם בלו 100</ManufacturerItemDescription>
      <UnitQty>יחידה   </UnitQty>
      <Quantity>0.00</Quantity>
      <UnitOfMeasure>יחידה   </UnitOfMeasure>
      <bIsWeighted>0</bIsWeighted>
      <QtyInPackage>לא ידוע</QtyInPackage>
      <ItemPrice>41.00</ItemPrice>
      <UnitOfMeasurePrice>0.0000</UnitOfMeasurePrice>
      <AllowDiscount>0</AllowDiscount>
      <ItemStatus>1</ItemStatus>
      <ItemId>234887</ItemId>
    </Item>
    <Item>
      <PriceUpdateDate>2024-10-30 07:45:52</PriceUpdateDate>
      <ItemCode>7290000503402</ItemCode>
      <ItemType>1</ItemType>
      <ItemName>עוף שלם טרי</ItemName>
      <ManufacturerName>לא ידוע</ManufacturerName>
      <ManufactureCountry>לא ידוע</ManufactureCountry>
      <ManufacturerItemDescription>עוף שלם טרי</ManufacturerItemDescription>
      <UnitQty>קילוגרמים</UnitQty>
      <Quantity>1.00</Quantity>
      <UnitOfMeasure>ק"ג</UnitOfMeasure>
      <bIsWeighted>1</bIsWeighted>
      <QtyInPackage>לא ידוע</QtyInPackage>
      <ItemPrice>22.90</ItemPrice>
      <UnitOfMeasurePrice>22.9000</UnitOfMeasurePrice>
      <AllowDiscount>1</AllowDiscount>
      <ItemStatus>1</ItemStatus>
      <ItemId>214661</ItemId>
    </Item>
    <Item>
      <PriceUpdateDate>2024-10-30 07:45:53</PriceUpdateDate>
      <ItemCode>7290000619009</ItemCode>
      <ItemType>1</ItemType>
      <ItemName>עוף שלם טרי</ItemName>
      <ManufacturerName>לא ידוע</ManufacturerName>
      <ManufactureCountry>לא ידוע</ManufactureCountry>
      <ManufacturerItemDescription>עוף שלם טרי</ManufacturerItemDescription>
      <UnitQty>קילוגרמים</UnitQty>
      <Quantity>1.00</Quantity>
      <UnitOfMeasure>ק"ג</UnitOfMeasure>
      <bIsWeighted>1</bIsWeighted>
      <QtyInPackage>לא ידוע</QtyInPackage>
      <ItemPrice>22.90</ItemPrice>
      <UnitOfMeasurePrice>22.9000</UnitOfMeasurePrice>
      <AllowDiscount>1</AllowDiscount>
      <ItemStatus>1</ItemStatus>
      <ItemId>214664</ItemId>
    </Item>
    <Item>
      <PriceUpdateDate>2024-10-30 07:45:56</PriceUpdateDate>
      <ItemCode>7290002681038</ItemCode>
      <ItemType>1</ItemType>
      <ItemName>עוף שלם טרי</ItemName>
      <ManufacturerName>לא ידוע</ManufacturerName>
      <ManufactureCountry>לא ידוע</ManufactureCountry>
      <ManufacturerItemDescription>עוף שלם טרי</ManufacturerItemDescription>
      <UnitQty>קילוגרמים</UnitQty>
      <Quantity>1.00</Quantity>
      <UnitOfMeasure>ק"ג</UnitOfMeasure>
      <bIsWeighted>1</bIsWeighted>
      <QtyInPackage>לא ידוע</QtyInPackage>
      <ItemPrice>22.90</ItemPrice>
      <UnitOfMeasurePrice>22.9000</UnitOfMeasurePrice>
      <AllowDiscount>1</AllowDiscount>
      <ItemStatus>1</ItemStatus>
      <ItemId>214666</ItemId>
    </Item>
    <Item>
      <PriceUpdateDate>2025-08-31 08:29:34</PriceUpdateDate>
      <ItemCode>7290008804189</ItemCode>
      <ItemType>1</ItemType>
      <ItemName>יין קברנה סוביניון ס</ItemName>
      <ManufacturerName>לא ידוע</ManufacturerName>
      <ManufactureCountry>לא ידוע</ManufactureCountry>
      <ManufacturerItemDescription>יין קברנה סוביניון ס</ManufacturerItemDescription>
      <UnitQty>לא ידוע</UnitQty>
      <Quantity>750.00</Quantity>
      <UnitOfMeasure>לא ידוע</UnitOfMeasure>
      <bIsWeighted>0</bIsWeighted>
      <QtyInPackage>לא ידוע</QtyInPackage>
      <ItemPrice>65.90</ItemPrice>
      <UnitOfMeasurePrice>0.0879</UnitOfMeasurePrice>
      <AllowDiscount>1</AllowDiscount>
      <ItemStatus>1</ItemStatus>
      <ItemId>214671</ItemId>
    </Item>
    <Item>
      <PriceUpdateDate>2025-08-20 11:37:11</PriceUpdateDate>
      <ItemCode>7290017396033</ItemCode>
      <ItemType>1</ItemType>
      <ItemName>בייגל רומני</ItemName>
      <ManufacturerName>לא ידוע</ManufacturerName>
      <ManufactureCountry>לא ידוע</ManufactureCountry>
      <ManufacturerItemDescription>בייגל רומני</ManufacturerItemDescription>
      <UnitQty>יחידה   </UnitQty>
      <Quantity>0.00</Quantity>
      <UnitOfMeasure>יחידה   </UnitOfMeasure>
      <bIsWeighted>0</bIsWeighted>
      <QtyInPackage>לא ידוע</QtyInPackage>
      <ItemPrice>19.90</ItemPrice>
      <UnitOfMeasurePrice>0.0000</UnitOfMeasurePrice>
      <AllowDiscount>1</AllowDiscount>
      <ItemStatus>1</ItemStatus>
      <ItemId>237497</ItemId>
    </Item>
    <Item>
      <PriceUpdateDate>2025-09-08 08:08:46</PriceUpdateDate>
      <ItemCode>7290111010613</ItemCode>
      <ItemType>1</ItemType>
      <ItemName>שמן זית בשן 750מ"ל</ItemName>
      <ManufacturerName>פריטי המותג של יאיר</ManufacturerName>
      <ManufactureCountry>לא ידוע</ManufactureCountry>
      <ManufacturerItemDescription>שמן זית בשן 750מ"ל</ManufacturerItemDescription>
      <UnitQty>לא ידוע</UnitQty>
      <Quantity>750.00</Quantity>
      <UnitOfMeasure>לא ידוע</UnitOfMeasure>
      <bIsWeighted>0</bIsWeighted>
      <QtyInPackage>לא ידוע</QtyInPackage>
      <ItemPrice>36.90</ItemPrice>
      <UnitOfMeasurePrice>0.0492</UnitOfMeasurePrice>
      <AllowDiscount>1</AllowDiscount>
      <ItemStatus>1</ItemStatus>
      <ItemId>236739</ItemId>
    </Item>
    <Item>
      <PriceUpdateDate>2025-08-21 10:39:08</PriceUpdateDate>
      <ItemCode>7290005437540</ItemCode>
      <ItemType>1</ItemType>
      <ItemName>פטריות חתוכות טעמן 2</ItemName>
      <ManufacturerName>לא ידוע</ManufacturerName>
      <ManufactureCountry>לא ידוע</ManufactureCountry>
      <ManufacturerItemDescription>פטריות חתוכות טעמן 2</ManufacturerItemDescription>
      <UnitQty>לא ידוע</UnitQty>
      <Quantity>290.00</Quantity>
      <UnitOfMeasure>לא ידוע</UnitOfMeasure>
      <bIsWeighted>0</bIsWeighted>
      <QtyInPackage>לא ידוע</QtyInPackage>
      <ItemPrice>6.90</ItemPrice>
      <UnitOfMeasurePrice>0.0238</UnitOfMeasurePrice>
      <AllowDiscount>1</AllowDiscount>
      <ItemStatus>1</ItemStatus>
      <ItemId>150221</ItemId>
    </Item>
    <Item>
      <PriceUpdateDate>2025-08-24 20:32:08</PriceUpdateDate>
      <ItemCode>7290000136844</ItemCode>
      <ItemType>1</ItemType>
      <ItemName>מי אקווה נובה 2 ליטר</ItemName>
      <ManufacturerName>לא ידוע</ManufacturerName>
      <ManufactureCountry>לא ידוע</ManufactureCountry>
      <ManufacturerItemDescription>מי אקווה נובה 2 ליטר</ManufacturerItemDescription>
      <UnitQty>לא ידוע</UnitQty>
      <Quantity>12000.00</Quantity>
      <UnitOfMeasure>לא ידוע</UnitOfMeasure>
      <bIsWeighted>0</bIsWeighted>
      <QtyInPackage>לא ידוע</QtyInPackage>
      <ItemPrice>15.90</ItemPrice>
      <UnitOfMeasurePrice>0.0013</UnitOfMeasurePrice>
      <AllowDiscount>1</AllowDiscount>
      <ItemStatus>1</ItemStatus>
      <ItemId>236794</ItemId>
    </Item>
    <Item>
      <PriceUpdateDate>2025-08-27 10:00:47</PriceUpdateDate>
      <ItemCode>7290002019787</ItemCode>
      <ItemType>1</ItemType>
      <ItemName>רוטב עגבניות 22% פרי</ItemName>
      <ManufacturerName>קריות זול</ManufacturerName>
      <ManufactureCountry>לא ידוע</ManufactureCountry>
      <ManufacturerItemDescription>רוטב עגבניות 22% פרי</ManufacturerItemDescription>
      <UnitQty>לא ידוע</UnitQty>
      <Quantity>260.00</Quantity>
      <UnitOfMeasure>לא ידוע</UnitOfMeasure>
      <bIsWeighted>0</bIsWeighted>
      <QtyInPackage>לא ידוע</QtyInPackage>
      <ItemPrice>5.50</ItemPrice>
      <UnitOfMeasurePrice>0.0212</UnitOfMeasurePrice>
      <AllowDiscount>1</AllowDiscount>
      <ItemStatus>1</ItemStatus>
      <ItemId>150444</ItemId>
    </Item>
    <Item>
      <PriceUpdateDate>2025-01-30 11:05:24</PriceUpdateDate>
      <ItemCode>7290002019794</ItemCode>
      <ItemType>1</ItemType>
      <ItemName>רוטב עגבניות מרוכז מ</ItemName>
      <ManufacturerName>לא ידוע</ManufacturerName>
      <ManufactureCountry>לא ידוע</ManufactureCountry>
      <ManufacturerItemDescription>רוטב עגבניות מרוכז מ</ManufacturerItemDescription>
      <UnitQty>לא ידוע</UnitQty>
      <Quantity>100.00</Quantity>
      <UnitOfMeasure>לא ידוע</UnitOfMeasure>
      <bIsWeighted>0</bIsWeighted>
      <QtyInPackage>לא ידוע</QtyInPackage>
      <ItemPrice>2.90</ItemPrice>
      <UnitOfMeasurePrice>0.0290</UnitOfMeasurePrice>
      <AllowDiscount>1</AllowDiscount>
      <ItemStatus>1</ItemStatus>
      <ItemId>150445</ItemId>
    </Item>
    <Item>
      <PriceUpdateDate>2025-07-01 16:34:08</PriceUpdateDate>
      <ItemCode>7290000002095</ItemCode>
      <ItemType>1</ItemType>
      <ItemName>כתף עגל טרי</ItemName>
      <ManufacturerName>לא ידוע</ManufacturerName>
      <ManufactureCountry>לא ידוע</ManufactureCountry>
      <ManufacturerItemDescription>כתף עגל טרי</ManufacturerItemDescription>
      <UnitQty>קילוגרמים</UnitQty>
      <Quantity>1.00</Quantity>
      <UnitOfMeasure>ק"ג</UnitOfMeasure>
      <bIsWeighted>1</bIsWeighted>
      <QtyInPackage>לא ידוע</QtyInPackage>
      <ItemPrice>89.90</ItemPrice>
      <UnitOfMeasurePrice>89.9000</UnitOfMeasurePrice>
      <AllowDiscount>1</AllowDiscount>
      <ItemStatus>1</ItemStatus>
      <ItemId>150493</ItemId>
    </Item>
    <Item>
      <PriceUpdateDate>2025-09-08 07:58:12</PriceUpdateDate>
      <ItemCode>8076802085936</ItemCode>
      <ItemType>1</ItemType>
      <ItemName>ברילה פסטה ריגאטי מס</ItemName>
      <ManufacturerName>לא ידוע</ManufacturerName>
      <ManufactureCountry>לא ידוע</ManufactureCountry>
      <ManufacturerItemDescription>ברילה פסטה ריגאטי מס</ManufacturerItemDescription>
      <UnitQty>לא ידוע</UnitQty>
      <Quantity>500.00</Quantity>
      <UnitOfMeasure>לא ידוע</UnitOfMeasure>
      <bIsWeighted>0</bIsWeighted>
      <QtyInPackage>לא ידוע</QtyInPackage>
      <ItemPrice>9.90</ItemPrice>
      <UnitOfMeasurePrice>0.0198</UnitOfMeasurePrice>
      <AllowDiscount>1</AllowDiscount>
      <ItemStatus>1</ItemStatus>
      <ItemId>242054</ItemId>
    </Item>
    <Item>
      <PriceUpdateDate>2025-04-20 08:04:32</PriceUpdateDate>
      <ItemCode>7290000379623</ItemCode>
      <ItemType>1</ItemType>
      <ItemName>לחם אחיד שחור</ItemName>
      <ManufacturerName>לא ידוע</ManufacturerName>
      <ManufactureCountry>לא ידוע</ManufactureCountry>
      <ManufacturerItemDescription>לחם אחיד שחור</ManufacturerItemDescription>
      <UnitQty>לא ידוע</UnitQty>
      <Quantity>750.00</Quantity>
      <UnitOfMeasure>לא ידוע</UnitOfMeasure>
      <bIsWeighted>0</bIsWeighted>
      <QtyInPackage>לא ידוע</QtyInPackage>
      <ItemPrice>7.36</ItemPrice>
      <UnitOfMeasurePrice>0.0098</UnitOfMeasurePrice>
      <AllowDiscount>1</AllowDiscount>
      <ItemStatus>1</ItemStatus>
      <ItemId>150552</ItemId>
    </Item>
    <Item>
      <PriceUpdateDate>2025-08-20 11:37:51</PriceUpdateDate>
      <ItemCode>7290000481333</ItemCode>
      <ItemType>1</ItemType>
      <ItemName>לחמניות לוסי מארז 8י</ItemName>
      <ManufacturerName>לא ידוע</ManufacturerName>
      <ManufactureCountry>לא ידוע</ManufactureCountry>
      <ManufacturerItemDescription>לחמניות לוסי מארז 8י</ManufacturerItemDescription>
      <UnitQty>יחידה   </UnitQty>
      <Quantity>0.00</Quantity>
      <UnitOfMeasure>יחידה   </UnitOfMeasure>
      <bIsWeighted>0</bIsWeighted>
      <QtyInPackage>לא ידוע</QtyInPackage>
      <ItemPrice>16.90</ItemPrice>
      <UnitOfMeasurePrice>0.0000</UnitOfMeasurePrice>
      <AllowDiscount>1</AllowDiscount>
      <ItemStatus>1</ItemStatus>
      <ItemId>150557</ItemId>
    </Item>
    <Item>
      <PriceUpdateDate>2025-08-20 11:37:52</PriceUpdateDate>
      <ItemCode>7290000481531</ItemCode>
      <ItemType>1</ItemType>
      <ItemName>לחמניות חיטה מארז 10</ItemName>
      <ManufacturerName>לא ידוע</ManufacturerName>
      <ManufactureCountry>לא ידוע</ManufactureCountry>
      <ManufacturerItemDescription>לחמניות חיטה מארז 10</ManufacturerItemDescription>
      <UnitQty>יחידה   </UnitQty>
      <Quantity>0.00</Quantity>
      <UnitOfMeasure>יחידה   </UnitOfMeasure>
      <bIsWeighted>0</bIsWeighted>
      <QtyInPackage>לא ידוע</QtyInPackage>
      <ItemPrice>16.90</ItemPrice>
      <UnitOfMeasurePrice>0.0000</UnitOfMeasurePrice>
      <AllowDiscount>1</AllowDiscount>
      <ItemStatus>1</ItemStatus>
      <ItemId>150560</ItemId>
    </Item>
    <Item>
      <PriceUpdateDate>2025-08-20 11:37:52</PriceUpdateDate>
      <ItemCode>7290000481883</ItemCode>
      <ItemType>1</ItemType>
      <ItemName>מארז 10יח לחמניות</ItemName>
      <ManufacturerName>לא ידוע</ManufacturerName>
      <ManufactureCountry>לא ידוע</ManufactureCountry>
      <ManufacturerItemDescription>מארז 10יח לחמניות</ManufacturerItemDescription>
      <UnitQty>לא ידוע</UnitQty>
      <Quantity>10.00</Quantity>
      <UnitOfMeasure>לא ידוע</UnitOfMeasure>
      <bIsWeighted>0</bIsWeighted>
      <QtyInPackage>לא ידוע</QtyInPackage>
      <ItemPrice>16.90</ItemPrice>
      <UnitOfMeasurePrice>1.6900</UnitOfMeasurePrice>
      <AllowDiscount>1</AllowDiscount>
      <ItemStatus>1</ItemStatus>
      <ItemId>150566</ItemId>
    </Item>
    <Item>
      <PriceUpdateDate>2025-04-20 08:04:39</PriceUpdateDate>
      <ItemCode>7290000574035</ItemCode>
      <ItemType>1</ItemType>
      <ItemName>לחם אחיד פרוס 750גרם</ItemName>
      <ManufacturerName>לא ידוע</ManufacturerName>
      <ManufactureCountry>לא ידוע</ManufactureCountry>
      <ManufacturerItemDescription>לחם אחיד פרוס 750גרם</ManufacturerItemDescription>
      <UnitQty>לא ידוע</UnitQty>
      <Quantity>750.00</Quantity>
      <UnitOfMeasure>לא ידוע</UnitOfMeasure>
      <bIsWeighted>0</bIsWeighted>
      <QtyInPackage>לא ידוע</QtyInPackage>
      <ItemPrice>8.37</ItemPrice>
      <UnitOfMeasurePrice>0.0112</UnitOfMeasurePrice>
      <AllowDiscount>1</AllowDiscount>
      <ItemStatus>1</ItemStatus>
      <ItemId>150572</ItemId>
    </Item>
    <Item>
      <PriceUpdateDate>2025-08-31 09:57:17</PriceUpdateDate>
      <ItemCode>7290016233575</ItemCode>
      <ItemType>1</ItemType>
      <ItemName>פתיתי שיבולת שועל 60</ItemName>
      <ManufacturerName>לא ידוע</ManufacturerName>
      <ManufactureCountry>לא ידוע</ManufactureCountry>
      <ManufacturerItemDescription>פתיתי שיבולת שועל 60</ManufacturerItemDescription>
      <UnitQty>לא ידוע</UnitQty>
      <Quantity>600.00</Quantity>
      <UnitOfMeasure>לא ידוע</UnitOfMeasure>
      <bIsWeighted>0</bIsWeighted>
      <QtyInPackage>לא ידוע</QtyInPackage>
      <ItemPrice>7.90</ItemPrice>
      <UnitOfMeasurePrice>0.0132</UnitOfMeasurePrice>
      <AllowDiscount>1</AllowDiscount>
      <ItemStatus>1</ItemStatus>
      <ItemId>206608</ItemId>
    </Item>
    <Item>
      <PriceUpdateDate>2025-08-20 11:37:54</PriceUpdateDate>
      <ItemCode>7290000574141</ItemCode>
      <ItemType>1</ItemType>
      <ItemName>לחם חיטה מלאה 750גר</ItemName>
      <ManufacturerName>לא ידוע</ManufacturerName>
      <ManufactureCountry>לא ידוע</ManufactureCountry>
      <ManufacturerItemDescription>לחם חיטה מלאה 750גר</ManufacturerItemDescription>
      <UnitQty>לא ידוע</UnitQty>
      <Quantity>750.00</Quantity>
      <UnitOfMeasure>לא ידוע</UnitOfMeasure>
      <bIsWeighted>0</bIsWeighted>
      <QtyInPackage>לא ידוע</QtyInPackage>
      <ItemPrice>16.90</ItemPrice>
      <UnitOfMeasurePrice>0.0225</UnitOfMeasurePrice>
      <AllowDiscount>1</AllowDiscount>
      <ItemStatus>1</ItemStatus>
      <ItemId>150579</ItemId>
    </Item>
    <Item>
      <PriceUpdateDate>2025-08-20 11:37:55</PriceUpdateDate>
      <ItemCode>7290000574172</ItemCode>
      <ItemType>1</ItemType>
      <ItemName>לחם קל חיטה מלאה 750</ItemName>
      <ManufacturerName>לא ידוע</ManufacturerName>
      <ManufactureCountry>לא ידוע</ManufactureCountry>
      <ManufacturerItemDescription>לחם קל חיטה מלאה 750</ManufacturerItemDescription>
      <UnitQty>לא ידוע</UnitQty>
      <Quantity>750.00</Quantity>
      <UnitOfMeasure>לא ידוע</UnitOfMeasure>
      <bIsWeighted>0</bIsWeighted>
      <QtyInPackage>לא ידוע</QtyInPackage>
      <ItemPrice>18.90</ItemPrice>
      <UnitOfMeasurePrice>0.0252</UnitOfMeasurePrice>
      <AllowDiscount>1</AllowDiscount>
      <ItemStatus>1</ItemStatus>
      <ItemId>150581</ItemId>
    </Item>
    <Item>
      <PriceUpdateDate>2025-08-19 11:32:24</PriceUpdateDate>
      <ItemCode>7290006492913</ItemCode>
      <ItemType>1</ItemType>
      <ItemName>5% ציזיקי למריחה</ItemName>
      <ManufacturerName>קריות זול</ManufacturerName>
      <ManufactureCountry>לא ידוע</ManufactureCountry>
      <ManufacturerItemDescription>5% ציזיקי למריחה</ManufacturerItemDescription>
      <UnitQty>לא ידוע</UnitQty>
      <Quantity>250.00</Quantity>
      <UnitOfMeasure>לא ידוע</UnitOfMeasure>
      <bIsWeighted>0</bIsWeighted>
      <QtyInPackage>לא ידוע</QtyInPackage>
      <ItemPrice>18.50</ItemPrice>
      <UnitOfMeasurePrice>0.0740</UnitOfMeasurePrice>
      <AllowDiscount>1</AllowDiscount>
      <ItemStatus>1</ItemStatus>
      <ItemId>214751</ItemId>
    </Item>
    <Item>
      <PriceUpdateDate>2025-08-20 11:37:58</PriceUpdateDate>
      <ItemCode>7290003217014</ItemCode>
      <ItemType>1</ItemType>
      <ItemName>פיתות מיזרחיות 5*100</ItemName>
      <ManufacturerName>קריות זול</ManufacturerName>
      <ManufactureCountry>לא ידוע</ManufactureCountry>
      <ManufacturerItemDescription>פיתות מיזרחיות 5*100</ManufacturerItemDescription>
      <UnitQty>לא ידוע</UnitQty>
      <Quantity>500.00</Quantity>
      <UnitOfMeasure>לא ידוע</UnitOfMeasure>
      <bIsWeighted>0</bIsWeighted>
      <QtyInPackage>לא ידוע</QtyInPackage>
      <ItemPrice>9.90</ItemPrice>
      <UnitOfMeasurePrice>0.0198</UnitOfMeasurePrice>
      <AllowDiscount>1</AllowDiscount>
      <ItemStatus>1</ItemStatus>
      <ItemId>150610</ItemId>
    </Item>
    <Item>
      <PriceUpdateDate>2025-08-20 11:37:58</PriceUpdateDate>
      <ItemCode>7290003268252</ItemCode>
      <ItemType>1</ItemType>
      <ItemName>לחם חיטה מלאה ללא גר</ItemName>
      <ManufacturerName>לא ידוע</ManufacturerName>
      <ManufactureCountry>לא ידוע</ManufactureCountry>
      <ManufacturerItemDescription>לחם חיטה מלאה ללא גר</ManufacturerItemDescription>
      <UnitQty>לא ידוע</UnitQty>
      <Quantity>750.00</Quantity>
      <UnitOfMeasure>לא ידוע</UnitOfMeasure>
      <bIsWeighted>0</bIsWeighted>
      <QtyInPackage>לא ידוע</QtyInPackage>
      <ItemPrice>17.90</ItemPrice>
      <UnitOfMeasurePrice>0.0239</UnitOfMeasurePrice>
      <AllowDiscount>1</AllowDiscount>
      <ItemStatus>1</ItemStatus>
      <ItemId>150616</ItemId>
    </Item>
    <Item>
      <PriceUpdateDate>2025-08-20 11:37:59</PriceUpdateDate>
      <ItemCode>7290003268429</ItemCode>
      <ItemType>1</ItemType>
      <ItemName>לחם חיטה מלאה ירוק 7</ItemName>
      <ManufacturerName>לא ידוע</ManufacturerName>
      <ManufactureCountry>לא ידוע</ManufactureCountry>
      <ManufacturerItemDescription>לחם חיטה מלאה ירוק 7</ManufacturerItemDescription>
      <UnitQty>לא ידוע</UnitQty>
      <Quantity>750.00</Quantity>
      <UnitOfMeasure>לא ידוע</UnitOfMeasure>
      <bIsWeighted>0</bIsWeighted>
      <QtyInPackage>לא ידוע</QtyInPackage>
      <ItemPrice>17.90</ItemPrice>
      <UnitOfMeasurePrice>0.0239</UnitOfMeasurePrice>
      <AllowDiscount>1</AllowDiscount>
      <ItemStatus>1</ItemStatus>
      <ItemId>150618</ItemId>
    </Item>
    <Item>
      <PriceUpdateDate>2025-04-20 08:04:47</PriceUpdateDate>
      <ItemCode>7290003268764</ItemCode>
      <ItemType>1</ItemType>
      <ItemName>חלה רגילה 500גר</ItemName>
      <ManufacturerName>לא ידוע</ManufacturerName>
      <ManufactureCountry>לא ידוע</ManufactureCountry>
      <ManufacturerItemDescription>חלה רגילה 500גר</ManufacturerItemDescription>
      <UnitQty>לא ידוע</UnitQty>
      <Quantity>500.00</Quantity>
      <UnitOfMeasure>לא ידוע</UnitOfMeasure>
      <bIsWeighted>0</bIsWeighted>
      <QtyInPackage>לא ידוע</QtyInPackage>
      <ItemPrice>6.61</ItemPrice>
      <UnitOfMeasurePrice>0.0132</UnitOfMeasurePrice>
      <AllowDiscount>1</AllowDiscount>
      <ItemStatus>1</ItemStatus>
      <ItemId>150631</ItemId>
    </Item>
    <Item>
      <PriceUpdateDate>2025-08-26 11:08:57</PriceUpdateDate>
      <ItemCode>7290116934150</ItemCode>
      <ItemType>1</ItemType>
      <ItemName>משקה שיבולת שועל ללא</ItemName>
      <ManufacturerName>לא ידוע</ManufacturerName>
      <ManufactureCountry>ישראל</ManufactureCountry>
      <ManufacturerItemDescription>משקה שיבולת שועל ללא</ManufacturerItemDescription>
      <UnitQty>לא ידוע</UnitQty>
      <Quantity>1000.00</Quantity>
      <UnitOfMeasure>לא ידוע</UnitOfMeasure>
      <bIsWeighted>0</bIsWeighted>
      <QtyInPackage>לא ידוע</QtyInPackage>
      <ItemPrice>14.90</ItemPrice>
      <UnitOfMeasurePrice>0.0149</UnitOfMeasurePrice>
      <AllowDiscount>1</AllowDiscount>
      <ItemStatus>1</ItemStatus>
      <ItemId>254197</ItemId>
    </Item>
    <Item>
      <PriceUpdateDate>2025-08-19 08:22:07</PriceUpdateDate>
      <ItemCode>5201583115098</ItemCode>
      <ItemType>1</ItemType>
      <ItemName>סוכריות ג'לי פירות 1</ItemName>
      <ManufacturerName>לא ידוע</ManufacturerName>
      <ManufactureCountry>לא ידוע</ManufactureCountry>
      <ManufacturerItemDescription>סוכריות ג'לי פירות 1</ManufacturerItemDescription>
      <UnitQty>לא ידוע</UnitQty>
      <Quantity>1000.00</Quantity>
      <UnitOfMeasure>לא ידוע</UnitOfMeasure>
      <bIsWeighted>0</bIsWeighted>
      <QtyInPackage>לא ידוע</QtyInPackage>
      <ItemPrice>40.90</ItemPrice>
      <UnitOfMeasurePrice>0.0409</UnitOfMeasurePrice>
      <AllowDiscount>1</AllowDiscount>
      <ItemStatus>1</ItemStatus>
      <ItemId>150730</ItemId>
    </Item>
    <Item>
      <PriceUpdateDate>2025-08-26 11:13:10</PriceUpdateDate>
      <ItemCode>72940754</ItemCode>
      <ItemType>1</ItemType>
      <ItemName>מילקי וניל</ItemName>
      <ManufacturerName>קריות זול</ManufacturerName>
      <ManufactureCountry>לא ידוע</ManufactureCountry>
      <ManufacturerItemDescription>מילקי וניל</ManufacturerItemDescription>
      <UnitQty>לא ידוע</UnitQty>
      <Quantity>170.00</Quantity>
      <UnitOfMeasure>לא ידוע</UnitOfMeasure>
      <bIsWeighted>0</bIsWeighted>
      <QtyInPackage>לא ידוע</QtyInPackage>
      <ItemPrice>3.30</ItemPrice>
      <UnitOfMeasurePrice>0.0194</UnitOfMeasurePrice>
      <AllowDiscount>1</AllowDiscount>
      <ItemStatus>1</ItemStatus>
      <ItemId>150840</ItemId>
    </Item>
    <Item>
      <PriceUpdateDate>2025-08-26 11:13:15</PriceUpdateDate>
      <ItemCode>72940761</ItemCode>
      <ItemType>1</ItemType>
      <ItemName>מילקי שוקו</ItemName>
      <ManufacturerName>קריות זול</ManufacturerName>
      <ManufactureCountry>לא ידוע</ManufactureCountry>
      <ManufacturerItemDescription>מילקי שוקו</ManufacturerItemDescription>
      <UnitQty>לא ידוע</UnitQty>
      <Quantity>170.00</Quantity>
      <UnitOfMeasure>לא ידוע</UnitOfMeasure>
      <bIsWeighted>0</bIsWeighted>
      <QtyInPackage>לא ידוע</QtyInPackage>
      <ItemPrice>3.30</ItemPrice>
      <UnitOfMeasurePrice>0.0194</UnitOfMeasurePrice>
      <AllowDiscount>1</AllowDiscount>
      <ItemStatus>1</ItemStatus>
      <ItemId>150841</ItemId>
    </Item>
    <Item>
      <PriceUpdateDate>2025-08-26 11:13:16</PriceUpdateDate>
      <ItemCode>72940952</ItemCode>
      <ItemType>1</ItemType>
      <ItemName>מילקי פי 2 קצפת</ItemName>
      <ManufacturerName>קריות זול</ManufacturerName>
      <ManufactureCountry>לא ידוע</ManufactureCountry>
      <ManufacturerItemDescription>מילקי פי 2 קצפת</ManufacturerItemDescription>
      <UnitQty>לא ידוע</UnitQty>
      <Quantity>110.00</Quantity>
      <UnitOfMeasure>לא ידוע</UnitOfMeasure>
      <bIsWeighted>0</bIsWeighted>
      <QtyInPackage>לא ידוע</QtyInPackage>
      <ItemPrice>3.90</ItemPrice>
      <UnitOfMeasurePrice>0.0355</UnitOfMeasurePrice>
      <AllowDiscount>1</AllowDiscount>
      <ItemStatus>1</ItemStatus>
      <ItemId>150843</ItemId>
    </Item>
    <Item>
      <PriceUpdateDate>2022-12-22 14:12:56</PriceUpdateDate>
      <ItemCode>72941041</ItemCode>
      <ItemType>1</ItemType>
      <ItemName>מיני מילקי שוקולד 70</ItemName>
      <ManufacturerName>קריות זול</ManufacturerName>
      <ManufactureCountry>לא ידוע</ManufactureCountry>
      <ManufacturerItemDescription>מיני מילקי שוקולד 70</ManufacturerItemDescription>
      <UnitQty>לא ידוע</UnitQty>
      <Quantity>70.00</Quantity>
      <UnitOfMeasure>לא ידוע</UnitOfMeasure>
      <bIsWeighted>0</bIsWeighted>
      <QtyInPackage>לא ידוע</QtyInPackage>
      <ItemPrice>2.40</ItemPrice>
      <UnitOfMeasurePrice>0.0343</UnitOfMeasurePrice>
      <AllowDiscount>1</AllowDiscount>
      <ItemStatus>1</ItemStatus>
      <ItemId>150846</ItemId>
    </Item>
    <Item>
      <PriceUpdateDate>2025-08-26 11:13:21</PriceUpdateDate>
      <ItemCode>72993637</ItemCode>
      <ItemType>1</ItemType>
      <ItemName>דני מהדרין שוקו בודד</ItemName>
      <ManufacturerName>קריות זול</ManufacturerName>
      <ManufactureCountry>לא ידוע</ManufactureCountry>
      <ManufacturerItemDescription>דני מהדרין שוקו בודד</ManufacturerItemDescription>
      <UnitQty>לא ידוע</UnitQty>
      <Quantity>125.00</Quantity>
      <UnitOfMeasure>לא ידוע</UnitOfMeasure>
      <bIsWeighted>0</bIsWeighted>
      <QtyInPackage>לא ידוע</QtyInPackage>
      <ItemPrice>3.50</ItemPrice>
      <UnitOfMeasurePrice>0.0280</UnitOfMeasurePrice>
      <AllowDiscount>1</AllowDiscount>
      <ItemStatus>1</ItemStatus>
      <ItemId>150859</ItemId>
    </Item>
    <Item>
      <PriceUpdateDate>2025-11-06 09:50:47</PriceUpdateDate>
      <ItemCode>7290020239983</ItemCode>
      <ItemType>1</ItemType>
      <ItemName>פיצה עם תוספות בסגנו</ItemName>
      <ManufacturerName>קריות זול</ManufacturerName>
      <ManufactureCountry>לא ידוע</ManufactureCountry>
      <ManufacturerItemDescription>פיצה עם תוספות בסגנו</ManufacturerItemDescription>
      <UnitQty>לא ידוע</UnitQty>
      <Quantity>500.00</Quantity>
      <UnitOfMeasure>לא ידוע</UnitOfMeasure>
      <bIsWeighted>0</bIsWeighted>
      <QtyInPackage>לא ידוע</QtyInPackage>
      <ItemPrice>28.90</ItemPrice>
      <UnitOfMeasurePrice>0.0578</UnitOfMeasurePrice>
      <AllowDiscount>1</AllowDiscount>
      <ItemStatus>1</ItemStatus>
      <ItemId>256364</ItemId>
    </Item>
    <Item>
      <PriceUpdateDate>2025-06-23 14:29:53</PriceUpdateDate>
      <ItemCode>7290000041858</ItemCode>
      <ItemType>1</ItemType>
      <ItemName>שמנת חמוצה מעושר 15%</ItemName>
      <ManufacturerName>קריות זול</ManufacturerName>
      <ManufactureCountry>לא ידוע</ManufactureCountry>
      <ManufacturerItemDescription>שמנת חמוצה מעושר 15%</ManufacturerItemDescription>
      <UnitQty>לא ידוע</UnitQty>
      <Quantity>200.00</Quantity>
      <UnitOfMeasure>לא ידוע</UnitOfMeasure>
      <bIsWeighted>0</bIsWeighted>
      <QtyInPackage>לא ידוע</QtyInPackage>
      <ItemPrice>2.81</ItemPrice>
      <UnitOfMeasurePrice>0.0141</UnitOfMeasurePrice>
      <AllowDiscount>1</AllowDiscount>
      <ItemStatus>1</ItemStatus>
      <ItemId>150923</ItemId>
    </Item>
    <Item>
      <PriceUpdateDate>2025-08-26 11:49:35</PriceUpdateDate>
      <ItemCode>7290116935416</ItemCode>
      <ItemType>1</ItemType>
      <ItemName>משקה חלב תנובה להקצפ</ItemName>
      <ManufacturerName>קריות זול</ManufacturerName>
      <ManufactureCountry>לא ידוע</ManufactureCountry>
      <ManufacturerItemDescription>משקה חלב תנובה להקצפ</ManufacturerItemDescription>
      <UnitQty>לא ידוע</UnitQty>
      <Quantity>800.00</Quantity>
      <UnitOfMeasure>לא ידוע</UnitOfMeasure>
      <bIsWeighted>0</bIsWeighted>
      <QtyInPackage>לא ידוע</QtyInPackage>
      <ItemPrice>9.70</ItemPrice>
      <UnitOfMeasurePrice>0.0121</UnitOfMeasurePrice>
      <AllowDiscount>1</AllowDiscount>
      <ItemStatus>1</ItemStatus>
      <ItemId>254198</ItemId>
    </Item>
    <Item>
      <PriceUpdateDate>2025-08-21 11:27:50</PriceUpdateDate>
      <ItemCode>7290000042855</ItemCode>
      <ItemType>1</ItemType>
      <ItemName>שוקו יטבתה שקית</ItemName>
      <ManufacturerName>קריות זול</ManufacturerName>
      <ManufactureCountry>לא ידוע</ManufactureCountry>
      <ManufacturerItemDescription>שוקו יטבתה שקית</ManufacturerItemDescription>
      <UnitQty>לא ידוע</UnitQty>
      <Quantity>250.00</Quantity>
      <UnitOfMeasure>לא ידוע</UnitOfMeasure>
      <bIsWeighted>0</bIsWeighted>
      <QtyInPackage>לא ידוע</QtyInPackage>
      <ItemPrice>3.10</ItemPrice>
      <UnitOfMeasurePrice>0.0124</UnitOfMeasurePrice>
      <AllowDiscount>1</AllowDiscount>
      <ItemStatus>1</ItemStatus>
      <ItemId>150928</ItemId>
    </Item>
    <Item>
      <PriceUpdateDate>2025-08-21 11:27:50</PriceUpdateDate>
      <ItemCode>7290000408316</ItemCode>
      <ItemType>1</ItemType>
      <ItemName>דנונה טבעי 3% 200גר</ItemName>
      <ManufacturerName>קריות זול</ManufacturerName>
      <ManufactureCountry>לא ידוע</ManufactureCountry>
      <ManufacturerItemDescription>דנונה טבעי 3% 200גר</ManufacturerItemDescription>
      <UnitQty>לא ידוע</UnitQty>
      <Quantity>200.00</Quantity>
      <UnitOfMeasure>לא ידוע</UnitOfMeasure>
      <bIsWeighted>0</bIsWeighted>
      <QtyInPackage>לא ידוע</QtyInPackage>
      <ItemPrice>4.90</ItemPrice>
      <UnitOfMeasurePrice>0.0245</UnitOfMeasurePrice>
      <AllowDiscount>1</AllowDiscount>
      <ItemStatus>1</ItemStatus>
      <ItemId>150997</ItemId>
    </Item>
    <Item>
      <PriceUpdateDate>2025-08-21 11:27:50</PriceUpdateDate>
      <ItemCode>7290000408354</ItemCode>
      <ItemType>1</ItemType>
      <ItemName>דנונה בר פיצפוצים 17</ItemName>
      <ManufacturerName>לא ידוע</ManufacturerName>
      <ManufactureCountry>לא ידוע</ManufactureCountry>
      <ManufacturerItemDescription>דנונה בר פיצפוצים 17</ManufacturerItemDescription>
      <UnitQty>לא ידוע</UnitQty>
      <Quantity>173.00</Quantity>
      <UnitOfMeasure>לא ידוע</UnitOfMeasure>
      <bIsWeighted>0</bIsWeighted>
      <QtyInPackage>לא ידוע</QtyInPackage>
      <ItemPrice>6.00</ItemPrice>
      <UnitOfMeasurePrice>0.0347</UnitOfMeasurePrice>
      <AllowDiscount>1</AllowDiscount>
      <ItemStatus>1</ItemStatus>
      <ItemId>150998</ItemId>
    </Item>
    <Item>
      <PriceUpdateDate>2025-08-21 11:27:51</PriceUpdateDate>
      <ItemCode>7290000453019</ItemCode>
      <ItemType>1</ItemType>
      <ItemName>שמרית שמרים טריים לא</ItemName>
      <ManufacturerName>קריות זול</ManufacturerName>
      <ManufactureCountry>לא ידוע</ManufactureCountry>
      <ManufacturerItemDescription>שמרית שמרים טריים לא</ManufacturerItemDescription>
      <UnitQty>לא ידוע</UnitQty>
      <Quantity>50.00</Quantity>
      <UnitOfMeasure>לא ידוע</UnitOfMeasure>
      <bIsWeighted>0</bIsWeighted>
      <QtyInPackage>לא ידוע</QtyInPackage>
      <ItemPrice>6.90</ItemPrice>
      <UnitOfMeasurePrice>0.1380</UnitOfMeasurePrice>
      <AllowDiscount>1</AllowDiscount>
      <ItemStatus>1</ItemStatus>
      <ItemId>151002</ItemId>
    </Item>
    <Item>
      <PriceUpdateDate>2025-08-21 11:27:54</PriceUpdateDate>
      <ItemCode>7290000453880</ItemCode>
      <ItemType>1</ItemType>
      <ItemName>מרגרינה ללא מלח לאפי</ItemName>
      <ManufacturerName>לא ידוע</ManufacturerName>
      <ManufactureCountry>לא ידוע</ManufactureCountry>
      <ManufacturerItemDescription>מרגרינה ללא מלח לאפי</ManufacturerItemDescription>
      <UnitQty>לא ידוע</UnitQty>
      <Quantity>200.00</Quantity>
      <UnitOfMeasure>לא ידוע</UnitOfMeasure>
      <bIsWeighted>0</bIsWeighted>
      <QtyInPackage>לא ידוע</QtyInPackage>
      <ItemPrice>6.90</ItemPrice>
      <UnitOfMeasurePrice>0.0345</UnitOfMeasurePrice>
      <AllowDiscount>1</AllowDiscount>
      <ItemStatus>1</ItemStatus>
      <ItemId>151005</ItemId>
    </Item>
    <Item>
      <PriceUpdateDate>2025-08-21 11:27:54</PriceUpdateDate>
      <ItemCode>7290000453897</ItemCode>
      <ItemType>1</ItemType>
      <ItemName>מרגרינה בטעם חמאה 20</ItemName>
      <ManufacturerName>לא ידוע</ManufacturerName>
      <ManufactureCountry>לא ידוע</ManufactureCountry>
      <ManufacturerItemDescription>מרגרינה בטעם חמאה 20</ManufacturerItemDescription>
      <UnitQty>לא ידוע</UnitQty>
      <Quantity>200.00</Quantity>
      <UnitOfMeasure>לא ידוע</UnitOfMeasure>
      <bIsWeighted>0</bIsWeighted>
      <QtyInPackage>לא ידוע</QtyInPackage>
      <ItemPrice>6.90</ItemPrice>
      <UnitOfMeasurePrice>0.0345</UnitOfMeasurePrice>
      <AllowDiscount>1</AllowDiscount>
      <ItemStatus>1</ItemStatus>
      <ItemId>151006</ItemId>
    </Item>
    <Item>
      <PriceUpdateDate>2025-08-21 11:27:54</PriceUpdateDate>
      <ItemCode>7290000462141</ItemCode>
      <ItemType>1</ItemType>
      <ItemName>סחוג אדום חריף מאוד</ItemName>
      <ManufacturerName>לא ידוע</ManufacturerName>
      <ManufactureCountry>לא ידוע</ManufactureCountry>
      <ManufacturerItemDescription>סחוג אדום חריף מאוד</ManufacturerItemDescription>
      <UnitQty>לא ידוע</UnitQty>
      <Quantity>150.00</Quantity>
      <UnitOfMeasure>לא ידוע</UnitOfMeasure>
      <bIsWeighted>0</bIsWeighted>
      <QtyInPackage>לא ידוע</QtyInPackage>
      <ItemPrice>14.90</ItemPrice>
      <UnitOfMeasurePrice>0.0993</UnitOfMeasurePrice>
      <AllowDiscount>1</AllowDiscount>
      <ItemStatus>1</ItemStatus>
      <ItemId>151009</ItemId>
    </Item>
    <Item>
      <PriceUpdateDate>2025-08-21 11:27:55</PriceUpdateDate>
      <ItemCode>7290000525969</ItemCode>
      <ItemType>1</ItemType>
      <ItemName>פרימור תפוזים 1ליטר</ItemName>
      <ManufacturerName>קריות זול</ManufacturerName>
      <ManufactureCountry>לא ידוע</ManufactureCountry>
      <ManufacturerItemDescription>פרימור תפוזים 1ליטר</ManufacturerItemDescription>
      <UnitQty>לא ידוע</UnitQty>
      <Quantity>1000.00</Quantity>
      <UnitOfMeasure>לא ידוע</UnitOfMeasure>
      <bIsWeighted>0</bIsWeighted>
      <QtyInPackage>לא ידוע</QtyInPackage>
      <ItemPrice>23.90</ItemPrice>
      <UnitOfMeasurePrice>0.0239</UnitOfMeasurePrice>
      <AllowDiscount>1</AllowDiscount>
      <ItemStatus>1</ItemStatus>
      <ItemId>151013</ItemId>
    </Item>
    <Item>
      <PriceUpdateDate>2025-06-23 14:29:55</PriceUpdateDate>
      <ItemCode>7290002824183</ItemCode>
      <ItemType>1</ItemType>
      <ItemName>גבינה לבנה 5% סקי 50</ItemName>
      <ManufacturerName>קריות זול</ManufacturerName>
      <ManufactureCountry>לא ידוע</ManufactureCountry>
      <ManufacturerItemDescription>גבינה לבנה 5% סקי 50</ManufacturerItemDescription>
      <UnitQty>לא ידוע</UnitQty>
      <Quantity>500.00</Quantity>
      <UnitOfMeasure>לא ידוע</UnitOfMeasure>
      <bIsWeighted>0</bIsWeighted>
      <QtyInPackage>לא ידוע</QtyInPackage>
      <ItemPrice>11.62</ItemPrice>
      <UnitOfMeasurePrice>0.0232</UnitOfMeasurePrice>
      <AllowDiscount>1</AllowDiscount>
      <ItemStatus>1</ItemStatus>
      <ItemId>151054</ItemId>
    </Item>
    <Item>
      <PriceUpdateDate>2025-08-21 11:27:56</PriceUpdateDate>
      <ItemCode>7290002824466</ItemCode>
      <ItemType>1</ItemType>
      <ItemName>דנונה יוגורט ביו 0%</ItemName>
      <ManufacturerName>קריות זול</ManufacturerName>
      <ManufactureCountry>לא ידוע</ManufactureCountry>
      <ManufacturerItemDescription>דנונה יוגורט ביו 0%</ManufacturerItemDescription>
      <UnitQty>לא ידוע</UnitQty>
      <Quantity>200.00</Quantity>
      <UnitOfMeasure>לא ידוע</UnitOfMeasure>
      <bIsWeighted>0</bIsWeighted>
      <QtyInPackage>לא ידוע</QtyInPackage>
      <ItemPrice>4.90</ItemPrice>
      <UnitOfMeasurePrice>0.0245</UnitOfMeasurePrice>
      <AllowDiscount>1</AllowDiscount>
      <ItemStatus>1</ItemStatus>
      <ItemId>151055</ItemId>
    </Item>
    <Item>
      <PriceUpdateDate>2025-06-23 14:29:55</PriceUpdateDate>
      <ItemCode>7290002824640</ItemCode>
      <ItemType>1</ItemType>
      <ItemName>גבינה 5% סקי 250 גרם</ItemName>
      <ManufacturerName>קריות זול</ManufacturerName>
      <ManufactureCountry>לא ידוע</ManufactureCountry>
      <ManufacturerItemDescription>גבינה 5% סקי 250 גרם</ManufacturerItemDescription>
      <UnitQty>לא ידוע</UnitQty>
      <Quantity>250.00</Quantity>
      <UnitOfMeasure>לא ידוע</UnitOfMeasure>
      <bIsWeighted>0</bIsWeighted>
      <QtyInPackage>לא ידוע</QtyInPackage>
      <ItemPrice>5.81</ItemPrice>
      <UnitOfMeasurePrice>0.0232</UnitOfMeasurePrice>
      <AllowDiscount>1</AllowDiscount>
      <ItemStatus>1</ItemStatus>
      <ItemId>151057</ItemId>
    </Item>
    <Item>
      <PriceUpdateDate>2025-08-21 11:27:56</PriceUpdateDate>
      <ItemCode>7290002825722</ItemCode>
      <ItemType>1</ItemType>
      <ItemName>כרוב אדום אחלה 500גר</ItemName>
      <ManufacturerName>קריות זול</ManufacturerName>
      <ManufactureCountry>לא ידוע</ManufactureCountry>
      <ManufacturerItemDescription>כרוב אדום אחלה 500גר</ManufacturerItemDescription>
      <UnitQty>לא ידוע</UnitQty>
      <Quantity>500.00</Quantity>
      <UnitOfMeasure>לא ידוע</UnitOfMeasure>
      <bIsWeighted>0</bIsWeighted>
      <QtyInPackage>לא ידוע</QtyInPackage>
      <ItemPrice>17.90</ItemPrice>
      <UnitOfMeasurePrice>0.0358</UnitOfMeasurePrice>
      <AllowDiscount>1</AllowDiscount>
      <ItemStatus>1</ItemStatus>
      <ItemId>151061</ItemId>
    </Item>
    <Item>
      <PriceUpdateDate>2025-08-21 11:27:57</PriceUpdateDate>
      <ItemCode>7290002987963</ItemCode>
      <ItemType>1</ItemType>
      <ItemName>סלט חומוס אחלה 1ק"ג</ItemName>
      <ManufacturerName>קריות זול</ManufacturerName>
      <ManufactureCountry>לא ידוע</ManufactureCountry>
      <ManufacturerItemDescription>סלט חומוס אחלה 1ק"ג</ManufacturerItemDescription>
      <UnitQty>קילוגרמים</UnitQty>
      <Quantity>1.00</Quantity>
      <UnitOfMeasure>ק"ג     </UnitOfMeasure>
      <bIsWeighted>0</bIsWeighted>
      <QtyInPackage>לא ידוע</QtyInPackage>
      <ItemPrice>18.90</ItemPrice>
      <UnitOfMeasurePrice>18.9000</UnitOfMeasurePrice>
      <AllowDiscount>1</AllowDiscount>
      <ItemStatus>1</ItemStatus>
      <ItemId>151065</ItemId>
    </Item>
    <Item>
      <PriceUpdateDate>2025-08-21 11:27:57</PriceUpdateDate>
      <ItemCode>7290003029181</ItemCode>
      <ItemType>1</ItemType>
      <ItemName>שוקו 2% בבקבוק יטבתה</ItemName>
      <ManufacturerName>קריות זול</ManufacturerName>
      <ManufactureCountry>לא ידוע</ManufactureCountry>
      <ManufacturerItemDescription>שוקו 2% בבקבוק יטבתה</ManufacturerItemDescription>
      <UnitQty>לא ידוע</UnitQty>
      <Quantity>1000.00</Quantity>
      <UnitOfMeasure>לא ידוע</UnitOfMeasure>
      <bIsWeighted>0</bIsWeighted>
      <QtyInPackage>לא ידוע</QtyInPackage>
      <ItemPrice>13.50</ItemPrice>
      <UnitOfMeasurePrice>0.0135</UnitOfMeasurePrice>
      <AllowDiscount>1</AllowDiscount>
      <ItemStatus>1</ItemStatus>
      <ItemId>151070</ItemId>
    </Item>
    <Item>
      <PriceUpdateDate>2025-08-21 11:27:58</PriceUpdateDate>
      <ItemCode>7290003029372</ItemCode>
      <ItemType>1</ItemType>
      <ItemName>משקה חלב בטעם בננה י</ItemName>
      <ManufacturerName>קריות זול</ManufacturerName>
      <ManufactureCountry>לא ידוע</ManufactureCountry>
      <ManufacturerItemDescription>משקה חלב בטעם בננה י</ManufacturerItemDescription>
      <UnitQty>לא ידוע</UnitQty>
      <Quantity>1000.00</Quantity>
      <UnitOfMeasure>לא ידוע</UnitOfMeasure>
      <bIsWeighted>0</bIsWeighted>
      <QtyInPackage>לא ידוע</QtyInPackage>
      <ItemPrice>13.50</ItemPrice>
      <UnitOfMeasurePrice>0.0135</UnitOfMeasurePrice>
      <AllowDiscount>1</AllowDiscount>
      <ItemStatus>1</ItemStatus>
      <ItemId>151074</ItemId>
    </Item>
    <Item>
      <PriceUpdateDate>2025-08-21 11:27:58</PriceUpdateDate>
      <ItemCode>7290003029389</ItemCode>
      <ItemType>1</ItemType>
      <ItemName>משקה חלב בננה יטבתה</ItemName>
      <ManufacturerName>קריות זול</ManufacturerName>
      <ManufactureCountry>לא ידוע</ManufactureCountry>
      <ManufacturerItemDescription>משקה חלב בננה יטבתה</ManufacturerItemDescription>
      <UnitQty>לא ידוע</UnitQty>
      <Quantity>250.00</Quantity>
      <UnitOfMeasure>לא ידוע</UnitOfMeasure>
      <bIsWeighted>0</bIsWeighted>
      <QtyInPackage>לא ידוע</QtyInPackage>
      <ItemPrice>6.50</ItemPrice>
      <UnitOfMeasurePrice>0.0260</UnitOfMeasurePrice>
      <AllowDiscount>1</AllowDiscount>
      <ItemStatus>1</ItemStatus>
      <ItemId>151075</ItemId>
    </Item>
    <Item>
      <PriceUpdateDate>2025-08-21 11:27:58</PriceUpdateDate>
      <ItemCode>7290003029433</ItemCode>
      <ItemType>1</ItemType>
      <ItemName>שוקו יטבתה 250מל</ItemName>
      <ManufacturerName>קריות זול</ManufacturerName>
      <ManufactureCountry>לא ידוע</ManufactureCountry>
      <ManufacturerItemDescription>שוקו יטבתה 250מל</ManufacturerItemDescription>
      <UnitQty>לא ידוע</UnitQty>
      <Quantity>250.00</Quantity>
      <UnitOfMeasure>לא ידוע</UnitOfMeasure>
      <bIsWeighted>0</bIsWeighted>
      <QtyInPackage>לא ידוע</QtyInPackage>
      <ItemPrice>6.50</ItemPrice>
      <UnitOfMeasurePrice>0.0260</UnitOfMeasurePrice>
      <AllowDiscount>1</AllowDiscount>
      <ItemStatus>1</ItemStatus>
      <ItemId>151078</ItemId>
    </Item>
    <Item>
      <PriceUpdateDate>2025-08-21 11:27:58</PriceUpdateDate>
      <ItemCode>7290003029532</ItemCode>
      <ItemType>1</ItemType>
      <ItemName>משקה מוקה 2% יטבתה 1</ItemName>
      <ManufacturerName>קריות זול</ManufacturerName>
      <ManufactureCountry>לא ידוע</ManufactureCountry>
      <ManufacturerItemDescription>משקה מוקה 2% יטבתה 1</ManufacturerItemDescription>
      <UnitQty>לא ידוע</UnitQty>
      <Quantity>1000.00</Quantity>
      <UnitOfMeasure>לא ידוע</UnitOfMeasure>
      <bIsWeighted>0</bIsWeighted>
      <QtyInPackage>לא ידוע</QtyInPackage>
      <ItemPrice>13.50</ItemPrice>
      <UnitOfMeasurePrice>0.0135</UnitOfMeasurePrice>
      <AllowDiscount>1</AllowDiscount>
      <ItemStatus>1</ItemStatus>
      <ItemId>151080</ItemId>
    </Item>
    <Item>
      <PriceUpdateDate>2025-08-21 11:27:59</PriceUpdateDate>
      <ItemCode>7290003029792</ItemCode>
      <ItemType>1</ItemType>
      <ItemName>שוקו 2% יטבתה 225x8</ItemName>
      <ManufacturerName>קריות זול</ManufacturerName>
      <ManufactureCountry>לא ידוע</ManufactureCountry>
      <ManufacturerItemDescription>שוקו 2% יטבתה 225x8</ManufacturerItemDescription>
      <UnitQty>לא ידוע</UnitQty>
      <Quantity>1800.00</Quantity>
      <UnitOfMeasure>לא ידוע</UnitOfMeasure>
      <bIsWeighted>0</bIsWeighted>
      <QtyInPackage>לא ידוע</QtyInPackage>
      <ItemPrice>23.90</ItemPrice>
      <UnitOfMeasurePrice>0.0133</UnitOfMeasurePrice>
      <AllowDiscount>1</AllowDiscount>
      <ItemStatus>1</ItemStatus>
      <ItemId>151084</ItemId>
    </Item>
    <Item>
      <PriceUpdateDate>2025-08-21 11:27:59</PriceUpdateDate>
      <ItemCode>7290003029815</ItemCode>
      <ItemType>1</ItemType>
      <ItemName>חלב מועשר 3% בכד יטב</ItemName>
      <ManufacturerName>קריות זול</ManufacturerName>
      <ManufactureCountry>לא ידוע</ManufactureCountry>
      <ManufacturerItemDescription>חלב מועשר 3% בכד יטב</ManufacturerItemDescription>
      <UnitQty>לא ידוע</UnitQty>
      <Quantity>2000.00</Quantity>
      <UnitOfMeasure>לא ידוע</UnitOfMeasure>
      <bIsWeighted>0</bIsWeighted>
      <QtyInPackage>לא ידוע</QtyInPackage>
      <ItemPrice>20.20</ItemPrice>
      <UnitOfMeasurePrice>0.0101</UnitOfMeasurePrice>
      <AllowDiscount>1</AllowDiscount>
      <ItemStatus>1</ItemStatus>
      <ItemId>151085</ItemId>
    </Item>
    <Item>
      <PriceUpdateDate>2025-08-21 11:27:59</PriceUpdateDate>
      <ItemCode>7290003029907</ItemCode>
      <ItemType>1</ItemType>
      <ItemName>משקה חלב בטעם אייס ק</ItemName>
      <ManufacturerName>קריות זול</ManufacturerName>
      <ManufactureCountry>לא ידוע</ManufactureCountry>
      <ManufacturerItemDescription>משקה חלב בטעם אייס ק</ManufacturerItemDescription>
      <UnitQty>לא ידוע</UnitQty>
      <Quantity>1000.00</Quantity>
      <UnitOfMeasure>לא ידוע</UnitOfMeasure>
      <bIsWeighted>0</bIsWeighted>
      <QtyInPackage>לא ידוע</QtyInPackage>
      <ItemPrice>13.50</ItemPrice>
      <UnitOfMeasurePrice>0.0135</UnitOfMeasurePrice>
      <AllowDiscount>1</AllowDiscount>
      <ItemStatus>1</ItemStatus>
      <ItemId>151089</ItemId>
    </Item>
    <Item>
      <PriceUpdateDate>2025-08-19 11:28:21</PriceUpdateDate>
      <ItemCode>7290003229109</ItemCode>
      <ItemType>1</ItemType>
      <ItemName>פסטרמה בפפריקה 400 ג</ItemName>
      <ManufacturerName>לא ידוע</ManufacturerName>
      <ManufactureCountry>לא ידוע</ManufactureCountry>
      <ManufacturerItemDescription>פסטרמה בפפריקה 400 ג</ManufacturerItemDescription>
      <UnitQty>לא ידוע</UnitQty>
      <Quantity>400.00</Quantity>
      <UnitOfMeasure>לא ידוע</UnitOfMeasure>
      <bIsWeighted>0</bIsWeighted>
      <QtyInPackage>לא ידוע</QtyInPackage>
      <ItemPrice>37.90</ItemPrice>
      <UnitOfMeasurePrice>0.0947</UnitOfMeasurePrice>
      <AllowDiscount>1</AllowDiscount>
      <ItemStatus>1</ItemStatus>
      <ItemId>151095</ItemId>
    </Item>
    <Item>
      <PriceUpdateDate>2025-08-21 11:27:59</PriceUpdateDate>
      <ItemCode>7290003321155</ItemCode>
      <ItemType>1</ItemType>
      <ItemName>דנונה בר פקאן 183גר</ItemName>
      <ManufacturerName>קריות זול</ManufacturerName>
      <ManufactureCountry>לא ידוע</ManufactureCountry>
      <ManufacturerItemDescription>דנונה בר פקאן 183גר</ManufacturerItemDescription>
      <UnitQty>לא ידוע</UnitQty>
      <Quantity>183.00</Quantity>
      <UnitOfMeasure>לא ידוע</UnitOfMeasure>
      <bIsWeighted>0</bIsWeighted>
      <QtyInPackage>לא ידוע</QtyInPackage>
      <ItemPrice>6.00</ItemPrice>
      <UnitOfMeasurePrice>0.0328</UnitOfMeasurePrice>
      <AllowDiscount>1</AllowDiscount>
      <ItemStatus>1</ItemStatus>
      <ItemId>151098</ItemId>
    </Item>
    <Item>
      <PriceUpdateDate>2025-08-21 11:28:00</PriceUpdateDate>
      <ItemCode>7290003989096</ItemCode>
      <ItemType>1</ItemType>
      <ItemName>חציל פיקנטי אחלה 500</ItemName>
      <ManufacturerName>קריות זול</ManufacturerName>
      <ManufactureCountry>לא ידוע</ManufactureCountry>
      <ManufacturerItemDescription>חציל פיקנטי אחלה 500</ManufacturerItemDescription>
      <UnitQty>לא ידוע</UnitQty>
      <Quantity>500.00</Quantity>
      <UnitOfMeasure>לא ידוע</UnitOfMeasure>
      <bIsWeighted>0</bIsWeighted>
      <QtyInPackage>לא ידוע</QtyInPackage>
      <ItemPrice>18.50</ItemPrice>
      <UnitOfMeasurePrice>0.0370</UnitOfMeasurePrice>
      <AllowDiscount>1</AllowDiscount>
      <ItemStatus>1</ItemStatus>
      <ItemId>151106</ItemId>
    </Item>
    <Item>
      <PriceUpdateDate>2025-08-21 11:28:01</PriceUpdateDate>
      <ItemCode>7290003989539</ItemCode>
      <ItemType>1</ItemType>
      <ItemName>רביולי גבינה שטראוס</ItemName>
      <ManufacturerName>קריות זול</ManufacturerName>
      <ManufactureCountry>לא ידוע</ManufactureCountry>
      <ManufacturerItemDescription>רביולי גבינה שטראוס</ManufacturerItemDescription>
      <UnitQty>לא ידוע</UnitQty>
      <Quantity>400.00</Quantity>
      <UnitOfMeasure>לא ידוע</UnitOfMeasure>
      <bIsWeighted>0</bIsWeighted>
      <QtyInPackage>לא ידוע</QtyInPackage>
      <ItemPrice>22.90</ItemPrice>
      <UnitOfMeasurePrice>0.0572</UnitOfMeasurePrice>
      <AllowDiscount>1</AllowDiscount>
      <ItemStatus>1</ItemStatus>
      <ItemId>151107</ItemId>
    </Item>
    <Item>
      <PriceUpdateDate>2025-08-21 11:28:01</PriceUpdateDate>
      <ItemCode>7290004584351</ItemCode>
      <ItemType>1</ItemType>
      <ItemName>סימפוניה במרקם שמנת</ItemName>
      <ManufacturerName>קריות זול</ManufacturerName>
      <ManufactureCountry>לא ידוע</ManufactureCountry>
      <ManufacturerItemDescription>סימפוניה במרקם שמנת</ManufacturerItemDescription>
      <UnitQty>לא ידוע</UnitQty>
      <Quantity>200.00</Quantity>
      <UnitOfMeasure>לא ידוע</UnitOfMeasure>
      <bIsWeighted>0</bIsWeighted>
      <QtyInPackage>לא ידוע</QtyInPackage>
      <ItemPrice>12.50</ItemPrice>
      <UnitOfMeasurePrice>0.0625</UnitOfMeasurePrice>
      <AllowDiscount>1</AllowDiscount>
      <ItemStatus>1</ItemStatus>
      <ItemId>151120</ItemId>
    </Item>
    <Item>
      <PriceUpdateDate>2025-08-21 11:28:01</PriceUpdateDate>
      <ItemCode>7290004584528</ItemCode>
      <ItemType>1</ItemType>
      <ItemName>דנונה ביו 1.5% 200גר</ItemName>
      <ManufacturerName>קריות זול</ManufacturerName>
      <ManufactureCountry>לא ידוע</ManufactureCountry>
      <ManufacturerItemDescription>דנונה ביו 1.5% 200גר</ManufacturerItemDescription>
      <UnitQty>לא ידוע</UnitQty>
      <Quantity>200.00</Quantity>
      <UnitOfMeasure>לא ידוע</UnitOfMeasure>
      <bIsWeighted>0</bIsWeighted>
      <QtyInPackage>לא ידוע</QtyInPackage>
      <ItemPrice>4.90</ItemPrice>
      <UnitOfMeasurePrice>0.0245</UnitOfMeasurePrice>
      <AllowDiscount>1</AllowDiscount>
      <ItemStatus>1</ItemStatus>
      <ItemId>151121</ItemId>
    </Item>
    <Item>
      <PriceUpdateDate>2025-08-21 11:28:01</PriceUpdateDate>
      <ItemCode>7290004585907</ItemCode>
      <ItemType>1</ItemType>
      <ItemName>דני וניל 125 גר</ItemName>
      <ManufacturerName>קריות זול</ManufacturerName>
      <ManufactureCountry>לא ידוע</ManufactureCountry>
      <ManufacturerItemDescription>דני וניל 125 גר</ManufacturerItemDescription>
      <UnitQty>לא ידוע</UnitQty>
      <Quantity>125.00</Quantity>
      <UnitOfMeasure>לא ידוע</UnitOfMeasure>
      <bIsWeighted>0</bIsWeighted>
      <QtyInPackage>לא ידוע</QtyInPackage>
      <ItemPrice>3.50</ItemPrice>
      <UnitOfMeasurePrice>0.0280</UnitOfMeasurePrice>
      <AllowDiscount>1</AllowDiscount>
      <ItemStatus>1</ItemStatus>
      <ItemId>151124</ItemId>
    </Item>
    <Item>
      <PriceUpdateDate>2025-08-21 11:28:01</PriceUpdateDate>
      <ItemCode>7290005174513</ItemCode>
      <ItemType>1</ItemType>
      <ItemName>חציל במיונז אחלה 500</ItemName>
      <ManufacturerName>קריות זול</ManufacturerName>
      <ManufactureCountry>לא ידוע</ManufactureCountry>
      <ManufacturerItemDescription>חציל במיונז אחלה 500</ManufacturerItemDescription>
      <UnitQty>לא ידוע</UnitQty>
      <Quantity>500.00</Quantity>
      <UnitOfMeasure>לא ידוע</UnitOfMeasure>
      <bIsWeighted>0</bIsWeighted>
      <QtyInPackage>לא ידוע</QtyInPackage>
      <ItemPrice>17.50</ItemPrice>
      <UnitOfMeasurePrice>0.0350</UnitOfMeasurePrice>
      <AllowDiscount>1</AllowDiscount>
      <ItemStatus>1</ItemStatus>
      <ItemId>151127</ItemId>
    </Item>
    <Item>
      <PriceUpdateDate>2025-08-21 11:28:02</PriceUpdateDate>
      <ItemCode>7290005174551</ItemCode>
      <ItemType>1</ItemType>
      <ItemName>סלט חומוס אחלה 125גר</ItemName>
      <ManufacturerName>קריות זול</ManufacturerName>
      <ManufactureCountry>לא ידוע</ManufactureCountry>
      <ManufacturerItemDescription>סלט חומוס אחלה 125גר</ManufacturerItemDescription>
      <UnitQty>לא ידוע</UnitQty>
      <Quantity>125.00</Quantity>
      <UnitOfMeasure>לא ידוע</UnitOfMeasure>
      <bIsWeighted>0</bIsWeighted>
      <QtyInPackage>לא ידוע</QtyInPackage>
      <ItemPrice>6.90</ItemPrice>
      <UnitOfMeasurePrice>0.0552</UnitOfMeasurePrice>
      <AllowDiscount>1</AllowDiscount>
      <ItemStatus>1</ItemStatus>
      <ItemId>151128</ItemId>
    </Item>
    <Item>
      <PriceUpdateDate>2025-08-21 11:28:02</PriceUpdateDate>
      <ItemCode>7290005174575</ItemCode>
      <ItemType>1</ItemType>
      <ItemName>סלט טחינה אחלה 125גר</ItemName>
      <ManufacturerName>קריות זול</ManufacturerName>
      <ManufactureCountry>לא ידוע</ManufactureCountry>
      <ManufacturerItemDescription>סלט טחינה אחלה 125גר</ManufacturerItemDescription>
      <UnitQty>לא ידוע</UnitQty>
      <Quantity>125.00</Quantity>
      <UnitOfMeasure>לא ידוע</UnitOfMeasure>
      <bIsWeighted>0</bIsWeighted>
      <QtyInPackage>לא ידוע</QtyInPackage>
      <ItemPrice>6.90</ItemPrice>
      <UnitOfMeasurePrice>0.0552</UnitOfMeasurePrice>
      <AllowDiscount>1</AllowDiscount>
      <ItemStatus>1</ItemStatus>
      <ItemId>151130</ItemId>
    </Item>
    <Item>
      <PriceUpdateDate>2025-08-21 11:28:02</PriceUpdateDate>
      <ItemCode>7290005838002</ItemCode>
      <ItemType>1</ItemType>
      <ItemName>דניאלה מעדן בטעם וני</ItemName>
      <ManufacturerName>קריות זול</ManufacturerName>
      <ManufactureCountry>לא ידוע</ManufactureCountry>
      <ManufacturerItemDescription>דניאלה מעדן בטעם וני</ManufacturerItemDescription>
      <UnitQty>לא ידוע</UnitQty>
      <Quantity>150.00</Quantity>
      <UnitOfMeasure>לא ידוע</UnitOfMeasure>
      <bIsWeighted>0</bIsWeighted>
      <QtyInPackage>לא ידוע</QtyInPackage>
      <ItemPrice>4.50</ItemPrice>
      <UnitOfMeasurePrice>0.0300</UnitOfMeasurePrice>
      <AllowDiscount>1</AllowDiscount>
      <ItemStatus>1</ItemStatus>
      <ItemId>151137</ItemId>
    </Item>
    <Item>
      <PriceUpdateDate>2025-08-21 11:28:02</PriceUpdateDate>
      <ItemCode>7290005838613</ItemCode>
      <ItemType>1</ItemType>
      <ItemName>קרם גבינה 3% בטעם ונ</ItemName>
      <ManufacturerName>קריות זול</ManufacturerName>
      <ManufactureCountry>לא ידוע</ManufactureCountry>
      <ManufacturerItemDescription>קרם גבינה 3% בטעם ונ</ManufacturerItemDescription>
      <UnitQty>לא ידוע</UnitQty>
      <Quantity>125.00</Quantity>
      <UnitOfMeasure>לא ידוע</UnitOfMeasure>
      <bIsWeighted>0</bIsWeighted>
      <QtyInPackage>לא ידוע</QtyInPackage>
      <ItemPrice>4.90</ItemPrice>
      <UnitOfMeasurePrice>0.0392</UnitOfMeasurePrice>
      <AllowDiscount>1</AllowDiscount>
      <ItemStatus>1</ItemStatus>
      <ItemId>151140</ItemId>
    </Item>
    <Item>
      <PriceUpdateDate>2025-08-21 11:28:03</PriceUpdateDate>
      <ItemCode>7290005838972</ItemCode>
      <ItemType>1</ItemType>
      <ItemName>סקי גבינת לבנה 5% 12</ItemName>
      <ManufacturerName>קריות זול</ManufacturerName>
      <ManufactureCountry>לא ידוע</ManufactureCountry>
      <ManufacturerItemDescription>סקי גבינת לבנה 5% 12</ManufacturerItemDescription>
      <UnitQty>לא ידוע</UnitQty>
      <Quantity>125.00</Quantity>
      <UnitOfMeasure>לא ידוע</UnitOfMeasure>
      <bIsWeighted>0</bIsWeighted>
      <QtyInPackage>לא ידוע</QtyInPackage>
      <ItemPrice>3.90</ItemPrice>
      <UnitOfMeasurePrice>0.0312</UnitOfMeasurePrice>
      <AllowDiscount>1</AllowDiscount>
      <ItemStatus>1</ItemStatus>
      <ItemId>151141</ItemId>
    </Item>
    <Item>
      <PriceUpdateDate>2025-08-21 11:28:03</PriceUpdateDate>
      <ItemCode>7290005839078</ItemCode>
      <ItemType>1</ItemType>
      <ItemName>דנונה ביו מארז שמיני</ItemName>
      <ManufacturerName>לא ידוע</ManufacturerName>
      <ManufactureCountry>לא ידוע</ManufactureCountry>
      <ManufacturerItemDescription>דנונה ביו מארז שמיני</ManufacturerItemDescription>
      <UnitQty>לא ידוע</UnitQty>
      <Quantity>1200.00</Quantity>
      <UnitOfMeasure>לא ידוע</UnitOfMeasure>
      <bIsWeighted>0</bIsWeighted>
      <QtyInPackage>לא ידוע</QtyInPackage>
      <ItemPrice>22.50</ItemPrice>
      <UnitOfMeasurePrice>0.0188</UnitOfMeasurePrice>
      <AllowDiscount>1</AllowDiscount>
      <ItemStatus>1</ItemStatus>
      <ItemId>151142</ItemId>
    </Item>
    <Item>
      <PriceUpdateDate>2025-08-21 11:28:03</PriceUpdateDate>
      <ItemCode>7290005839108</ItemCode>
      <ItemType>1</ItemType>
      <ItemName>סימפוניה זיתים 5% 20</ItemName>
      <ManufacturerName>קריות זול</ManufacturerName>
      <ManufactureCountry>לא ידוע</ManufactureCountry>
      <ManufacturerItemDescription>סימפוניה זיתים 5% 20</ManufacturerItemDescription>
      <UnitQty>לא ידוע</UnitQty>
      <Quantity>200.00</Quantity>
      <UnitOfMeasure>לא ידוע</UnitOfMeasure>
      <bIsWeighted>0</bIsWeighted>
      <QtyInPackage>לא ידוע</QtyInPackage>
      <ItemPrice>12.50</ItemPrice>
      <UnitOfMeasurePrice>0.0625</UnitOfMeasurePrice>
      <AllowDiscount>1</AllowDiscount>
      <ItemStatus>1</ItemStatus>
      <ItemId>151143</ItemId>
    </Item>
    <Item>
      <PriceUpdateDate>2025-08-21 11:28:03</PriceUpdateDate>
      <ItemCode>7290005839313</ItemCode>
      <ItemType>1</ItemType>
      <ItemName>מילקי טופ מגולגלת 14</ItemName>
      <ManufacturerName>קריות זול</ManufacturerName>
      <ManufactureCountry>לא ידוע</ManufactureCountry>
      <ManufacturerItemDescription>מילקי טופ מגולגלת 14</ManufacturerItemDescription>
      <UnitQty>לא ידוע</UnitQty>
      <Quantity>142.00</Quantity>
      <UnitOfMeasure>לא ידוע</UnitOfMeasure>
      <bIsWeighted>0</bIsWeighted>
      <QtyInPackage>לא ידוע</QtyInPackage>
      <ItemPrice>5.50</ItemPrice>
      <UnitOfMeasurePrice>0.0387</UnitOfMeasurePrice>
      <AllowDiscount>1</AllowDiscount>
      <ItemStatus>1</ItemStatus>
      <ItemId>151144</ItemId>
    </Item>
    <Item>
      <PriceUpdateDate>2025-06-03 13:45:40</PriceUpdateDate>
      <ItemCode>7290006664402</ItemCode>
      <ItemType>1</ItemType>
      <ItemName>גבינה לבנה סקי 5% 75</ItemName>
      <ManufacturerName>קריות זול</ManufacturerName>
      <ManufactureCountry>לא ידוע</ManufactureCountry>
      <ManufacturerItemDescription>גבינה לבנה סקי 5% 75</ManufacturerItemDescription>
      <UnitQty>לא ידוע</UnitQty>
      <Quantity>750.00</Quantity>
      <UnitOfMeasure>לא ידוע</UnitOfMeasure>
      <bIsWeighted>0</bIsWeighted>
      <QtyInPackage>לא ידוע</QtyInPackage>
      <ItemPrice>17.43</ItemPrice>
      <UnitOfMeasurePrice>0.0232</UnitOfMeasurePrice>
      <AllowDiscount>1</AllowDiscount>
      <ItemStatus>1</ItemStatus>
      <ItemId>151188</ItemId>
    </Item>
    <Item>
      <PriceUpdateDate>2025-08-21 11:28:03</PriceUpdateDate>
      <ItemCode>7290006664532</ItemCode>
      <ItemType>1</ItemType>
      <ItemName>דנונה תות 3% 150 מל</ItemName>
      <ManufacturerName>קריות זול</ManufacturerName>
      <ManufactureCountry>לא ידוע</ManufactureCountry>
      <ManufacturerItemDescription>דנונה תות 3% 150 מל</ManufacturerItemDescription>
      <UnitQty>לא ידוע</UnitQty>
      <Quantity>150.00</Quantity>
      <UnitOfMeasure>לא ידוע</UnitOfMeasure>
      <bIsWeighted>0</bIsWeighted>
      <QtyInPackage>לא ידוע</QtyInPackage>
      <ItemPrice>5.50</ItemPrice>
      <UnitOfMeasurePrice>0.0367</UnitOfMeasurePrice>
      <AllowDiscount>1</AllowDiscount>
      <ItemStatus>1</ItemStatus>
      <ItemId>151191</ItemId>
    </Item>
    <Item>
      <PriceUpdateDate>2025-08-21 11:28:04</PriceUpdateDate>
      <ItemCode>7290006664655</ItemCode>
      <ItemType>1</ItemType>
      <ItemName>?אקטימל דנונה 100x8</ItemName>
      <ManufacturerName>קריות זול</ManufacturerName>
      <ManufactureCountry>לא ידוע</ManufactureCountry>
      <ManufacturerItemDescription>?אקטימל דנונה 100x8</ManufacturerItemDescription>
      <UnitQty>לא ידוע</UnitQty>
      <Quantity>800.00</Quantity>
      <UnitOfMeasure>לא ידוע</UnitOfMeasure>
      <bIsWeighted>0</bIsWeighted>
      <QtyInPackage>לא ידוע</QtyInPackage>
      <ItemPrice>22.90</ItemPrice>
      <UnitOfMeasurePrice>0.0286</UnitOfMeasurePrice>
      <AllowDiscount>1</AllowDiscount>
      <ItemStatus>1</ItemStatus>
      <ItemId>151194</ItemId>
    </Item>
    <Item>
      <PriceUpdateDate>2025-08-21 11:28:04</PriceUpdateDate>
      <ItemCode>7290006664693</ItemCode>
      <ItemType>1</ItemType>
      <ItemName>דנונה אפרסק 3% 150גר</ItemName>
      <ManufacturerName>קריות זול</ManufacturerName>
      <ManufactureCountry>לא ידוע</ManufactureCountry>
      <ManufacturerItemDescription>דנונה אפרסק 3% 150גר</ManufacturerItemDescription>
      <UnitQty>לא ידוע</UnitQty>
      <Quantity>150.00</Quantity>
      <UnitOfMeasure>לא ידוע</UnitOfMeasure>
      <bIsWeighted>0</bIsWeighted>
      <QtyInPackage>לא ידוע</QtyInPackage>
      <ItemPrice>5.50</ItemPrice>
      <UnitOfMeasurePrice>0.0367</UnitOfMeasurePrice>
      <AllowDiscount>1</AllowDiscount>
      <ItemStatus>1</ItemStatus>
      <ItemId>151196</ItemId>
    </Item>
    <Item>
      <PriceUpdateDate>2025-08-21 11:28:04</PriceUpdateDate>
      <ItemCode>7290006664990</ItemCode>
      <ItemType>1</ItemType>
      <ItemName>דנונה ביו מארז שמיני</ItemName>
      <ManufacturerName>לא ידוע</ManufacturerName>
      <ManufactureCountry>לא ידוע</ManufactureCountry>
      <ManufacturerItemDescription>דנונה ביו מארז שמיני</ManufacturerItemDescription>
      <UnitQty>לא ידוע</UnitQty>
      <Quantity>1200.00</Quantity>
      <UnitOfMeasure>לא ידוע</UnitOfMeasure>
      <bIsWeighted>0</bIsWeighted>
      <QtyInPackage>לא ידוע</QtyInPackage>
      <ItemPrice>22.50</ItemPrice>
      <UnitOfMeasurePrice>0.0188</UnitOfMeasurePrice>
      <AllowDiscount>1</AllowDiscount>
      <ItemStatus>1</ItemStatus>
      <ItemId>151200</ItemId>
    </Item>
    <Item>
      <PriceUpdateDate>2025-08-21 11:28:04</PriceUpdateDate>
      <ItemCode>7290006866363</ItemCode>
      <ItemType>1</ItemType>
      <ItemName>מיץ אשכולית אדומות ס</ItemName>
      <ManufacturerName>קריות זול</ManufacturerName>
      <ManufactureCountry>לא ידוע</ManufactureCountry>
      <ManufacturerItemDescription>מיץ אשכולית אדומות ס</ManufacturerItemDescription>
      <UnitQty>לא ידוע</UnitQty>
      <Quantity>1000.00</Quantity>
      <UnitOfMeasure>לא ידוע</UnitOfMeasure>
      <bIsWeighted>0</bIsWeighted>
      <QtyInPackage>לא ידוע</QtyInPackage>
      <ItemPrice>18.90</ItemPrice>
      <UnitOfMeasurePrice>0.0189</UnitOfMeasurePrice>
      <AllowDiscount>1</AllowDiscount>
      <ItemStatus>1</ItemStatus>
      <ItemId>151215</ItemId>
    </Item>
    <Item>
      <PriceUpdateDate>2024-12-01 07:59:09</PriceUpdateDate>
      <ItemCode>7290008644235</ItemCode>
      <ItemType>1</ItemType>
      <ItemName>עלי בייבי טעם הטבע</ItemName>
      <ManufacturerName>קריות זול</ManufacturerName>
      <ManufactureCountry>ישראל</ManufactureCountry>
      <ManufacturerItemDescription>עלי בייבי טעם הטבע</ManufacturerItemDescription>
      <UnitQty>לא ידוע</UnitQty>
      <Quantity>120.00</Quantity>
      <UnitOfMeasure>לא ידוע</UnitOfMeasure>
      <bIsWeighted>0</bIsWeighted>
      <QtyInPackage>לא ידוע</QtyInPackage>
      <ItemPrice>10.90</ItemPrice>
      <UnitOfMeasurePrice>0.0908</UnitOfMeasurePrice>
      <AllowDiscount>1</AllowDiscount>
      <ItemStatus>1</ItemStatus>
      <ItemId>151231</ItemId>
    </Item>
    <Item>
      <PriceUpdateDate>2025-08-18 14:04:04</PriceUpdateDate>
      <ItemCode>7290008644945</ItemCode>
      <ItemType>1</ItemType>
      <ItemName>סלט המושבה ירקות  45</ItemName>
      <ManufacturerName>לא ידוע</ManufacturerName>
      <ManufactureCountry>לא ידוע</ManufactureCountry>
      <ManufacturerItemDescription>סלט המושבה ירקות  45</ManufacturerItemDescription>
      <UnitQty>לא ידוע</UnitQty>
      <Quantity>450.00</Quantity>
      <UnitOfMeasure>לא ידוע</UnitOfMeasure>
      <bIsWeighted>0</bIsWeighted>
      <QtyInPackage>לא ידוע</QtyInPackage>
      <ItemPrice>14.90</ItemPrice>
      <UnitOfMeasurePrice>0.0331</UnitOfMeasurePrice>
      <AllowDiscount>1</AllowDiscount>
      <ItemStatus>1</ItemStatus>
      <ItemId>151239</ItemId>
    </Item>
    <Item>
      <PriceUpdateDate>2025-08-21 11:28:05</PriceUpdateDate>
      <ItemCode>7290008693134</ItemCode>
      <ItemType>1</ItemType>
      <ItemName>דניאלה מעדן בטעם תות</ItemName>
      <ManufacturerName>קריות זול</ManufacturerName>
      <ManufactureCountry>לא ידוע</ManufactureCountry>
      <ManufacturerItemDescription>דניאלה מעדן בטעם תות</ManufacturerItemDescription>
      <UnitQty>לא ידוע</UnitQty>
      <Quantity>150.00</Quantity>
      <UnitOfMeasure>לא ידוע</UnitOfMeasure>
      <bIsWeighted>0</bIsWeighted>
      <QtyInPackage>לא ידוע</QtyInPackage>
      <ItemPrice>4.50</ItemPrice>
      <UnitOfMeasurePrice>0.0300</UnitOfMeasurePrice>
      <AllowDiscount>1</AllowDiscount>
      <ItemStatus>1</ItemStatus>
      <ItemId>151251</ItemId>
    </Item>
    <Item>
      <PriceUpdateDate>2025-08-21 11:28:05</PriceUpdateDate>
      <ItemCode>7290010471669</ItemCode>
      <ItemType>1</ItemType>
      <ItemName>דנונה בר תות קורנפלק</ItemName>
      <ManufacturerName>קריות זול</ManufacturerName>
      <ManufactureCountry>לא ידוע</ManufactureCountry>
      <ManufacturerItemDescription>דנונה בר תות קורנפלק</ManufacturerItemDescription>
      <UnitQty>לא ידוע</UnitQty>
      <Quantity>173.00</Quantity>
      <UnitOfMeasure>לא ידוע</UnitOfMeasure>
      <bIsWeighted>0</bIsWeighted>
      <QtyInPackage>לא ידוע</QtyInPackage>
      <ItemPrice>6.00</ItemPrice>
      <UnitOfMeasurePrice>0.0347</UnitOfMeasurePrice>
      <AllowDiscount>1</AllowDiscount>
      <ItemStatus>1</ItemStatus>
      <ItemId>151268</ItemId>
    </Item>
    <Item>
      <PriceUpdateDate>2025-08-21 11:28:05</PriceUpdateDate>
      <ItemCode>7290010931330</ItemCode>
      <ItemType>1</ItemType>
      <ItemName>סלט מטבוחה אחלה 500ג</ItemName>
      <ManufacturerName>קריות זול</ManufacturerName>
      <ManufactureCountry>לא ידוע</ManufactureCountry>
      <ManufacturerItemDescription>סלט מטבוחה אחלה 500ג</ManufacturerItemDescription>
      <UnitQty>לא ידוע</UnitQty>
      <Quantity>500.00</Quantity>
      <UnitOfMeasure>לא ידוע</UnitOfMeasure>
      <bIsWeighted>0</bIsWeighted>
      <QtyInPackage>לא ידוע</QtyInPackage>
      <ItemPrice>17.90</ItemPrice>
      <UnitOfMeasurePrice>0.0358</UnitOfMeasurePrice>
      <AllowDiscount>1</AllowDiscount>
      <ItemStatus>1</ItemStatus>
      <ItemId>151302</ItemId>
    </Item>
    <Item>
      <PriceUpdateDate>2025-08-21 11:28:06</PriceUpdateDate>
      <ItemCode>7290011194215</ItemCode>
      <ItemType>1</ItemType>
      <ItemName>דניאלה מעדן בטעם בננ</ItemName>
      <ManufacturerName>קריות זול</ManufacturerName>
      <ManufactureCountry>לא ידוע</ManufactureCountry>
      <ManufacturerItemDescription>דניאלה מעדן בטעם בננ</ManufacturerItemDescription>
      <UnitQty>לא ידוע</UnitQty>
      <Quantity>88.00</Quantity>
      <UnitOfMeasure>לא ידוע</UnitOfMeasure>
      <bIsWeighted>0</bIsWeighted>
      <QtyInPackage>לא ידוע</QtyInPackage>
      <ItemPrice>4.50</ItemPrice>
      <UnitOfMeasurePrice>0.0511</UnitOfMeasurePrice>
      <AllowDiscount>1</AllowDiscount>
      <ItemStatus>1</ItemStatus>
      <ItemId>151335</ItemId>
    </Item>
    <Item>
      <PriceUpdateDate>2025-08-21 11:28:06</PriceUpdateDate>
      <ItemCode>7290011194246</ItemCode>
      <ItemType>1</ItemType>
      <ItemName>גבינת קוטג׳ 5% שטראו</ItemName>
      <ManufacturerName>קריות זול</ManufacturerName>
      <ManufactureCountry>לא ידוע</ManufactureCountry>
      <ManufacturerItemDescription>גבינת קוטג׳ 5% שטראו</ManufacturerItemDescription>
      <UnitQty>לא ידוע</UnitQty>
      <Quantity>250.00</Quantity>
      <UnitOfMeasure>לא ידוע</UnitOfMeasure>
      <bIsWeighted>0</bIsWeighted>
      <QtyInPackage>לא ידוע</QtyInPackage>
      <ItemPrice>7.10</ItemPrice>
      <UnitOfMeasurePrice>0.0284</UnitOfMeasurePrice>
      <AllowDiscount>1</AllowDiscount>
      <ItemStatus>1</ItemStatus>
      <ItemId>151336</ItemId>
    </Item>
    <Item>
      <PriceUpdateDate>2025-08-21 11:28:06</PriceUpdateDate>
      <ItemCode>7290011438142</ItemCode>
      <ItemType>1</ItemType>
      <ItemName>אייס קפה יטבתה בבקבו</ItemName>
      <ManufacturerName>קריות זול</ManufacturerName>
      <ManufactureCountry>לא ידוע</ManufactureCountry>
      <ManufacturerItemDescription>אייס קפה יטבתה בבקבו</ManufacturerItemDescription>
      <UnitQty>לא ידוע</UnitQty>
      <Quantity>350.00</Quantity>
      <UnitOfMeasure>לא ידוע</UnitOfMeasure>
      <bIsWeighted>0</bIsWeighted>
      <QtyInPackage>לא ידוע</QtyInPackage>
      <ItemPrice>7.90</ItemPrice>
      <UnitOfMeasurePrice>0.0226</UnitOfMeasurePrice>
      <AllowDiscount>1</AllowDiscount>
      <ItemStatus>1</ItemStatus>
      <ItemId>151355</ItemId>
    </Item>
    <Item>
      <PriceUpdateDate>2025-08-21 11:28:08</PriceUpdateDate>
      <ItemCode>7290013608260</ItemCode>
      <ItemType>1</ItemType>
      <ItemName>פרימור רימונים סחוט</ItemName>
      <ManufacturerName>לא ידוע</ManufacturerName>
      <ManufactureCountry>לא ידוע</ManufactureCountry>
      <ManufacturerItemDescription>פרימור רימונים סחוט</ManufacturerItemDescription>
      <UnitQty>לא ידוע</UnitQty>
      <Quantity>1000.00</Quantity>
      <UnitOfMeasure>לא ידוע</UnitOfMeasure>
      <bIsWeighted>0</bIsWeighted>
      <QtyInPackage>לא ידוע</QtyInPackage>
      <ItemPrice>29.50</ItemPrice>
      <UnitOfMeasurePrice>0.0295</UnitOfMeasurePrice>
      <AllowDiscount>1</AllowDiscount>
      <ItemStatus>1</ItemStatus>
      <ItemId>151456</ItemId>
    </Item>
    <Item>
      <PriceUpdateDate>2025-08-31 10:12:03</PriceUpdateDate>
      <ItemCode>7290102031276</ItemCode>
      <ItemType>1</ItemType>
      <ItemName>אקטימל תות בננה 8*10</ItemName>
      <ManufacturerName>לא ידוע</ManufacturerName>
      <ManufactureCountry>לא ידוע</ManufactureCountry>
      <ManufacturerItemDescription>אקטימל תות בננה 8*10</ManufacturerItemDescription>
      <UnitQty>לא ידוע</UnitQty>
      <Quantity>800.00</Quantity>
      <UnitOfMeasure>לא ידוע</UnitOfMeasure>
      <bIsWeighted>0</bIsWeighted>
      <QtyInPackage>לא ידוע</QtyInPackage>
      <ItemPrice>22.90</ItemPrice>
      <UnitOfMeasurePrice>0.0286</UnitOfMeasurePrice>
      <AllowDiscount>1</AllowDiscount>
      <ItemStatus>1</ItemStatus>
      <ItemId>151530</ItemId>
    </Item>
    <Item>
      <PriceUpdateDate>2024-12-01 07:56:59</PriceUpdateDate>
      <ItemCode>7290103408206</ItemCode>
      <ItemType>1</ItemType>
      <ItemName>עלי חסה בקופסא ירקות</ItemName>
      <ManufacturerName>לא ידוע</ManufacturerName>
      <ManufactureCountry>ישראל</ManufactureCountry>
      <ManufacturerItemDescription>עלי חסה בקופסא ירקות</ManufacturerItemDescription>
      <UnitQty>לא ידוע</UnitQty>
      <Quantity>250.00</Quantity>
      <UnitOfMeasure>לא ידוע</UnitOfMeasure>
      <bIsWeighted>0</bIsWeighted>
      <QtyInPackage>לא ידוע</QtyInPackage>
      <ItemPrice>11.90</ItemPrice>
      <UnitOfMeasurePrice>0.0476</UnitOfMeasurePrice>
      <AllowDiscount>1</AllowDiscount>
      <ItemStatus>1</ItemStatus>
      <ItemId>151739</ItemId>
    </Item>
    <Item>
      <PriceUpdateDate>2025-08-31 10:12:04</PriceUpdateDate>
      <ItemCode>7290104061417</ItemCode>
      <ItemType>1</ItemType>
      <ItemName>חומוס טחינה אחלה קלא</ItemName>
      <ManufacturerName>לא ידוע</ManufacturerName>
      <ManufactureCountry>לא ידוע</ManufactureCountry>
      <ManufacturerItemDescription>חומוס טחינה אחלה קלא</ManufacturerItemDescription>
      <UnitQty>לא ידוע</UnitQty>
      <Quantity>400.00</Quantity>
      <UnitOfMeasure>לא ידוע</UnitOfMeasure>
      <bIsWeighted>0</bIsWeighted>
      <QtyInPackage>לא ידוע</QtyInPackage>
      <ItemPrice>12.90</ItemPrice>
      <UnitOfMeasurePrice>0.0323</UnitOfMeasurePrice>
      <AllowDiscount>1</AllowDiscount>
      <ItemStatus>1</ItemStatus>
      <ItemId>151769</ItemId>
    </Item>
    <Item>
      <PriceUpdateDate>2025-08-31 10:12:04</PriceUpdateDate>
      <ItemCode>7290104061424</ItemCode>
      <ItemType>1</ItemType>
      <ItemName>חומוס זעתר אחלה קלאס</ItemName>
      <ManufacturerName>לא ידוע</ManufacturerName>
      <ManufactureCountry>לא ידוע</ManufactureCountry>
      <ManufacturerItemDescription>חומוס זעתר אחלה קלאס</ManufacturerItemDescription>
      <UnitQty>לא ידוע</UnitQty>
      <Quantity>400.00</Quantity>
      <UnitOfMeasure>לא ידוע</UnitOfMeasure>
      <bIsWeighted>0</bIsWeighted>
      <QtyInPackage>לא ידוע</QtyInPackage>
      <ItemPrice>12.90</ItemPrice>
      <UnitOfMeasurePrice>0.0323</UnitOfMeasurePrice>
      <AllowDiscount>1</AllowDiscount>
      <ItemStatus>1</ItemStatus>
      <ItemId>151770</ItemId>
    </Item>
    <Item>
      <PriceUpdateDate>2025-08-31 10:12:04</PriceUpdateDate>
      <ItemCode>7290104061431</ItemCode>
      <ItemType>1</ItemType>
      <ItemName>חומוס צנובר אחלה קלא</ItemName>
      <ManufacturerName>לא ידוע</ManufacturerName>
      <ManufactureCountry>לא ידוע</ManufactureCountry>
      <ManufacturerItemDescription>חומוס צנובר אחלה קלא</ManufacturerItemDescription>
      <UnitQty>לא ידוע</UnitQty>
      <Quantity>400.00</Quantity>
      <UnitOfMeasure>לא ידוע</UnitOfMeasure>
      <bIsWeighted>0</bIsWeighted>
      <QtyInPackage>לא ידוע</QtyInPackage>
      <ItemPrice>12.90</ItemPrice>
      <UnitOfMeasurePrice>0.0323</UnitOfMeasurePrice>
      <AllowDiscount>1</AllowDiscount>
      <ItemStatus>1</ItemStatus>
      <ItemId>151771</ItemId>
    </Item>
    <Item>
      <PriceUpdateDate>2025-08-31 10:12:04</PriceUpdateDate>
      <ItemCode>7290104061448</ItemCode>
      <ItemType>1</ItemType>
      <ItemName>חומוס חריף אחלה קלאס</ItemName>
      <ManufacturerName>לא ידוע</ManufacturerName>
      <ManufactureCountry>לא ידוע</ManufactureCountry>
      <ManufacturerItemDescription>חומוס חריף אחלה קלאס</ManufacturerItemDescription>
      <UnitQty>לא ידוע</UnitQty>
      <Quantity>400.00</Quantity>
      <UnitOfMeasure>לא ידוע</UnitOfMeasure>
      <bIsWeighted>0</bIsWeighted>
      <QtyInPackage>לא ידוע</QtyInPackage>
      <ItemPrice>12.90</ItemPrice>
      <UnitOfMeasurePrice>0.0323</UnitOfMeasurePrice>
      <AllowDiscount>1</AllowDiscount>
      <ItemStatus>1</ItemStatus>
      <ItemId>151772</ItemId>
    </Item>
    <Item>
      <PriceUpdateDate>2025-08-31 10:12:05</PriceUpdateDate>
      <ItemCode>7290104062599</ItemCode>
      <ItemType>1</ItemType>
      <ItemName>גמדים תות בננה 8*100</ItemName>
      <ManufacturerName>לא ידוע</ManufacturerName>
      <ManufactureCountry>לא ידוע</ManufactureCountry>
      <ManufacturerItemDescription>גמדים תות בננה 8*100</ManufacturerItemDescription>
      <UnitQty>לא ידוע</UnitQty>
      <Quantity>800.00</Quantity>
      <UnitOfMeasure>לא ידוע</UnitOfMeasure>
      <bIsWeighted>0</bIsWeighted>
      <QtyInPackage>לא ידוע</QtyInPackage>
      <ItemPrice>21.90</ItemPrice>
      <UnitOfMeasurePrice>0.0274</UnitOfMeasurePrice>
      <AllowDiscount>1</AllowDiscount>
      <ItemStatus>1</ItemStatus>
      <ItemId>151781</ItemId>
    </Item>
    <Item>
      <PriceUpdateDate>2024-12-01 07:59:10</PriceUpdateDate>
      <ItemCode>7290104065934</ItemCode>
      <ItemType>1</ItemType>
      <ItemName>עלי רוקט טעם הטבע 15</ItemName>
      <ManufacturerName>לא ידוע</ManufacturerName>
      <ManufactureCountry>ישראל</ManufactureCountry>
      <ManufacturerItemDescription>עלי רוקט טעם הטבע 15</ManufacturerItemDescription>
      <UnitQty>לא ידוע</UnitQty>
      <Quantity>150.00</Quantity>
      <UnitOfMeasure>לא ידוע</UnitOfMeasure>
      <bIsWeighted>0</bIsWeighted>
      <QtyInPackage>לא ידוע</QtyInPackage>
      <ItemPrice>11.90</ItemPrice>
      <UnitOfMeasurePrice>0.0793</UnitOfMeasurePrice>
      <AllowDiscount>1</AllowDiscount>
      <ItemStatus>1</ItemStatus>
      <ItemId>151809</ItemId>
    </Item>
    <Item>
      <PriceUpdateDate>2025-08-31 10:12:05</PriceUpdateDate>
      <ItemCode>7290104721533</ItemCode>
      <ItemType>1</ItemType>
      <ItemName>פלפלים קלויים אחלה ט</ItemName>
      <ManufacturerName>לא ידוע</ManufacturerName>
      <ManufactureCountry>לא ידוע</ManufactureCountry>
      <ManufacturerItemDescription>פלפלים קלויים אחלה ט</ManufacturerItemDescription>
      <UnitQty>לא ידוע</UnitQty>
      <Quantity>400.00</Quantity>
      <UnitOfMeasure>לא ידוע</UnitOfMeasure>
      <bIsWeighted>0</bIsWeighted>
      <QtyInPackage>לא ידוע</QtyInPackage>
      <ItemPrice>17.50</ItemPrice>
      <UnitOfMeasurePrice>0.0438</UnitOfMeasurePrice>
      <AllowDiscount>1</AllowDiscount>
      <ItemStatus>1</ItemStatus>
      <ItemId>151855</ItemId>
    </Item>
    <Item>
      <PriceUpdateDate>2025-08-31 10:12:06</PriceUpdateDate>
      <ItemCode>7290104726262</ItemCode>
      <ItemType>1</ItemType>
      <ItemName>דני תות לשתיה מארז ר</ItemName>
      <ManufacturerName>לא ידוע</ManufacturerName>
      <ManufactureCountry>לא ידוע</ManufactureCountry>
      <ManufacturerItemDescription>דני תות לשתיה מארז ר</ManufacturerItemDescription>
      <UnitQty>יחידה   </UnitQty>
      <Quantity>500.00</Quantity>
      <UnitOfMeasure>יחידה   </UnitOfMeasure>
      <bIsWeighted>0</bIsWeighted>
      <QtyInPackage>לא ידוע</QtyInPackage>
      <ItemPrice>13.50</ItemPrice>
      <UnitOfMeasurePrice>0.0270</UnitOfMeasurePrice>
      <AllowDiscount>1</AllowDiscount>
      <ItemStatus>1</ItemStatus>
      <ItemId>151910</ItemId>
    </Item>
    <Item>
      <PriceUpdateDate>2025-08-31 10:12:06</PriceUpdateDate>
      <ItemCode>7290104726712</ItemCode>
      <ItemType>1</ItemType>
      <ItemName>מילקי שמינייה מארז 8</ItemName>
      <ManufacturerName>לא ידוע</ManufacturerName>
      <ManufactureCountry>לא ידוע</ManufactureCountry>
      <ManufacturerItemDescription>מילקי שמינייה מארז 8</ManufacturerItemDescription>
      <UnitQty>לא ידוע</UnitQty>
      <Quantity>1064.00</Quantity>
      <UnitOfMeasure>לא ידוע</UnitOfMeasure>
      <bIsWeighted>0</bIsWeighted>
      <QtyInPackage>לא ידוע</QtyInPackage>
      <ItemPrice>23.90</ItemPrice>
      <UnitOfMeasurePrice>0.0225</UnitOfMeasurePrice>
      <AllowDiscount>1</AllowDiscount>
      <ItemStatus>1</ItemStatus>
      <ItemId>151919</ItemId>
    </Item>
    <Item>
      <PriceUpdateDate>2025-06-23 14:29:55</PriceUpdateDate>
      <ItemCode>7290104728310</ItemCode>
      <ItemType>1</ItemType>
      <ItemName>שמנת עמידה לקצפת 38%</ItemName>
      <ManufacturerName>לא ידוע</ManufacturerName>
      <ManufactureCountry>לא ידוע</ManufactureCountry>
      <ManufacturerItemDescription>שמנת עמידה לקצפת 38%</ManufacturerItemDescription>
      <UnitQty>לא ידוע</UnitQty>
      <Quantity>250.00</Quantity>
      <UnitOfMeasure>לא ידוע</UnitOfMeasure>
      <bIsWeighted>0</bIsWeighted>
      <QtyInPackage>לא ידוע</QtyInPackage>
      <ItemPrice>7.56</ItemPrice>
      <UnitOfMeasurePrice>0.0302</UnitOfMeasurePrice>
      <AllowDiscount>1</AllowDiscount>
      <ItemStatus>1</ItemStatus>
      <ItemId>151933</ItemId>
    </Item>
    <Item>
      <PriceUpdateDate>2025-12-03 10:55:58</PriceUpdateDate>
      <ItemCode>7290105362339</ItemCode>
      <ItemType>1</ItemType>
      <ItemName>שמנת לבישול 15% יטבת</ItemName>
      <ManufacturerName>לא ידוע</ManufacturerName>
      <ManufactureCountry>לא ידוע</ManufactureCountry>
      <ManufacturerItemDescription>שמנת לבישול 15% יטבת</ManufacturerItemDescription>
      <UnitQty>לא ידוע</UnitQty>
      <Quantity>250.00</Quantity>
      <UnitOfMeasure>לא ידוע</UnitOfMeasure>
      <bIsWeighted>0</bIsWeighted>
      <QtyInPackage>לא ידוע</QtyInPackage>
      <ItemPrice>9.90</ItemPrice>
      <UnitOfMeasurePrice>0.0396</UnitOfMeasurePrice>
      <AllowDiscount>1</AllowDiscount>
      <ItemStatus>1</ItemStatus>
      <ItemId>151982</ItemId>
    </Item>
    <Item>
      <PriceUpdateDate>2025-08-31 10:12:06</PriceUpdateDate>
      <ItemCode>7290105366023</ItemCode>
      <ItemType>1</ItemType>
      <ItemName>חציל טעם כבד אחלה טע</ItemName>
      <ManufacturerName>לא ידוע</ManufacturerName>
      <ManufactureCountry>לא ידוע</ManufactureCountry>
      <ManufacturerItemDescription>חציל טעם כבד אחלה טע</ManufacturerItemDescription>
      <UnitQty>לא ידוע</UnitQty>
      <Quantity>400.00</Quantity>
      <UnitOfMeasure>לא ידוע</UnitOfMeasure>
      <bIsWeighted>0</bIsWeighted>
      <QtyInPackage>לא ידוע</QtyInPackage>
      <ItemPrice>17.50</ItemPrice>
      <UnitOfMeasurePrice>0.0438</UnitOfMeasurePrice>
      <AllowDiscount>1</AllowDiscount>
      <ItemStatus>1</ItemStatus>
      <ItemId>152022</ItemId>
    </Item>
    <Item>
      <PriceUpdateDate>2025-08-31 10:12:07</PriceUpdateDate>
      <ItemCode>7290105366047</ItemCode>
      <ItemType>1</ItemType>
      <ItemName>טחינה לבנה אחלה טעמי</ItemName>
      <ManufacturerName>לא ידוע</ManufacturerName>
      <ManufactureCountry>לא ידוע</ManufactureCountry>
      <ManufacturerItemDescription>טחינה לבנה אחלה טעמי</ManufacturerItemDescription>
      <UnitQty>לא ידוע</UnitQty>
      <Quantity>400.00</Quantity>
      <UnitOfMeasure>לא ידוע</UnitOfMeasure>
      <bIsWeighted>0</bIsWeighted>
      <QtyInPackage>לא ידוע</QtyInPackage>
      <ItemPrice>17.50</ItemPrice>
      <UnitOfMeasurePrice>0.0438</UnitOfMeasurePrice>
      <AllowDiscount>1</AllowDiscount>
      <ItemStatus>1</ItemStatus>
      <ItemId>152024</ItemId>
    </Item>
    <Item>
      <PriceUpdateDate>2025-08-31 10:12:07</PriceUpdateDate>
      <ItemCode>7290105366993</ItemCode>
      <ItemType>1</ItemType>
      <ItemName>סימפוניה פלפל שיפקה</ItemName>
      <ManufacturerName>לא ידוע</ManufacturerName>
      <ManufactureCountry>לא ידוע</ManufactureCountry>
      <ManufacturerItemDescription>סימפוניה פלפל שיפקה</ManufacturerItemDescription>
      <UnitQty>לא ידוע</UnitQty>
      <Quantity>200.00</Quantity>
      <UnitOfMeasure>לא ידוע</UnitOfMeasure>
      <bIsWeighted>0</bIsWeighted>
      <QtyInPackage>לא ידוע</QtyInPackage>
      <ItemPrice>12.50</ItemPrice>
      <UnitOfMeasurePrice>0.0625</UnitOfMeasurePrice>
      <AllowDiscount>1</AllowDiscount>
      <ItemStatus>1</ItemStatus>
      <ItemId>152033</ItemId>
    </Item>
    <Item>
      <PriceUpdateDate>2025-08-31 10:12:07</PriceUpdateDate>
      <ItemCode>7290105368331</ItemCode>
      <ItemType>1</ItemType>
      <ItemName>מילקי תות</ItemName>
      <ManufacturerName>לא ידוע</ManufacturerName>
      <ManufactureCountry>לא ידוע</ManufactureCountry>
      <ManufacturerItemDescription>מילקי תות</ManufacturerItemDescription>
      <UnitQty>לא ידוע</UnitQty>
      <Quantity>170.00</Quantity>
      <UnitOfMeasure>לא ידוע</UnitOfMeasure>
      <bIsWeighted>0</bIsWeighted>
      <QtyInPackage>לא ידוע</QtyInPackage>
      <ItemPrice>3.30</ItemPrice>
      <UnitOfMeasurePrice>0.0194</UnitOfMeasurePrice>
      <AllowDiscount>1</AllowDiscount>
      <ItemStatus>1</ItemStatus>
      <ItemId>152067</ItemId>
    </Item>
    <Item>
      <PriceUpdateDate>2025-08-26 11:25:35</PriceUpdateDate>
      <ItemCode>7290105962331</ItemCode>
      <ItemType>1</ItemType>
      <ItemName>סחוג חריף אדום מאוד</ItemName>
      <ManufacturerName>לא ידוע</ManufacturerName>
      <ManufactureCountry>לא ידוע</ManufactureCountry>
      <ManufacturerItemDescription>סחוג חריף אדום מאוד</ManufacturerItemDescription>
      <UnitQty>לא ידוע</UnitQty>
      <Quantity>220.00</Quantity>
      <UnitOfMeasure>לא ידוע</UnitOfMeasure>
      <bIsWeighted>0</bIsWeighted>
      <QtyInPackage>לא ידוע</QtyInPackage>
      <ItemPrice>16.90</ItemPrice>
      <UnitOfMeasurePrice>0.0768</UnitOfMeasurePrice>
      <AllowDiscount>1</AllowDiscount>
      <ItemStatus>1</ItemStatus>
      <ItemId>152110</ItemId>
    </Item>
    <Item>
      <PriceUpdateDate>2023-05-02 14:06:12</PriceUpdateDate>
      <ItemCode>7290105963864</ItemCode>
      <ItemType>1</ItemType>
      <ItemName>חזרת אחלה 220 גרם</ItemName>
      <ManufacturerName>לא ידוע</ManufacturerName>
      <ManufactureCountry>לא ידוע</ManufactureCountry>
      <ManufacturerItemDescription>חזרת אחלה 220 גרם</ManufacturerItemDescription>
      <UnitQty>לא ידוע</UnitQty>
      <Quantity>220.00</Quantity>
      <UnitOfMeasure>לא ידוע</UnitOfMeasure>
      <bIsWeighted>0</bIsWeighted>
      <QtyInPackage>לא ידוע</QtyInPackage>
      <ItemPrice>13.90</ItemPrice>
      <UnitOfMeasurePrice>0.0632</UnitOfMeasurePrice>
      <AllowDiscount>1</AllowDiscount>
      <ItemStatus>1</ItemStatus>
      <ItemId>152123</ItemId>
    </Item>
    <Item>
      <PriceUpdateDate>2025-08-31 10:12:08</PriceUpdateDate>
      <ItemCode>7290105965738</ItemCode>
      <ItemType>1</ItemType>
      <ItemName>דנונה לשתיה תות בננה</ItemName>
      <ManufacturerName>לא ידוע</ManufacturerName>
      <ManufactureCountry>לא ידוע</ManufactureCountry>
      <ManufacturerItemDescription>דנונה לשתיה תות בננה</ManufacturerItemDescription>
      <UnitQty>לא ידוע</UnitQty>
      <Quantity>250.00</Quantity>
      <UnitOfMeasure>לא ידוע</UnitOfMeasure>
      <bIsWeighted>0</bIsWeighted>
      <QtyInPackage>לא ידוע</QtyInPackage>
      <ItemPrice>6.90</ItemPrice>
      <UnitOfMeasurePrice>0.0276</UnitOfMeasurePrice>
      <AllowDiscount>1</AllowDiscount>
      <ItemStatus>1</ItemStatus>
      <ItemId>152139</ItemId>
    </Item>
    <Item>
      <PriceUpdateDate>2025-08-26 10:53:32</PriceUpdateDate>
      <ItemCode>7290105968098</ItemCode>
      <ItemType>1</ItemType>
      <ItemName>קולסלאו אחלה 500גר</ItemName>
      <ManufacturerName>לא ידוע</ManufacturerName>
      <ManufactureCountry>לא ידוע</ManufactureCountry>
      <ManufacturerItemDescription>קולסלאו אחלה 500גר</ManufacturerItemDescription>
      <UnitQty>לא ידוע</UnitQty>
      <Quantity>500.00</Quantity>
      <UnitOfMeasure>לא ידוע</UnitOfMeasure>
      <bIsWeighted>0</bIsWeighted>
      <QtyInPackage>לא ידוע</QtyInPackage>
      <ItemPrice>17.50</ItemPrice>
      <UnitOfMeasurePrice>0.0350</UnitOfMeasurePrice>
      <AllowDiscount>1</AllowDiscount>
      <ItemStatus>1</ItemStatus>
      <ItemId>152164</ItemId>
    </Item>
    <Item>
      <PriceUpdateDate>2025-08-31 10:12:09</PriceUpdateDate>
      <ItemCode>7290105968654</ItemCode>
      <ItemType>1</ItemType>
      <ItemName>רביולי בטטה שטראוס 4</ItemName>
      <ManufacturerName>לא ידוע</ManufacturerName>
      <ManufactureCountry>לא ידוע</ManufactureCountry>
      <ManufacturerItemDescription>רביולי בטטה שטראוס 4</ManufacturerItemDescription>
      <UnitQty>לא ידוע</UnitQty>
      <Quantity>400.00</Quantity>
      <UnitOfMeasure>לא ידוע</UnitOfMeasure>
      <bIsWeighted>0</bIsWeighted>
      <QtyInPackage>לא ידוע</QtyInPackage>
      <ItemPrice>22.90</ItemPrice>
      <UnitOfMeasurePrice>0.0572</UnitOfMeasurePrice>
      <AllowDiscount>1</AllowDiscount>
      <ItemStatus>1</ItemStatus>
      <ItemId>152165</ItemId>
    </Item>
    <Item>
      <PriceUpdateDate>2025-08-31 10:12:09</PriceUpdateDate>
      <ItemCode>7290106520905</ItemCode>
      <ItemType>1</ItemType>
      <ItemName>סלט טורקי אחלה טעמי</ItemName>
      <ManufacturerName>לא ידוע</ManufacturerName>
      <ManufactureCountry>לא ידוע</ManufactureCountry>
      <ManufacturerItemDescription>סלט טורקי אחלה טעמי</ManufacturerItemDescription>
      <UnitQty>לא ידוע</UnitQty>
      <Quantity>400.00</Quantity>
      <UnitOfMeasure>לא ידוע</UnitOfMeasure>
      <bIsWeighted>0</bIsWeighted>
      <QtyInPackage>לא ידוע</QtyInPackage>
      <ItemPrice>17.50</ItemPrice>
      <UnitOfMeasurePrice>0.0438</UnitOfMeasurePrice>
      <AllowDiscount>1</AllowDiscount>
      <ItemStatus>1</ItemStatus>
      <ItemId>152183</ItemId>
    </Item>
    <Item>
      <PriceUpdateDate>2025-12-03 10:55:59</PriceUpdateDate>
      <ItemCode>7290106520912</ItemCode>
      <ItemType>1</ItemType>
      <ItemName>שמנת לבישול 9% יטבתה</ItemName>
      <ManufacturerName>לא ידוע</ManufacturerName>
      <ManufactureCountry>לא ידוע</ManufactureCountry>
      <ManufacturerItemDescription>שמנת לבישול 9% יטבתה</ManufacturerItemDescription>
      <UnitQty>לא ידוע</UnitQty>
      <Quantity>250.00</Quantity>
      <UnitOfMeasure>לא ידוע</UnitOfMeasure>
      <bIsWeighted>0</bIsWeighted>
      <QtyInPackage>לא ידוע</QtyInPackage>
      <ItemPrice>9.90</ItemPrice>
      <UnitOfMeasurePrice>0.0396</UnitOfMeasurePrice>
      <AllowDiscount>1</AllowDiscount>
      <ItemStatus>1</ItemStatus>
      <ItemId>152184</ItemId>
    </Item>
    <Item>
      <PriceUpdateDate>2025-08-26 12:01:44</PriceUpdateDate>
      <ItemCode>7290106528949</ItemCode>
      <ItemType>1</ItemType>
      <ItemName>לקט ערוגות ירקות טעם</ItemName>
      <ManufacturerName>לא ידוע</ManufacturerName>
      <ManufactureCountry>לא ידוע</ManufactureCountry>
      <ManufacturerItemDescription>לקט ערוגות ירקות טעם</ManufacturerItemDescription>
      <UnitQty>לא ידוע</UnitQty>
      <Quantity>450.00</Quantity>
      <UnitOfMeasure>לא ידוע</UnitOfMeasure>
      <bIsWeighted>0</bIsWeighted>
      <QtyInPackage>לא ידוע</QtyInPackage>
      <ItemPrice>14.90</ItemPrice>
      <UnitOfMeasurePrice>0.0331</UnitOfMeasurePrice>
      <AllowDiscount>1</AllowDiscount>
      <ItemStatus>1</ItemStatus>
      <ItemId>152241</ItemId>
    </Item>
    <Item>
      <PriceUpdateDate>2025-08-31 10:12:09</PriceUpdateDate>
      <ItemCode>7290106654099</ItemCode>
      <ItemType>1</ItemType>
      <ItemName>מארז מילקי קייק שמינ</ItemName>
      <ManufacturerName>לא ידוע</ManufacturerName>
      <ManufactureCountry>לא ידוע</ManufactureCountry>
      <ManufacturerItemDescription>מארז מילקי קייק שמינ</ManufacturerItemDescription>
      <UnitQty>לא ידוע</UnitQty>
      <Quantity>272.00</Quantity>
      <UnitOfMeasure>לא ידוע</UnitOfMeasure>
      <bIsWeighted>0</bIsWeighted>
      <QtyInPackage>לא ידוע</QtyInPackage>
      <ItemPrice>23.90</ItemPrice>
      <UnitOfMeasurePrice>0.0879</UnitOfMeasurePrice>
      <AllowDiscount>1</AllowDiscount>
      <ItemStatus>1</ItemStatus>
      <ItemId>152275</ItemId>
    </Item>
    <Item>
      <PriceUpdateDate>2025-08-31 10:12:10</PriceUpdateDate>
      <ItemCode>7290106663121</ItemCode>
      <ItemType>1</ItemType>
      <ItemName>מילקי קייק 34 גר</ItemName>
      <ManufacturerName>לא ידוע</ManufacturerName>
      <ManufactureCountry>לא ידוע</ManufactureCountry>
      <ManufacturerItemDescription>מילקי קייק 34 גר</ManufacturerItemDescription>
      <UnitQty>לא ידוע</UnitQty>
      <Quantity>34.00</Quantity>
      <UnitOfMeasure>לא ידוע</UnitOfMeasure>
      <bIsWeighted>0</bIsWeighted>
      <QtyInPackage>לא ידוע</QtyInPackage>
      <ItemPrice>4.00</ItemPrice>
      <UnitOfMeasurePrice>0.1176</UnitOfMeasurePrice>
      <AllowDiscount>1</AllowDiscount>
      <ItemStatus>1</ItemStatus>
      <ItemId>152328</ItemId>
    </Item>
    <Item>
      <PriceUpdateDate>2025-08-31 10:12:10</PriceUpdateDate>
      <ItemCode>7290106664067</ItemCode>
      <ItemType>1</ItemType>
      <ItemName>לאבנה שמן זית וזעתר</ItemName>
      <ManufacturerName>לא ידוע</ManufacturerName>
      <ManufactureCountry>לא ידוע</ManufactureCountry>
      <ManufacturerItemDescription>לאבנה שמן זית וזעתר</ManufacturerItemDescription>
      <UnitQty>לא ידוע</UnitQty>
      <Quantity>400.00</Quantity>
      <UnitOfMeasure>לא ידוע</UnitOfMeasure>
      <bIsWeighted>0</bIsWeighted>
      <QtyInPackage>לא ידוע</QtyInPackage>
      <ItemPrice>19.20</ItemPrice>
      <UnitOfMeasurePrice>0.0480</UnitOfMeasurePrice>
      <AllowDiscount>1</AllowDiscount>
      <ItemStatus>1</ItemStatus>
      <ItemId>152336</ItemId>
    </Item>
    <Item>
      <PriceUpdateDate>2025-08-31 10:12:10</PriceUpdateDate>
      <ItemCode>7290106664562</ItemCode>
      <ItemType>1</ItemType>
      <ItemName>רוטב שמנת עם פטריות</ItemName>
      <ManufacturerName>לא ידוע</ManufacturerName>
      <ManufactureCountry>לא ידוע</ManufactureCountry>
      <ManufacturerItemDescription>רוטב שמנת עם פטריות</ManufacturerItemDescription>
      <UnitQty>לא ידוע</UnitQty>
      <Quantity>250.00</Quantity>
      <UnitOfMeasure>לא ידוע</UnitOfMeasure>
      <bIsWeighted>0</bIsWeighted>
      <QtyInPackage>לא ידוע</QtyInPackage>
      <ItemPrice>13.50</ItemPrice>
      <UnitOfMeasurePrice>0.0540</UnitOfMeasurePrice>
      <AllowDiscount>1</AllowDiscount>
      <ItemStatus>1</ItemStatus>
      <ItemId>152340</ItemId>
    </Item>
    <Item>
      <PriceUpdateDate>2025-08-31 10:12:11</PriceUpdateDate>
      <ItemCode>7290106668713</ItemCode>
      <ItemType>1</ItemType>
      <ItemName>דנונה פירות יער 3% 1</ItemName>
      <ManufacturerName>לא ידוע</ManufacturerName>
      <ManufactureCountry>לא ידוע</ManufactureCountry>
      <ManufacturerItemDescription>דנונה פירות יער 3% 1</ManufacturerItemDescription>
      <UnitQty>לא ידוע</UnitQty>
      <Quantity>150.00</Quantity>
      <UnitOfMeasure>לא ידוע</UnitOfMeasure>
      <bIsWeighted>0</bIsWeighted>
      <QtyInPackage>לא ידוע</QtyInPackage>
      <ItemPrice>5.50</ItemPrice>
      <UnitOfMeasurePrice>0.0367</UnitOfMeasurePrice>
      <AllowDiscount>1</AllowDiscount>
      <ItemStatus>1</ItemStatus>
      <ItemId>152362</ItemId>
    </Item>
    <Item>
      <PriceUpdateDate>2025-08-31 10:12:11</PriceUpdateDate>
      <ItemCode>7290106729650</ItemCode>
      <ItemType>1</ItemType>
      <ItemName>דנונה תות מארז 8יח 3</ItemName>
      <ManufacturerName>לא ידוע</ManufacturerName>
      <ManufactureCountry>לא ידוע</ManufactureCountry>
      <ManufacturerItemDescription>דנונה תות מארז 8יח 3</ManufacturerItemDescription>
      <UnitQty>לא ידוע</UnitQty>
      <Quantity>1200.00</Quantity>
      <UnitOfMeasure>לא ידוע</UnitOfMeasure>
      <bIsWeighted>0</bIsWeighted>
      <QtyInPackage>לא ידוע</QtyInPackage>
      <ItemPrice>31.90</ItemPrice>
      <UnitOfMeasurePrice>0.0266</UnitOfMeasurePrice>
      <AllowDiscount>1</AllowDiscount>
      <ItemStatus>1</ItemStatus>
      <ItemId>152405</ItemId>
    </Item>
    <Item>
      <PriceUpdateDate>2025-08-18 09:15:24</PriceUpdateDate>
      <ItemCode>7290000318493</ItemCode>
      <ItemType>1</ItemType>
      <ItemName>כתף בקר מפולפל יחיעם</ItemName>
      <ManufacturerName>לא ידוע</ManufacturerName>
      <ManufactureCountry>לא ידוע</ManufactureCountry>
      <ManufacturerItemDescription>כתף בקר מפולפל יחיעם</ManufacturerItemDescription>
      <UnitQty>קילוגרמים</UnitQty>
      <Quantity>1.00</Quantity>
      <UnitOfMeasure>ק"ג</UnitOfMeasure>
      <bIsWeighted>1</bIsWeighted>
      <QtyInPackage>לא ידוע</QtyInPackage>
      <ItemPrice>184.90</ItemPrice>
      <UnitOfMeasurePrice>184.9000</UnitOfMeasurePrice>
      <AllowDiscount>1</AllowDiscount>
      <ItemStatus>1</ItemStatus>
      <ItemId>214796</ItemId>
    </Item>
    <Item>
      <PriceUpdateDate>2025-12-03 10:55:59</PriceUpdateDate>
      <ItemCode>7290107932080</ItemCode>
      <ItemType>1</ItemType>
      <ItemName>חלב 3% מועשר בבקבוק</ItemName>
      <ManufacturerName>לא ידוע</ManufacturerName>
      <ManufactureCountry>לא ידוע</ManufactureCountry>
      <ManufacturerItemDescription>חלב 3% מועשר בבקבוק</ManufacturerItemDescription>
      <UnitQty>לא ידוע</UnitQty>
      <Quantity>1000.00</Quantity>
      <UnitOfMeasure>לא ידוע</UnitOfMeasure>
      <bIsWeighted>0</bIsWeighted>
      <QtyInPackage>לא ידוע</QtyInPackage>
      <ItemPrice>9.90</ItemPrice>
      <UnitOfMeasurePrice>0.0099</UnitOfMeasurePrice>
      <AllowDiscount>1</AllowDiscount>
      <ItemStatus>1</ItemStatus>
      <ItemId>152416</ItemId>
    </Item>
    <Item>
      <PriceUpdateDate>2025-08-31 10:12:12</PriceUpdateDate>
      <ItemCode>7290107937542</ItemCode>
      <ItemType>1</ItemType>
      <ItemName>אקטיביה משקה תות 1.2</ItemName>
      <ManufacturerName>לא ידוע</ManufacturerName>
      <ManufactureCountry>לא ידוע</ManufactureCountry>
      <ManufacturerItemDescription>אקטיביה משקה תות 1.2</ManufacturerItemDescription>
      <UnitQty>לא ידוע</UnitQty>
      <Quantity>265.00</Quantity>
      <UnitOfMeasure>לא ידוע</UnitOfMeasure>
      <bIsWeighted>0</bIsWeighted>
      <QtyInPackage>לא ידוע</QtyInPackage>
      <ItemPrice>7.90</ItemPrice>
      <UnitOfMeasurePrice>0.0298</UnitOfMeasurePrice>
      <AllowDiscount>1</AllowDiscount>
      <ItemStatus>1</ItemStatus>
      <ItemId>152447</ItemId>
    </Item>
    <Item>
      <PriceUpdateDate>2025-08-31 10:12:12</PriceUpdateDate>
      <ItemCode>7290107938396</ItemCode>
      <ItemType>1</ItemType>
      <ItemName>אקטימל יוגורט פרוביו</ItemName>
      <ManufacturerName>לא ידוע</ManufacturerName>
      <ManufactureCountry>לא ידוע</ManufactureCountry>
      <ManufacturerItemDescription>אקטימל יוגורט פרוביו</ManufacturerItemDescription>
      <UnitQty>לא ידוע</UnitQty>
      <Quantity>864.00</Quantity>
      <UnitOfMeasure>לא ידוע</UnitOfMeasure>
      <bIsWeighted>0</bIsWeighted>
      <QtyInPackage>לא ידוע</QtyInPackage>
      <ItemPrice>22.90</ItemPrice>
      <UnitOfMeasurePrice>0.0265</UnitOfMeasurePrice>
      <AllowDiscount>1</AllowDiscount>
      <ItemStatus>1</ItemStatus>
      <ItemId>152453</ItemId>
    </Item>
    <Item>
      <PriceUpdateDate>2025-10-12 08:51:48</PriceUpdateDate>
      <ItemCode>7290000311203</ItemCode>
      <ItemType>1</ItemType>
      <ItemName>וופל מן שוקו 200גר</ItemName>
      <ManufacturerName>לא ידוע</ManufacturerName>
      <ManufactureCountry>לא ידוע</ManufactureCountry>
      <ManufacturerItemDescription>וופל מן שוקו 200גר</ManufacturerItemDescription>
      <UnitQty>לא ידוע</UnitQty>
      <Quantity>200.00</Quantity>
      <UnitOfMeasure>לא ידוע</UnitOfMeasure>
      <bIsWeighted>0</bIsWeighted>
      <QtyInPackage>לא ידוע</QtyInPackage>
      <ItemPrice>6.70</ItemPrice>
      <UnitOfMeasurePrice>0.0335</UnitOfMeasurePrice>
      <AllowDiscount>1</AllowDiscount>
      <ItemStatus>1</ItemStatus>
      <ItemId>152496</ItemId>
    </Item>
    <Item>
      <PriceUpdateDate>2025-10-12 08:52:11</PriceUpdateDate>
      <ItemCode>7290000311210</ItemCode>
      <ItemType>1</ItemType>
      <ItemName>וופל מן לימון 200גר</ItemName>
      <ManufacturerName>לא ידוע</ManufacturerName>
      <ManufactureCountry>לא ידוע</ManufactureCountry>
      <ManufacturerItemDescription>וופל מן לימון 200גר</ManufacturerItemDescription>
      <UnitQty>לא ידוע</UnitQty>
      <Quantity>200.00</Quantity>
      <UnitOfMeasure>לא ידוע</UnitOfMeasure>
      <bIsWeighted>0</bIsWeighted>
      <QtyInPackage>לא ידוע</QtyInPackage>
      <ItemPrice>6.70</ItemPrice>
      <UnitOfMeasurePrice>0.0335</UnitOfMeasurePrice>
      <AllowDiscount>1</AllowDiscount>
      <ItemStatus>1</ItemStatus>
      <ItemId>152497</ItemId>
    </Item>
    <Item>
      <PriceUpdateDate>2025-08-31 09:59:47</PriceUpdateDate>
      <ItemCode>7290018893425</ItemCode>
      <ItemType>1</ItemType>
      <ItemName>ממרח דואו צוקטה 700</ItemName>
      <ManufacturerName>לא ידוע</ManufacturerName>
      <ManufactureCountry>לא ידוע</ManufactureCountry>
      <ManufacturerItemDescription>ממרח דואו צוקטה 700</ManufacturerItemDescription>
      <UnitQty>לא ידוע</UnitQty>
      <Quantity>700.00</Quantity>
      <UnitOfMeasure>לא ידוע</UnitOfMeasure>
      <bIsWeighted>0</bIsWeighted>
      <QtyInPackage>לא ידוע</QtyInPackage>
      <ItemPrice>26.90</ItemPrice>
      <UnitOfMeasurePrice>0.0384</UnitOfMeasurePrice>
      <AllowDiscount>1</AllowDiscount>
      <ItemStatus>1</ItemStatus>
      <ItemId>240074</ItemId>
    </Item>
    <Item>
      <PriceUpdateDate>2025-10-12 08:52:12</PriceUpdateDate>
      <ItemCode>7290000311234</ItemCode>
      <ItemType>1</ItemType>
      <ItemName>וופל מן וניל 200גר</ItemName>
      <ManufacturerName>לא ידוע</ManufacturerName>
      <ManufactureCountry>לא ידוע</ManufactureCountry>
      <ManufacturerItemDescription>וופל מן וניל 200גר</ManufacturerItemDescription>
      <UnitQty>לא ידוע</UnitQty>
      <Quantity>200.00</Quantity>
      <UnitOfMeasure>לא ידוע</UnitOfMeasure>
      <bIsWeighted>0</bIsWeighted>
      <QtyInPackage>לא ידוע</QtyInPackage>
      <ItemPrice>6.70</ItemPrice>
      <UnitOfMeasurePrice>0.0335</UnitOfMeasurePrice>
      <AllowDiscount>1</AllowDiscount>
      <ItemStatus>1</ItemStatus>
      <ItemId>152499</ItemId>
    </Item>
    <Item>
      <PriceUpdateDate>2025-10-12 08:51:27</PriceUpdateDate>
      <ItemCode>7290000311425</ItemCode>
      <ItemType>1</ItemType>
      <ItemName>וופל מן מצופים עשירי</ItemName>
      <ManufacturerName>לא ידוע</ManufacturerName>
      <ManufactureCountry>לא ידוע</ManufactureCountry>
      <ManufacturerItemDescription>וופל מן מצופים עשירי</ManufacturerItemDescription>
      <UnitQty>לא ידוע</UnitQty>
      <Quantity>220.00</Quantity>
      <UnitOfMeasure>לא ידוע</UnitOfMeasure>
      <bIsWeighted>0</bIsWeighted>
      <QtyInPackage>לא ידוע</QtyInPackage>
      <ItemPrice>12.90</ItemPrice>
      <UnitOfMeasurePrice>0.0586</UnitOfMeasurePrice>
      <AllowDiscount>1</AllowDiscount>
      <ItemStatus>1</ItemStatus>
      <ItemId>152502</ItemId>
    </Item>
    <Item>
      <PriceUpdateDate>2025-08-31 08:43:41</PriceUpdateDate>
      <ItemCode>7290008329033</ItemCode>
      <ItemType>1</ItemType>
      <ItemName>צלחת 7 לבן אר 50 דנט</ItemName>
      <ManufacturerName>לא ידוע</ManufacturerName>
      <ManufactureCountry>לא ידוע</ManufactureCountry>
      <ManufacturerItemDescription>צלחת 7 לבן אר 50 דנט</ManufacturerItemDescription>
      <UnitQty>לא ידוע</UnitQty>
      <Quantity>50.00</Quantity>
      <UnitOfMeasure>לא ידוע</UnitOfMeasure>
      <bIsWeighted>0</bIsWeighted>
      <QtyInPackage>לא ידוע</QtyInPackage>
      <ItemPrice>7.90</ItemPrice>
      <UnitOfMeasurePrice>0.1580</UnitOfMeasurePrice>
      <AllowDiscount>1</AllowDiscount>
      <ItemStatus>1</ItemStatus>
      <ItemId>152637</ItemId>
    </Item>
    <Item>
      <PriceUpdateDate>2025-08-31 08:43:42</PriceUpdateDate>
      <ItemCode>7290008329231</ItemCode>
      <ItemType>1</ItemType>
      <ItemName>קסרול צבעוני 20 יח ד</ItemName>
      <ManufacturerName>לא ידוע</ManufacturerName>
      <ManufactureCountry>לא ידוע</ManufactureCountry>
      <ManufacturerItemDescription>קסרול צבעוני 20 יח ד</ManufacturerItemDescription>
      <UnitQty>יחידה   </UnitQty>
      <Quantity>0.00</Quantity>
      <UnitOfMeasure>יחידה   </UnitOfMeasure>
      <bIsWeighted>0</bIsWeighted>
      <QtyInPackage>לא ידוע</QtyInPackage>
      <ItemPrice>7.90</ItemPrice>
      <UnitOfMeasurePrice>0.0000</UnitOfMeasurePrice>
      <AllowDiscount>1</AllowDiscount>
      <ItemStatus>1</ItemStatus>
      <ItemId>152644</ItemId>
    </Item>
    <Item>
      <PriceUpdateDate>2025-08-31 08:43:43</PriceUpdateDate>
      <ItemCode>7290008329279</ItemCode>
      <ItemType>1</ItemType>
      <ItemName>ליפתנית לבן 25 יח' ד</ItemName>
      <ManufacturerName>לא ידוע</ManufacturerName>
      <ManufactureCountry>לא ידוע</ManufactureCountry>
      <ManufacturerItemDescription>ליפתנית לבן 25 יח' ד</ManufacturerItemDescription>
      <UnitQty>יחידה   </UnitQty>
      <Quantity>0.00</Quantity>
      <UnitOfMeasure>יחידה   </UnitOfMeasure>
      <bIsWeighted>0</bIsWeighted>
      <QtyInPackage>לא ידוע</QtyInPackage>
      <ItemPrice>7.90</ItemPrice>
      <UnitOfMeasurePrice>0.0000</UnitOfMeasurePrice>
      <AllowDiscount>1</AllowDiscount>
      <ItemStatus>1</ItemStatus>
      <ItemId>152648</ItemId>
    </Item>
    <Item>
      <PriceUpdateDate>2025-08-31 08:43:43</PriceUpdateDate>
      <ItemCode>7290008329286</ItemCode>
      <ItemType>1</ItemType>
      <ItemName>כפיות אר 100 דנטס</ItemName>
      <ManufacturerName>לא ידוע</ManufacturerName>
      <ManufactureCountry>לא ידוע</ManufactureCountry>
      <ManufacturerItemDescription>כפיות אר 100 דנטס</ManufacturerItemDescription>
      <UnitQty>יחידה   </UnitQty>
      <Quantity>0.00</Quantity>
      <UnitOfMeasure>יחידה   </UnitOfMeasure>
      <bIsWeighted>0</bIsWeighted>
      <QtyInPackage>לא ידוע</QtyInPackage>
      <ItemPrice>9.90</ItemPrice>
      <UnitOfMeasurePrice>0.0000</UnitOfMeasurePrice>
      <AllowDiscount>1</AllowDiscount>
      <ItemStatus>1</ItemStatus>
      <ItemId>152649</ItemId>
    </Item>
    <Item>
      <PriceUpdateDate>2025-04-20 08:04:38</PriceUpdateDate>
      <ItemCode>7290000498393</ItemCode>
      <ItemType>1</ItemType>
      <ItemName>חלה רגילה 500גר</ItemName>
      <ManufacturerName>לא ידוע</ManufacturerName>
      <ManufactureCountry>לא ידוע</ManufactureCountry>
      <ManufacturerItemDescription>חלה רגילה 500גר</ManufacturerItemDescription>
      <UnitQty>לא ידוע</UnitQty>
      <Quantity>500.00</Quantity>
      <UnitOfMeasure>לא ידוע</UnitOfMeasure>
      <bIsWeighted>0</bIsWeighted>
      <QtyInPackage>לא ידוע</QtyInPackage>
      <ItemPrice>6.61</ItemPrice>
      <UnitOfMeasurePrice>0.0132</UnitOfMeasurePrice>
      <AllowDiscount>1</AllowDiscount>
      <ItemStatus>1</ItemStatus>
      <ItemId>244341</ItemId>
    </Item>
    <Item>
      <PriceUpdateDate>2025-08-21 12:21:40</PriceUpdateDate>
      <ItemCode>7290017121000</ItemCode>
      <ItemType>1</ItemType>
      <ItemName>סחוג ירוק 140ג עללחם</ItemName>
      <ManufacturerName>קריות זול</ManufacturerName>
      <ManufactureCountry>לא ידוע</ManufactureCountry>
      <ManufacturerItemDescription>סחוג ירוק 140ג עללחם</ManufacturerItemDescription>
      <UnitQty>לא ידוע</UnitQty>
      <Quantity>140.00</Quantity>
      <UnitOfMeasure>לא ידוע</UnitOfMeasure>
      <bIsWeighted>0</bIsWeighted>
      <QtyInPackage>לא ידוע</QtyInPackage>
      <ItemPrice>14.90</ItemPrice>
      <UnitOfMeasurePrice>0.1064</UnitOfMeasurePrice>
      <AllowDiscount>1</AllowDiscount>
      <ItemStatus>1</ItemStatus>
      <ItemId>243295</ItemId>
    </Item>
    <Item>
      <PriceUpdateDate>2025-08-31 08:43:44</PriceUpdateDate>
      <ItemCode>7290008329354</ItemCode>
      <ItemType>1</ItemType>
      <ItemName>צלחת (9) ציבעוני 20י</ItemName>
      <ManufacturerName>לא ידוע</ManufacturerName>
      <ManufactureCountry>לא ידוע</ManufactureCountry>
      <ManufacturerItemDescription>צלחת (9) ציבעוני 20י</ManufacturerItemDescription>
      <UnitQty>יחידה   </UnitQty>
      <Quantity>0.00</Quantity>
      <UnitOfMeasure>יחידה   </UnitOfMeasure>
      <bIsWeighted>0</bIsWeighted>
      <QtyInPackage>לא ידוע</QtyInPackage>
      <ItemPrice>10.90</ItemPrice>
      <UnitOfMeasurePrice>0.0000</UnitOfMeasurePrice>
      <AllowDiscount>1</AllowDiscount>
      <ItemStatus>1</ItemStatus>
      <ItemId>152656</ItemId>
    </Item>
    <Item>
      <PriceUpdateDate>2025-08-31 08:43:44</PriceUpdateDate>
      <ItemCode>7290008329378</ItemCode>
      <ItemType>1</ItemType>
      <ItemName>קסרול לבן אר' 25 יח'</ItemName>
      <ManufacturerName>לא ידוע</ManufacturerName>
      <ManufactureCountry>לא ידוע</ManufactureCountry>
      <ManufacturerItemDescription>קסרול לבן אר' 25 יח'</ManufacturerItemDescription>
      <UnitQty>לא ידוע</UnitQty>
      <Quantity>25.00</Quantity>
      <UnitOfMeasure>לא ידוע</UnitOfMeasure>
      <bIsWeighted>0</bIsWeighted>
      <QtyInPackage>לא ידוע</QtyInPackage>
      <ItemPrice>7.90</ItemPrice>
      <UnitOfMeasurePrice>0.3160</UnitOfMeasurePrice>
      <AllowDiscount>1</AllowDiscount>
      <ItemStatus>1</ItemStatus>
      <ItemId>152657</ItemId>
    </Item>
    <Item>
      <PriceUpdateDate>2025-08-31 08:43:44</PriceUpdateDate>
      <ItemCode>7290008329415</ItemCode>
      <ItemType>1</ItemType>
      <ItemName>צלחת 8 לבן אר 50 דנט</ItemName>
      <ManufacturerName>לא ידוע</ManufacturerName>
      <ManufactureCountry>לא ידוע</ManufactureCountry>
      <ManufacturerItemDescription>צלחת 8 לבן אר 50 דנט</ManufacturerItemDescription>
      <UnitQty>לא ידוע</UnitQty>
      <Quantity>50.00</Quantity>
      <UnitOfMeasure>לא ידוע</UnitOfMeasure>
      <bIsWeighted>0</bIsWeighted>
      <QtyInPackage>לא ידוע</QtyInPackage>
      <ItemPrice>10.90</ItemPrice>
      <UnitOfMeasurePrice>0.2180</UnitOfMeasurePrice>
      <AllowDiscount>1</AllowDiscount>
      <ItemStatus>1</ItemStatus>
      <ItemId>152660</ItemId>
    </Item>
    <Item>
      <PriceUpdateDate>2025-08-31 08:43:47</PriceUpdateDate>
      <ItemCode>7290013542168</ItemCode>
      <ItemType>1</ItemType>
      <ItemName>כוס נייר 10 אוז 50יח</ItemName>
      <ManufacturerName>לא ידוע</ManufacturerName>
      <ManufactureCountry>לא ידוע</ManufactureCountry>
      <ManufacturerItemDescription>כוס נייר 10 אוז 50יח</ManufacturerItemDescription>
      <UnitQty>לא ידוע</UnitQty>
      <Quantity>50.00</Quantity>
      <UnitOfMeasure>לא ידוע</UnitOfMeasure>
      <bIsWeighted>0</bIsWeighted>
      <QtyInPackage>לא ידוע</QtyInPackage>
      <ItemPrice>17.90</ItemPrice>
      <UnitOfMeasurePrice>0.3580</UnitOfMeasurePrice>
      <AllowDiscount>1</AllowDiscount>
      <ItemStatus>1</ItemStatus>
      <ItemId>152674</ItemId>
    </Item>
    <Item>
      <PriceUpdateDate>2025-08-31 08:43:49</PriceUpdateDate>
      <ItemCode>7290013542533</ItemCode>
      <ItemType>1</ItemType>
      <ItemName>כוס נייר 12 אוז 50 י</ItemName>
      <ManufacturerName>לא ידוע</ManufacturerName>
      <ManufactureCountry>לא ידוע</ManufactureCountry>
      <ManufacturerItemDescription>כוס נייר 12 אוז 50 י</ManufacturerItemDescription>
      <UnitQty>יחידה   </UnitQty>
      <Quantity>0.00</Quantity>
      <UnitOfMeasure>יחידה   </UnitOfMeasure>
      <bIsWeighted>0</bIsWeighted>
      <QtyInPackage>לא ידוע</QtyInPackage>
      <ItemPrice>19.90</ItemPrice>
      <UnitOfMeasurePrice>0.0000</UnitOfMeasurePrice>
      <AllowDiscount>1</AllowDiscount>
      <ItemStatus>1</ItemStatus>
      <ItemId>152688</ItemId>
    </Item>
    <Item>
      <PriceUpdateDate>2025-09-08 07:54:48</PriceUpdateDate>
      <ItemCode>7290102601547</ItemCode>
      <ItemType>1</ItemType>
      <ItemName>כפיות פרמיום שקוף/קר</ItemName>
      <ManufacturerName>לא ידוע</ManufacturerName>
      <ManufactureCountry>לא ידוע</ManufactureCountry>
      <ManufacturerItemDescription>כפיות פרמיום שקוף/קר</ManufacturerItemDescription>
      <UnitQty>יחידה   </UnitQty>
      <Quantity>0.00</Quantity>
      <UnitOfMeasure>יחידה   </UnitOfMeasure>
      <bIsWeighted>0</bIsWeighted>
      <QtyInPackage>לא ידוע</QtyInPackage>
      <ItemPrice>9.90</ItemPrice>
      <UnitOfMeasurePrice>0.0000</UnitOfMeasurePrice>
      <AllowDiscount>1</AllowDiscount>
      <ItemStatus>1</ItemStatus>
      <ItemId>152708</ItemId>
    </Item>
    <Item>
      <PriceUpdateDate>2025-08-18 14:35:44</PriceUpdateDate>
      <ItemCode>3800718504947</ItemCode>
      <ItemType>1</ItemType>
      <ItemName>ספוג סקוטש 10יח</ItemName>
      <ManufacturerName>לא ידוע</ManufacturerName>
      <ManufactureCountry>לא ידוע</ManufactureCountry>
      <ManufacturerItemDescription>ספוג סקוטש 10יח</ManufacturerItemDescription>
      <UnitQty>לא ידוע</UnitQty>
      <Quantity>10.00</Quantity>
      <UnitOfMeasure>לא ידוע</UnitOfMeasure>
      <bIsWeighted>0</bIsWeighted>
      <QtyInPackage>לא ידוע</QtyInPackage>
      <ItemPrice>8.90</ItemPrice>
      <UnitOfMeasurePrice>0.8900</UnitOfMeasurePrice>
      <AllowDiscount>1</AllowDiscount>
      <ItemStatus>1</ItemStatus>
      <ItemId>152743</ItemId>
    </Item>
    <Item>
      <PriceUpdateDate>2025-08-19 11:31:30</PriceUpdateDate>
      <ItemCode>7290001567760</ItemCode>
      <ItemType>1</ItemType>
      <ItemName>פסטרמה של פעם ללא חו</ItemName>
      <ManufacturerName>לא ידוע</ManufacturerName>
      <ManufactureCountry>לא ידוע</ManufactureCountry>
      <ManufacturerItemDescription>פסטרמה של פעם ללא חו</ManufacturerItemDescription>
      <UnitQty>לא ידוע</UnitQty>
      <Quantity>300.00</Quantity>
      <UnitOfMeasure>לא ידוע</UnitOfMeasure>
      <bIsWeighted>0</bIsWeighted>
      <QtyInPackage>לא ידוע</QtyInPackage>
      <ItemPrice>38.90</ItemPrice>
      <UnitOfMeasurePrice>0.1297</UnitOfMeasurePrice>
      <AllowDiscount>1</AllowDiscount>
      <ItemStatus>1</ItemStatus>
      <ItemId>214817</ItemId>
    </Item>
    <Item>
      <PriceUpdateDate>2025-08-31 08:42:07</PriceUpdateDate>
      <ItemCode>6935673035612</ItemCode>
      <ItemType>1</ItemType>
      <ItemName>כפפות אלוורה שאיני S</ItemName>
      <ManufacturerName>לא ידוע</ManufacturerName>
      <ManufactureCountry>לא ידוע</ManufactureCountry>
      <ManufacturerItemDescription>כפפות אלוורה שאיני S</ManufacturerItemDescription>
      <UnitQty>יחידה   </UnitQty>
      <Quantity>0.00</Quantity>
      <UnitOfMeasure>יחידה   </UnitOfMeasure>
      <bIsWeighted>0</bIsWeighted>
      <QtyInPackage>לא ידוע</QtyInPackage>
      <ItemPrice>9.90</ItemPrice>
      <UnitOfMeasurePrice>0.0000</UnitOfMeasurePrice>
      <AllowDiscount>1</AllowDiscount>
      <ItemStatus>1</ItemStatus>
      <ItemId>152750</ItemId>
    </Item>
    <Item>
      <PriceUpdateDate>2025-08-31 08:42:07</PriceUpdateDate>
      <ItemCode>6935673035629</ItemCode>
      <ItemType>1</ItemType>
      <ItemName>כפפות אלוורה שאיני M</ItemName>
      <ManufacturerName>לא ידוע</ManufacturerName>
      <ManufactureCountry>לא ידוע</ManufactureCountry>
      <ManufacturerItemDescription>כפפות אלוורה שאיני M</ManufacturerItemDescription>
      <UnitQty>יחידה   </UnitQty>
      <Quantity>0.00</Quantity>
      <UnitOfMeasure>יחידה   </UnitOfMeasure>
      <bIsWeighted>0</bIsWeighted>
      <QtyInPackage>לא ידוע</QtyInPackage>
      <ItemPrice>9.90</ItemPrice>
      <UnitOfMeasurePrice>0.0000</UnitOfMeasurePrice>
      <AllowDiscount>1</AllowDiscount>
      <ItemStatus>1</ItemStatus>
      <ItemId>152751</ItemId>
    </Item>
    <Item>
      <PriceUpdateDate>2025-08-20 09:58:38</PriceUpdateDate>
      <ItemCode>7290010777525</ItemCode>
      <ItemType>1</ItemType>
      <ItemName>פיתות כוסמין מלא 100</ItemName>
      <ManufacturerName>לא ידוע</ManufacturerName>
      <ManufactureCountry>לא ידוע</ManufactureCountry>
      <ManufacturerItemDescription>פיתות כוסמין מלא 100</ManufacturerItemDescription>
      <UnitQty>יחידה   </UnitQty>
      <Quantity>0.00</Quantity>
      <UnitOfMeasure>יחידה   </UnitOfMeasure>
      <bIsWeighted>0</bIsWeighted>
      <QtyInPackage>לא ידוע</QtyInPackage>
      <ItemPrice>18.90</ItemPrice>
      <UnitOfMeasurePrice>0.0000</UnitOfMeasurePrice>
      <AllowDiscount>1</AllowDiscount>
      <ItemStatus>1</ItemStatus>
      <ItemId>240349</ItemId>
    </Item>
    <Item>
      <PriceUpdateDate>2025-08-19 08:30:43</PriceUpdateDate>
      <ItemCode>4810168058999</ItemCode>
      <ItemType>1</ItemType>
      <ItemName>פילה דג הרינג סקנדינ</ItemName>
      <ManufacturerName>לא ידוע</ManufacturerName>
      <ManufactureCountry>לא ידוע</ManufactureCountry>
      <ManufacturerItemDescription>פילה דג הרינג סקנדינ</ManufacturerItemDescription>
      <UnitQty>לא ידוע</UnitQty>
      <Quantity>250.00</Quantity>
      <UnitOfMeasure>לא ידוע</UnitOfMeasure>
      <bIsWeighted>0</bIsWeighted>
      <QtyInPackage>לא ידוע</QtyInPackage>
      <ItemPrice>18.90</ItemPrice>
      <UnitOfMeasurePrice>0.0756</UnitOfMeasurePrice>
      <AllowDiscount>1</AllowDiscount>
      <ItemStatus>1</ItemStatus>
      <ItemId>238413</ItemId>
    </Item>
    <Item>
      <PriceUpdateDate>2025-08-27 09:42:24</PriceUpdateDate>
      <ItemCode>7290010613526</ItemCode>
      <ItemType>1</ItemType>
      <ItemName>דלי מטליות לניקוי וח</ItemName>
      <ManufacturerName>לא ידוע</ManufacturerName>
      <ManufactureCountry>לא ידוע</ManufactureCountry>
      <ManufacturerItemDescription>דלי מטליות לניקוי וח</ManufacturerItemDescription>
      <UnitQty>יחידה   </UnitQty>
      <Quantity>0.00</Quantity>
      <UnitOfMeasure>יחידה   </UnitOfMeasure>
      <bIsWeighted>0</bIsWeighted>
      <QtyInPackage>לא ידוע</QtyInPackage>
      <ItemPrice>15.90</ItemPrice>
      <UnitOfMeasurePrice>0.0000</UnitOfMeasurePrice>
      <AllowDiscount>1</AllowDiscount>
      <ItemStatus>1</ItemStatus>
      <ItemId>234808</ItemId>
    </Item>
    <Item>
      <PriceUpdateDate>2025-08-31 08:42:08</PriceUpdateDate>
      <ItemCode>7290000599434</ItemCode>
      <ItemType>1</ItemType>
      <ItemName>סחבות לרצפה גרניט 3י</ItemName>
      <ManufacturerName>לא ידוע</ManufacturerName>
      <ManufactureCountry>לא ידוע</ManufactureCountry>
      <ManufacturerItemDescription>סחבות לרצפה גרניט 3י</ManufacturerItemDescription>
      <UnitQty>יחידה   </UnitQty>
      <Quantity>0.00</Quantity>
      <UnitOfMeasure>יחידה   </UnitOfMeasure>
      <bIsWeighted>0</bIsWeighted>
      <QtyInPackage>לא ידוע</QtyInPackage>
      <ItemPrice>11.90</ItemPrice>
      <UnitOfMeasurePrice>0.0000</UnitOfMeasurePrice>
      <AllowDiscount>1</AllowDiscount>
      <ItemStatus>1</ItemStatus>
      <ItemId>152761</ItemId>
    </Item>
    <Item>
      <PriceUpdateDate>2025-08-31 08:42:09</PriceUpdateDate>
      <ItemCode>7290000599564</ItemCode>
      <ItemType>1</ItemType>
      <ItemName>צמר פלדה 5יח</ItemName>
      <ManufacturerName>לא ידוע</ManufacturerName>
      <ManufactureCountry>לא ידוע</ManufactureCountry>
      <ManufacturerItemDescription>צמר פלדה 5יח</ManufacturerItemDescription>
      <UnitQty>לא ידוע</UnitQty>
      <Quantity>200.00</Quantity>
      <UnitOfMeasure>לא ידוע</UnitOfMeasure>
      <bIsWeighted>0</bIsWeighted>
      <QtyInPackage>לא ידוע</QtyInPackage>
      <ItemPrice>5.90</ItemPrice>
      <UnitOfMeasurePrice>0.0295</UnitOfMeasurePrice>
      <AllowDiscount>1</AllowDiscount>
      <ItemStatus>1</ItemStatus>
      <ItemId>152764</ItemId>
    </Item>
    <Item>
      <PriceUpdateDate>2025-08-31 08:42:10</PriceUpdateDate>
      <ItemCode>7290000599847</ItemCode>
      <ItemType>1</ItemType>
      <ItemName>רב מגבת גליל</ItemName>
      <ManufacturerName>לא ידוע</ManufacturerName>
      <ManufactureCountry>לא ידוע</ManufactureCountry>
      <ManufacturerItemDescription>רב מגבת גליל</ManufacturerItemDescription>
      <UnitQty>יחידה   </UnitQty>
      <Quantity>0.00</Quantity>
      <UnitOfMeasure>יחידה   </UnitOfMeasure>
      <bIsWeighted>0</bIsWeighted>
      <QtyInPackage>לא ידוע</QtyInPackage>
      <ItemPrice>12.90</ItemPrice>
      <UnitOfMeasurePrice>0.0000</UnitOfMeasurePrice>
      <AllowDiscount>1</AllowDiscount>
      <ItemStatus>1</ItemStatus>
      <ItemId>152772</ItemId>
    </Item>
    <Item>
      <PriceUpdateDate>2025-08-26 11:54:34</PriceUpdateDate>
      <ItemCode>7290114313070</ItemCode>
      <ItemType>1</ItemType>
      <ItemName>מולר פרופ יוגורט מוק</ItemName>
      <ManufacturerName>לא ידוע</ManufacturerName>
      <ManufactureCountry>לא ידוע</ManufactureCountry>
      <ManufacturerItemDescription>מולר פרופ יוגורט מוק</ManufacturerItemDescription>
      <UnitQty>לא ידוע</UnitQty>
      <Quantity>97.00</Quantity>
      <UnitOfMeasure>לא ידוע</UnitOfMeasure>
      <bIsWeighted>0</bIsWeighted>
      <QtyInPackage>לא ידוע</QtyInPackage>
      <ItemPrice>6.50</ItemPrice>
      <UnitOfMeasurePrice>0.0670</UnitOfMeasurePrice>
      <AllowDiscount>1</AllowDiscount>
      <ItemStatus>1</ItemStatus>
      <ItemId>251579</ItemId>
    </Item>
    <Item>
      <PriceUpdateDate>2025-09-08 07:55:29</PriceUpdateDate>
      <ItemCode>7290020030047</ItemCode>
      <ItemType>1</ItemType>
      <ItemName>סירופ בטעם ענבים 1 ל</ItemName>
      <ManufacturerName>לא ידוע</ManufacturerName>
      <ManufactureCountry>לא ידוע</ManufactureCountry>
      <ManufacturerItemDescription>סירופ בטעם ענבים 1 ל</ManufacturerItemDescription>
      <UnitQty>לא ידוע</UnitQty>
      <Quantity>1000.00</Quantity>
      <UnitOfMeasure>לא ידוע</UnitOfMeasure>
      <bIsWeighted>0</bIsWeighted>
      <QtyInPackage>לא ידוע</QtyInPackage>
      <ItemPrice>12.90</ItemPrice>
      <UnitOfMeasurePrice>0.0129</UnitOfMeasurePrice>
      <AllowDiscount>1</AllowDiscount>
      <ItemStatus>1</ItemStatus>
      <ItemId>250919</ItemId>
    </Item>
    <Item>
      <PriceUpdateDate>2025-08-31 08:42:11</PriceUpdateDate>
      <ItemCode>7290010711123</ItemCode>
      <ItemType>1</ItemType>
      <ItemName>ננס רביעיה "שייני"</ItemName>
      <ManufacturerName>לא ידוע</ManufacturerName>
      <ManufactureCountry>לא ידוע</ManufactureCountry>
      <ManufacturerItemDescription>ננס רביעיה "שייני"</ManufacturerItemDescription>
      <UnitQty>יחידה   </UnitQty>
      <Quantity>0.00</Quantity>
      <UnitOfMeasure>יחידה   </UnitOfMeasure>
      <bIsWeighted>0</bIsWeighted>
      <QtyInPackage>לא ידוע</QtyInPackage>
      <ItemPrice>8.90</ItemPrice>
      <UnitOfMeasurePrice>0.0000</UnitOfMeasurePrice>
      <AllowDiscount>1</AllowDiscount>
      <ItemStatus>1</ItemStatus>
      <ItemId>152792</ItemId>
    </Item>
    <Item>
      <PriceUpdateDate>2025-04-20 08:42:41</PriceUpdateDate>
      <ItemCode>7613287121783</ItemCode>
      <ItemType>1</ItemType>
      <ItemName>סמארטיס מיני 187גרם</ItemName>
      <ManufacturerName>לא ידוע</ManufacturerName>
      <ManufactureCountry>לא ידוע</ManufactureCountry>
      <ManufacturerItemDescription>סמארטיס מיני 187גרם</ManufacturerItemDescription>
      <UnitQty>לא ידוע</UnitQty>
      <Quantity>187.00</Quantity>
      <UnitOfMeasure>לא ידוע</UnitOfMeasure>
      <bIsWeighted>0</bIsWeighted>
      <QtyInPackage>לא ידוע</QtyInPackage>
      <ItemPrice>14.90</ItemPrice>
      <UnitOfMeasurePrice>0.0797</UnitOfMeasurePrice>
      <AllowDiscount>1</AllowDiscount>
      <ItemStatus>1</ItemStatus>
      <ItemId>234964</ItemId>
    </Item>
    <Item>
      <PriceUpdateDate>2025-08-31 08:42:14</PriceUpdateDate>
      <ItemCode>7290012931611</ItemCode>
      <ItemType>1</ItemType>
      <ItemName>כריות ברזל 3יח</ItemName>
      <ManufacturerName>לא ידוע</ManufacturerName>
      <ManufactureCountry>לא ידוע</ManufactureCountry>
      <ManufacturerItemDescription>כריות ברזל 3יח</ManufacturerItemDescription>
      <UnitQty>לא ידוע</UnitQty>
      <Quantity>3.00</Quantity>
      <UnitOfMeasure>לא ידוע</UnitOfMeasure>
      <bIsWeighted>0</bIsWeighted>
      <QtyInPackage>לא ידוע</QtyInPackage>
      <ItemPrice>8.90</ItemPrice>
      <UnitOfMeasurePrice>2.9667</UnitOfMeasurePrice>
      <AllowDiscount>1</AllowDiscount>
      <ItemStatus>1</ItemStatus>
      <ItemId>152825</ItemId>
    </Item>
    <Item>
      <PriceUpdateDate>2025-09-07 10:41:24</PriceUpdateDate>
      <ItemCode>7290108352122</ItemCode>
      <ItemType>1</ItemType>
      <ItemName>סנו פרש נטול גז בניח</ItemName>
      <ManufacturerName>לא ידוע</ManufacturerName>
      <ManufactureCountry>לא ידוע</ManufactureCountry>
      <ManufacturerItemDescription>סנו פרש נטול גז בניח</ManufacturerItemDescription>
      <UnitQty>לא ידוע</UnitQty>
      <Quantity>350.00</Quantity>
      <UnitOfMeasure>לא ידוע</UnitOfMeasure>
      <bIsWeighted>0</bIsWeighted>
      <QtyInPackage>לא ידוע</QtyInPackage>
      <ItemPrice>16.90</ItemPrice>
      <UnitOfMeasurePrice>0.0483</UnitOfMeasurePrice>
      <AllowDiscount>1</AllowDiscount>
      <ItemStatus>1</ItemStatus>
      <ItemId>251150</ItemId>
    </Item>
    <Item>
      <PriceUpdateDate>2025-12-03 10:57:44</PriceUpdateDate>
      <ItemCode>4810168060190</ItemCode>
      <ItemType>1</ItemType>
      <ItemName>חתיכות פילה דג הרינג</ItemName>
      <ManufacturerName>לא ידוע</ManufacturerName>
      <ManufactureCountry>לא ידוע</ManufactureCountry>
      <ManufacturerItemDescription>חתיכות פילה דג הרינג</ManufacturerItemDescription>
      <UnitQty>לא ידוע</UnitQty>
      <Quantity>150.00</Quantity>
      <UnitOfMeasure>לא ידוע</UnitOfMeasure>
      <bIsWeighted>0</bIsWeighted>
      <QtyInPackage>לא ידוע</QtyInPackage>
      <ItemPrice>12.90</ItemPrice>
      <UnitOfMeasurePrice>0.0860</UnitOfMeasurePrice>
      <AllowDiscount>1</AllowDiscount>
      <ItemStatus>1</ItemStatus>
      <ItemId>241276</ItemId>
    </Item>
    <Item>
      <PriceUpdateDate>2025-08-31 09:58:00</PriceUpdateDate>
      <ItemCode>7290108502268</ItemCode>
      <ItemType>1</ItemType>
      <ItemName>קרקרים במליחות מעודנ</ItemName>
      <ManufacturerName>לא ידוע</ManufacturerName>
      <ManufactureCountry>לא ידוע</ManufactureCountry>
      <ManufacturerItemDescription>קרקרים במליחות מעודנ</ManufacturerItemDescription>
      <UnitQty>לא ידוע</UnitQty>
      <Quantity>250.00</Quantity>
      <UnitOfMeasure>לא ידוע</UnitOfMeasure>
      <bIsWeighted>0</bIsWeighted>
      <QtyInPackage>לא ידוע</QtyInPackage>
      <ItemPrice>10.90</ItemPrice>
      <UnitOfMeasurePrice>0.0436</UnitOfMeasurePrice>
      <AllowDiscount>1</AllowDiscount>
      <ItemStatus>1</ItemStatus>
      <ItemId>241111</ItemId>
    </Item>
    <Item>
      <PriceUpdateDate>2025-08-31 10:26:14</PriceUpdateDate>
      <ItemCode>7290018652886</ItemCode>
      <ItemType>1</ItemType>
      <ItemName>מאגדת מצופים בננה 8</ItemName>
      <ManufacturerName>לא ידוע</ManufacturerName>
      <ManufactureCountry>לא ידוע</ManufactureCountry>
      <ManufacturerItemDescription>מאגדת מצופים בננה 8</ManufacturerItemDescription>
      <UnitQty>לא ידוע</UnitQty>
      <Quantity>440.00</Quantity>
      <UnitOfMeasure>לא ידוע</UnitOfMeasure>
      <bIsWeighted>0</bIsWeighted>
      <QtyInPackage>לא ידוע</QtyInPackage>
      <ItemPrice>31.90</ItemPrice>
      <UnitOfMeasurePrice>0.0725</UnitOfMeasurePrice>
      <AllowDiscount>1</AllowDiscount>
      <ItemStatus>1</ItemStatus>
      <ItemId>238309</ItemId>
    </Item>
    <Item>
      <PriceUpdateDate>2025-08-26 10:33:25</PriceUpdateDate>
      <ItemCode>7290018359556</ItemCode>
      <ItemType>1</ItemType>
      <ItemName>תירס מהשדה יכין 400</ItemName>
      <ManufacturerName>קריות זול</ManufacturerName>
      <ManufactureCountry>לא ידוע</ManufactureCountry>
      <ManufacturerItemDescription>תירס מהשדה יכין 400</ManufacturerItemDescription>
      <UnitQty>לא ידוע</UnitQty>
      <Quantity>400.00</Quantity>
      <UnitOfMeasure>לא ידוע</UnitOfMeasure>
      <bIsWeighted>0</bIsWeighted>
      <QtyInPackage>לא ידוע</QtyInPackage>
      <ItemPrice>9.50</ItemPrice>
      <UnitOfMeasurePrice>0.0238</UnitOfMeasurePrice>
      <AllowDiscount>1</AllowDiscount>
      <ItemStatus>1</ItemStatus>
      <ItemId>234241</ItemId>
    </Item>
    <Item>
      <PriceUpdateDate>2025-08-31 10:12:23</PriceUpdateDate>
      <ItemCode>7290110560836</ItemCode>
      <ItemType>1</ItemType>
      <ItemName>מילקי בטעם פסק זמן</ItemName>
      <ManufacturerName>לא ידוע</ManufacturerName>
      <ManufactureCountry>לא ידוע</ManufactureCountry>
      <ManufacturerItemDescription>מילקי בטעם פסק זמן</ManufacturerItemDescription>
      <UnitQty>לא ידוע</UnitQty>
      <Quantity>133.00</Quantity>
      <UnitOfMeasure>לא ידוע</UnitOfMeasure>
      <bIsWeighted>0</bIsWeighted>
      <QtyInPackage>לא ידוע</QtyInPackage>
      <ItemPrice>3.30</ItemPrice>
      <UnitOfMeasurePrice>0.0248</UnitOfMeasurePrice>
      <AllowDiscount>1</AllowDiscount>
      <ItemStatus>1</ItemStatus>
      <ItemId>210551</ItemId>
    </Item>
    <Item>
      <PriceUpdateDate>2025-08-20 09:49:44</PriceUpdateDate>
      <ItemCode>7290003224272</ItemCode>
      <ItemType>1</ItemType>
      <ItemName>כיסונים בשר מוסקובסק</ItemName>
      <ManufacturerName>לא ידוע</ManufacturerName>
      <ManufactureCountry>לא ידוע</ManufactureCountry>
      <ManufacturerItemDescription>כיסונים בשר מוסקובסק</ManufacturerItemDescription>
      <UnitQty>לא ידוע</UnitQty>
      <Quantity>1000.00</Quantity>
      <UnitOfMeasure>לא ידוע</UnitOfMeasure>
      <bIsWeighted>0</bIsWeighted>
      <QtyInPackage>לא ידוע</QtyInPackage>
      <ItemPrice>36.90</ItemPrice>
      <UnitOfMeasurePrice>0.0369</UnitOfMeasurePrice>
      <AllowDiscount>1</AllowDiscount>
      <ItemStatus>1</ItemStatus>
      <ItemId>152872</ItemId>
    </Item>
    <Item>
      <PriceUpdateDate>2025-04-16 08:56:05</PriceUpdateDate>
      <ItemCode>7290000003719</ItemCode>
      <ItemType>1</ItemType>
      <ItemName>אוסובוקו עע</ItemName>
      <ManufacturerName>לא ידוע</ManufacturerName>
      <ManufactureCountry>ישראל</ManufactureCountry>
      <ManufacturerItemDescription>אוסובוקו עע</ManufacturerItemDescription>
      <UnitQty>קילוגרמים</UnitQty>
      <Quantity>1.00</Quantity>
      <UnitOfMeasure>ק"ג</UnitOfMeasure>
      <bIsWeighted>1</bIsWeighted>
      <QtyInPackage>לא ידוע</QtyInPackage>
      <ItemPrice>79.90</ItemPrice>
      <UnitOfMeasurePrice>79.9000</UnitOfMeasurePrice>
      <AllowDiscount>1</AllowDiscount>
      <ItemStatus>1</ItemStatus>
      <ItemId>152894</ItemId>
    </Item>
    <Item>
      <PriceUpdateDate>2025-08-21 10:37:51</PriceUpdateDate>
      <ItemCode>7290002879237</ItemCode>
      <ItemType>1</ItemType>
      <ItemName>ציפס טורטילה 200גר</ItemName>
      <ManufacturerName>לא ידוע</ManufacturerName>
      <ManufactureCountry>לא ידוע</ManufactureCountry>
      <ManufacturerItemDescription>ציפס טורטילה 200גר</ManufacturerItemDescription>
      <UnitQty>לא ידוע</UnitQty>
      <Quantity>200.00</Quantity>
      <UnitOfMeasure>לא ידוע</UnitOfMeasure>
      <bIsWeighted>0</bIsWeighted>
      <QtyInPackage>לא ידוע</QtyInPackage>
      <ItemPrice>12.90</ItemPrice>
      <UnitOfMeasurePrice>0.0645</UnitOfMeasurePrice>
      <AllowDiscount>1</AllowDiscount>
      <ItemStatus>1</ItemStatus>
      <ItemId>215081</ItemId>
    </Item>
    <Item>
      <PriceUpdateDate>2025-08-21 10:37:51</PriceUpdateDate>
      <ItemCode>7290002879282</ItemCode>
      <ItemType>1</ItemType>
      <ItemName>ציפס תירס טורטילה 20</ItemName>
      <ManufacturerName>לא ידוע</ManufacturerName>
      <ManufactureCountry>לא ידוע</ManufactureCountry>
      <ManufacturerItemDescription>ציפס תירס טורטילה 20</ManufacturerItemDescription>
      <UnitQty>לא ידוע</UnitQty>
      <Quantity>200.00</Quantity>
      <UnitOfMeasure>לא ידוע</UnitOfMeasure>
      <bIsWeighted>0</bIsWeighted>
      <QtyInPackage>לא ידוע</QtyInPackage>
      <ItemPrice>13.90</ItemPrice>
      <UnitOfMeasurePrice>0.0695</UnitOfMeasurePrice>
      <AllowDiscount>1</AllowDiscount>
      <ItemStatus>1</ItemStatus>
      <ItemId>215082</ItemId>
    </Item>
    <Item>
      <PriceUpdateDate>2025-08-21 10:37:52</PriceUpdateDate>
      <ItemCode>7290006496072</ItemCode>
      <ItemType>1</ItemType>
      <ItemName>משקה סירופ למלבי 750</ItemName>
      <ManufacturerName>לא ידוע</ManufacturerName>
      <ManufactureCountry>לא ידוע</ManufactureCountry>
      <ManufacturerItemDescription>משקה סירופ למלבי 750</ManufacturerItemDescription>
      <UnitQty>לא ידוע</UnitQty>
      <Quantity>750.00</Quantity>
      <UnitOfMeasure>לא ידוע</UnitOfMeasure>
      <bIsWeighted>0</bIsWeighted>
      <QtyInPackage>לא ידוע</QtyInPackage>
      <ItemPrice>22.90</ItemPrice>
      <UnitOfMeasurePrice>0.0305</UnitOfMeasurePrice>
      <AllowDiscount>1</AllowDiscount>
      <ItemStatus>1</ItemStatus>
      <ItemId>215090</ItemId>
    </Item>
    <Item>
      <PriceUpdateDate>2025-08-18 09:16:28</PriceUpdateDate>
      <ItemCode>7290002511229</ItemCode>
      <ItemType>1</ItemType>
      <ItemName>בולגרית מעודנת המושב</ItemName>
      <ManufacturerName>לא ידוע</ManufacturerName>
      <ManufactureCountry>ישראל</ManufactureCountry>
      <ManufacturerItemDescription>בולגרית מעודנת המושב</ManufacturerItemDescription>
      <UnitQty>קילוגרמים</UnitQty>
      <Quantity>1.00</Quantity>
      <UnitOfMeasure>ק"ג</UnitOfMeasure>
      <bIsWeighted>1</bIsWeighted>
      <QtyInPackage>לא ידוע</QtyInPackage>
      <ItemPrice>56.00</ItemPrice>
      <UnitOfMeasurePrice>56.0000</UnitOfMeasurePrice>
      <AllowDiscount>1</AllowDiscount>
      <ItemStatus>1</ItemStatus>
      <ItemId>153066</ItemId>
    </Item>
    <Item>
      <PriceUpdateDate>2025-12-17 12:34:37</PriceUpdateDate>
      <ItemCode>7290004944032</ItemCode>
      <ItemType>1</ItemType>
      <ItemName>חומוס אסלי 400 גרם</ItemName>
      <ManufacturerName>לא ידוע</ManufacturerName>
      <ManufactureCountry>לא ידוע</ManufactureCountry>
      <ManufacturerItemDescription>חומוס אסלי 400 גרם</ManufacturerItemDescription>
      <UnitQty>לא ידוע</UnitQty>
      <Quantity>400.00</Quantity>
      <UnitOfMeasure>לא ידוע</UnitOfMeasure>
      <bIsWeighted>0</bIsWeighted>
      <QtyInPackage>לא ידוע</QtyInPackage>
      <ItemPrice>11.90</ItemPrice>
      <UnitOfMeasurePrice>0.0298</UnitOfMeasurePrice>
      <AllowDiscount>1</AllowDiscount>
      <ItemStatus>1</ItemStatus>
      <ItemId>153181</ItemId>
    </Item>
    <Item>
      <PriceUpdateDate>2025-12-17 12:34:37</PriceUpdateDate>
      <ItemCode>7290004944049</ItemCode>
      <ItemType>1</ItemType>
      <ItemName>טחינה אסלי 400גר</ItemName>
      <ManufacturerName>לא ידוע</ManufacturerName>
      <ManufactureCountry>לא ידוע</ManufactureCountry>
      <ManufacturerItemDescription>טחינה אסלי 400גר</ManufacturerItemDescription>
      <UnitQty>לא ידוע</UnitQty>
      <Quantity>400.00</Quantity>
      <UnitOfMeasure>לא ידוע</UnitOfMeasure>
      <bIsWeighted>0</bIsWeighted>
      <QtyInPackage>לא ידוע</QtyInPackage>
      <ItemPrice>11.90</ItemPrice>
      <UnitOfMeasurePrice>0.0298</UnitOfMeasurePrice>
      <AllowDiscount>1</AllowDiscount>
      <ItemStatus>1</ItemStatus>
      <ItemId>153182</ItemId>
    </Item>
    <Item>
      <PriceUpdateDate>2025-12-17 12:34:37</PriceUpdateDate>
      <ItemCode>7290004944056</ItemCode>
      <ItemType>1</ItemType>
      <ItemName>חציל במיונז אסלי 400</ItemName>
      <ManufacturerName>לא ידוע</ManufacturerName>
      <ManufactureCountry>לא ידוע</ManufactureCountry>
      <ManufacturerItemDescription>חציל במיונז אסלי 400</ManufacturerItemDescription>
      <UnitQty>לא ידוע</UnitQty>
      <Quantity>400.00</Quantity>
      <UnitOfMeasure>לא ידוע</UnitOfMeasure>
      <bIsWeighted>0</bIsWeighted>
      <QtyInPackage>לא ידוע</QtyInPackage>
      <ItemPrice>11.90</ItemPrice>
      <UnitOfMeasurePrice>0.0298</UnitOfMeasurePrice>
      <AllowDiscount>1</AllowDiscount>
      <ItemStatus>1</ItemStatus>
      <ItemId>153183</ItemId>
    </Item>
    <Item>
      <PriceUpdateDate>2025-12-17 12:34:50</PriceUpdateDate>
      <ItemCode>7290012025839</ItemCode>
      <ItemType>1</ItemType>
      <ItemName>מטבוחה אסלי 400גר</ItemName>
      <ManufacturerName>לא ידוע</ManufacturerName>
      <ManufactureCountry>לא ידוע</ManufactureCountry>
      <ManufacturerItemDescription>מטבוחה אסלי 400גר</ManufacturerItemDescription>
      <UnitQty>לא ידוע</UnitQty>
      <Quantity>400.00</Quantity>
      <UnitOfMeasure>לא ידוע</UnitOfMeasure>
      <bIsWeighted>0</bIsWeighted>
      <QtyInPackage>לא ידוע</QtyInPackage>
      <ItemPrice>11.90</ItemPrice>
      <UnitOfMeasurePrice>0.0298</UnitOfMeasurePrice>
      <AllowDiscount>1</AllowDiscount>
      <ItemStatus>1</ItemStatus>
      <ItemId>153198</ItemId>
    </Item>
    <Item>
      <PriceUpdateDate>2025-12-17 12:34:26</PriceUpdateDate>
      <ItemCode>7290013525802</ItemCode>
      <ItemType>1</ItemType>
      <ItemName>סלט סחוג אדום שמיר 1</ItemName>
      <ManufacturerName>לא ידוע</ManufacturerName>
      <ManufactureCountry>לא ידוע</ManufactureCountry>
      <ManufacturerItemDescription>סלט סחוג אדום שמיר 1</ManufacturerItemDescription>
      <UnitQty>לא ידוע</UnitQty>
      <Quantity>150.00</Quantity>
      <UnitOfMeasure>לא ידוע</UnitOfMeasure>
      <bIsWeighted>0</bIsWeighted>
      <QtyInPackage>לא ידוע</QtyInPackage>
      <ItemPrice>10.90</ItemPrice>
      <UnitOfMeasurePrice>0.0727</UnitOfMeasurePrice>
      <AllowDiscount>1</AllowDiscount>
      <ItemStatus>1</ItemStatus>
      <ItemId>153201</ItemId>
    </Item>
    <Item>
      <PriceUpdateDate>2025-12-17 12:34:39</PriceUpdateDate>
      <ItemCode>7290013525819</ItemCode>
      <ItemType>1</ItemType>
      <ItemName>סלט שום כתוש שמיר 15</ItemName>
      <ManufacturerName>לא ידוע</ManufacturerName>
      <ManufactureCountry>לא ידוע</ManufactureCountry>
      <ManufacturerItemDescription>סלט שום כתוש שמיר 15</ManufacturerItemDescription>
      <UnitQty>לא ידוע</UnitQty>
      <Quantity>150.00</Quantity>
      <UnitOfMeasure>לא ידוע</UnitOfMeasure>
      <bIsWeighted>0</bIsWeighted>
      <QtyInPackage>לא ידוע</QtyInPackage>
      <ItemPrice>10.90</ItemPrice>
      <UnitOfMeasurePrice>0.0727</UnitOfMeasurePrice>
      <AllowDiscount>1</AllowDiscount>
      <ItemStatus>1</ItemStatus>
      <ItemId>153202</ItemId>
    </Item>
    <Item>
      <PriceUpdateDate>2025-12-17 12:34:40</PriceUpdateDate>
      <ItemCode>7290014435810</ItemCode>
      <ItemType>1</ItemType>
      <ItemName>הרינג כבוש עם בצל במ</ItemName>
      <ManufacturerName>לא ידוע</ManufacturerName>
      <ManufactureCountry>לא ידוע</ManufactureCountry>
      <ManufacturerItemDescription>הרינג כבוש עם בצל במ</ManufacturerItemDescription>
      <UnitQty>לא ידוע</UnitQty>
      <Quantity>180.00</Quantity>
      <UnitOfMeasure>לא ידוע</UnitOfMeasure>
      <bIsWeighted>0</bIsWeighted>
      <QtyInPackage>לא ידוע</QtyInPackage>
      <ItemPrice>24.90</ItemPrice>
      <UnitOfMeasurePrice>0.1383</UnitOfMeasurePrice>
      <AllowDiscount>1</AllowDiscount>
      <ItemStatus>1</ItemStatus>
      <ItemId>153207</ItemId>
    </Item>
    <Item>
      <PriceUpdateDate>2025-12-17 12:34:41</PriceUpdateDate>
      <ItemCode>7290014435889</ItemCode>
      <ItemType>1</ItemType>
      <ItemName>סלט מטיאס עם מיונז 2</ItemName>
      <ManufacturerName>לא ידוע</ManufacturerName>
      <ManufactureCountry>לא ידוע</ManufactureCountry>
      <ManufacturerItemDescription>סלט מטיאס עם מיונז 2</ManufacturerItemDescription>
      <UnitQty>לא ידוע</UnitQty>
      <Quantity>200.00</Quantity>
      <UnitOfMeasure>לא ידוע</UnitOfMeasure>
      <bIsWeighted>0</bIsWeighted>
      <QtyInPackage>לא ידוע</QtyInPackage>
      <ItemPrice>24.90</ItemPrice>
      <UnitOfMeasurePrice>0.1245</UnitOfMeasurePrice>
      <AllowDiscount>1</AllowDiscount>
      <ItemStatus>1</ItemStatus>
      <ItemId>153212</ItemId>
    </Item>
    <Item>
      <PriceUpdateDate>2025-12-17 12:34:41</PriceUpdateDate>
      <ItemCode>7290014435896</ItemCode>
      <ItemType>1</ItemType>
      <ItemName>סלט סלמון עם מיונז 2</ItemName>
      <ManufacturerName>לא ידוע</ManufacturerName>
      <ManufactureCountry>לא ידוע</ManufactureCountry>
      <ManufacturerItemDescription>סלט סלמון עם מיונז 2</ManufacturerItemDescription>
      <UnitQty>לא ידוע</UnitQty>
      <Quantity>200.00</Quantity>
      <UnitOfMeasure>לא ידוע</UnitOfMeasure>
      <bIsWeighted>0</bIsWeighted>
      <QtyInPackage>לא ידוע</QtyInPackage>
      <ItemPrice>24.90</ItemPrice>
      <UnitOfMeasurePrice>0.1245</UnitOfMeasurePrice>
      <AllowDiscount>1</AllowDiscount>
      <ItemStatus>1</ItemStatus>
      <ItemId>153213</ItemId>
    </Item>
    <Item>
      <PriceUpdateDate>2025-12-17 12:34:41</PriceUpdateDate>
      <ItemCode>7290015282000</ItemCode>
      <ItemType>1</ItemType>
      <ItemName>איקרה אדומה 200גר שמ</ItemName>
      <ManufacturerName>לא ידוע</ManufacturerName>
      <ManufactureCountry>לא ידוע</ManufactureCountry>
      <ManufacturerItemDescription>איקרה אדומה 200גר שמ</ManufacturerItemDescription>
      <UnitQty>לא ידוע</UnitQty>
      <Quantity>200.00</Quantity>
      <UnitOfMeasure>לא ידוע</UnitOfMeasure>
      <bIsWeighted>0</bIsWeighted>
      <QtyInPackage>לא ידוע</QtyInPackage>
      <ItemPrice>18.90</ItemPrice>
      <UnitOfMeasurePrice>0.0945</UnitOfMeasurePrice>
      <AllowDiscount>1</AllowDiscount>
      <ItemStatus>1</ItemStatus>
      <ItemId>153215</ItemId>
    </Item>
    <Item>
      <PriceUpdateDate>2025-12-17 12:34:41</PriceUpdateDate>
      <ItemCode>7290015282024</ItemCode>
      <ItemType>1</ItemType>
      <ItemName>איקרה לבנה 200גר שמי</ItemName>
      <ManufacturerName>לא ידוע</ManufacturerName>
      <ManufactureCountry>לא ידוע</ManufactureCountry>
      <ManufacturerItemDescription>איקרה לבנה 200גר שמי</ManufacturerItemDescription>
      <UnitQty>לא ידוע</UnitQty>
      <Quantity>200.00</Quantity>
      <UnitOfMeasure>לא ידוע</UnitOfMeasure>
      <bIsWeighted>0</bIsWeighted>
      <QtyInPackage>לא ידוע</QtyInPackage>
      <ItemPrice>18.90</ItemPrice>
      <UnitOfMeasurePrice>0.0945</UnitOfMeasurePrice>
      <AllowDiscount>1</AllowDiscount>
      <ItemStatus>1</ItemStatus>
      <ItemId>153217</ItemId>
    </Item>
    <Item>
      <PriceUpdateDate>2025-08-27 09:53:21</PriceUpdateDate>
      <ItemCode>7290002814016</ItemCode>
      <ItemType>1</ItemType>
      <ItemName>מסיר שומנים סנט מורי</ItemName>
      <ManufacturerName>לא ידוע</ManufacturerName>
      <ManufactureCountry>לא ידוע</ManufactureCountry>
      <ManufacturerItemDescription>מסיר שומנים סנט מורי</ManufacturerItemDescription>
      <UnitQty>לא ידוע</UnitQty>
      <Quantity>750.00</Quantity>
      <UnitOfMeasure>לא ידוע</UnitOfMeasure>
      <bIsWeighted>0</bIsWeighted>
      <QtyInPackage>לא ידוע</QtyInPackage>
      <ItemPrice>17.90</ItemPrice>
      <UnitOfMeasurePrice>0.0239</UnitOfMeasurePrice>
      <AllowDiscount>1</AllowDiscount>
      <ItemStatus>1</ItemStatus>
      <ItemId>153261</ItemId>
    </Item>
    <Item>
      <PriceUpdateDate>2025-08-27 09:53:22</PriceUpdateDate>
      <ItemCode>7290002814078</ItemCode>
      <ItemType>1</ItemType>
      <ItemName>אנטרטיק נוזל לניקוי</ItemName>
      <ManufacturerName>קריות זול</ManufacturerName>
      <ManufactureCountry>לא ידוע</ManufactureCountry>
      <ManufacturerItemDescription>אנטרטיק נוזל לניקוי</ManufacturerItemDescription>
      <UnitQty>לא ידוע</UnitQty>
      <Quantity>1000.00</Quantity>
      <UnitOfMeasure>לא ידוע</UnitOfMeasure>
      <bIsWeighted>0</bIsWeighted>
      <QtyInPackage>לא ידוע</QtyInPackage>
      <ItemPrice>8.90</ItemPrice>
      <UnitOfMeasurePrice>0.0089</UnitOfMeasurePrice>
      <AllowDiscount>1</AllowDiscount>
      <ItemStatus>1</ItemStatus>
      <ItemId>153263</ItemId>
    </Item>
    <Item>
      <PriceUpdateDate>2025-08-27 09:53:34</PriceUpdateDate>
      <ItemCode>7290006784360</ItemCode>
      <ItemType>1</ItemType>
      <ItemName>נוזל חלונות 1 ליטר ס</ItemName>
      <ManufacturerName>לא ידוע</ManufacturerName>
      <ManufactureCountry>לא ידוע</ManufactureCountry>
      <ManufacturerItemDescription>נוזל חלונות 1 ליטר ס</ManufacturerItemDescription>
      <UnitQty>ליטרים</UnitQty>
      <Quantity>1.00</Quantity>
      <UnitOfMeasure>ליטר    </UnitOfMeasure>
      <bIsWeighted>0</bIsWeighted>
      <QtyInPackage>לא ידוע</QtyInPackage>
      <ItemPrice>8.90</ItemPrice>
      <UnitOfMeasurePrice>8.9000</UnitOfMeasurePrice>
      <AllowDiscount>1</AllowDiscount>
      <ItemStatus>1</ItemStatus>
      <ItemId>153276</ItemId>
    </Item>
    <Item>
      <PriceUpdateDate>2025-08-31 08:42:15</PriceUpdateDate>
      <ItemCode>7290000134147</ItemCode>
      <ItemType>1</ItemType>
      <ItemName>מוסקט טחון טעם וריח</ItemName>
      <ManufacturerName>לא ידוע</ManufacturerName>
      <ManufactureCountry>לא ידוע</ManufactureCountry>
      <ManufacturerItemDescription>מוסקט טחון טעם וריח</ManufacturerItemDescription>
      <UnitQty>לא ידוע</UnitQty>
      <Quantity>40.00</Quantity>
      <UnitOfMeasure>לא ידוע</UnitOfMeasure>
      <bIsWeighted>0</bIsWeighted>
      <QtyInPackage>לא ידוע</QtyInPackage>
      <ItemPrice>16.90</ItemPrice>
      <UnitOfMeasurePrice>0.4225</UnitOfMeasurePrice>
      <AllowDiscount>1</AllowDiscount>
      <ItemStatus>1</ItemStatus>
      <ItemId>153301</ItemId>
    </Item>
    <Item>
      <PriceUpdateDate>2025-08-31 08:42:15</PriceUpdateDate>
      <ItemCode>7290000134307</ItemCode>
      <ItemType>1</ItemType>
      <ItemName>קינמון טחון 50גר</ItemName>
      <ManufacturerName>קריות זול</ManufacturerName>
      <ManufactureCountry>לא ידוע</ManufactureCountry>
      <ManufacturerItemDescription>קינמון טחון 50גר</ManufacturerItemDescription>
      <UnitQty>לא ידוע</UnitQty>
      <Quantity>50.00</Quantity>
      <UnitOfMeasure>לא ידוע</UnitOfMeasure>
      <bIsWeighted>0</bIsWeighted>
      <QtyInPackage>לא ידוע</QtyInPackage>
      <ItemPrice>8.50</ItemPrice>
      <UnitOfMeasurePrice>0.1700</UnitOfMeasurePrice>
      <AllowDiscount>1</AllowDiscount>
      <ItemStatus>1</ItemStatus>
      <ItemId>153302</ItemId>
    </Item>
    <Item>
      <PriceUpdateDate>2025-08-31 08:42:15</PriceUpdateDate>
      <ItemCode>7290000134314</ItemCode>
      <ItemType>1</ItemType>
      <ItemName>תיבול לפיצה 120גר</ItemName>
      <ManufacturerName>לא ידוע</ManufacturerName>
      <ManufactureCountry>לא ידוע</ManufactureCountry>
      <ManufacturerItemDescription>תיבול לפיצה 120גר</ManufacturerItemDescription>
      <UnitQty>לא ידוע</UnitQty>
      <Quantity>120.00</Quantity>
      <UnitOfMeasure>לא ידוע</UnitOfMeasure>
      <bIsWeighted>0</bIsWeighted>
      <QtyInPackage>לא ידוע</QtyInPackage>
      <ItemPrice>12.90</ItemPrice>
      <UnitOfMeasurePrice>0.1075</UnitOfMeasurePrice>
      <AllowDiscount>1</AllowDiscount>
      <ItemStatus>1</ItemStatus>
      <ItemId>153303</ItemId>
    </Item>
    <Item>
      <PriceUpdateDate>2025-08-31 08:42:15</PriceUpdateDate>
      <ItemCode>7290000134338</ItemCode>
      <ItemType>1</ItemType>
      <ItemName>אבקת שום 90גר</ItemName>
      <ManufacturerName>לא ידוע</ManufacturerName>
      <ManufactureCountry>לא ידוע</ManufactureCountry>
      <ManufacturerItemDescription>אבקת שום 90גר</ManufacturerItemDescription>
      <UnitQty>לא ידוע</UnitQty>
      <Quantity>90.00</Quantity>
      <UnitOfMeasure>לא ידוע</UnitOfMeasure>
      <bIsWeighted>0</bIsWeighted>
      <QtyInPackage>לא ידוע</QtyInPackage>
      <ItemPrice>13.90</ItemPrice>
      <UnitOfMeasurePrice>0.1544</UnitOfMeasurePrice>
      <AllowDiscount>1</AllowDiscount>
      <ItemStatus>1</ItemStatus>
      <ItemId>153304</ItemId>
    </Item>
    <Item>
      <PriceUpdateDate>2025-08-31 08:42:16</PriceUpdateDate>
      <ItemCode>7290000134352</ItemCode>
      <ItemType>1</ItemType>
      <ItemName>קימנון טחון 90גר</ItemName>
      <ManufacturerName>לא ידוע</ManufacturerName>
      <ManufactureCountry>לא ידוע</ManufactureCountry>
      <ManufacturerItemDescription>קימנון טחון 90גר</ManufacturerItemDescription>
      <UnitQty>לא ידוע</UnitQty>
      <Quantity>90.00</Quantity>
      <UnitOfMeasure>לא ידוע</UnitOfMeasure>
      <bIsWeighted>0</bIsWeighted>
      <QtyInPackage>לא ידוע</QtyInPackage>
      <ItemPrice>12.90</ItemPrice>
      <UnitOfMeasurePrice>0.1433</UnitOfMeasurePrice>
      <AllowDiscount>1</AllowDiscount>
      <ItemStatus>1</ItemStatus>
      <ItemId>153306</ItemId>
    </Item>
    <Item>
      <PriceUpdateDate>2025-08-31 08:42:16</PriceUpdateDate>
      <ItemCode>7290000134550</ItemCode>
      <ItemType>1</ItemType>
      <ItemName>עלי דפנה 20גר</ItemName>
      <ManufacturerName>קריות זול</ManufacturerName>
      <ManufactureCountry>לא ידוע</ManufactureCountry>
      <ManufacturerItemDescription>עלי דפנה 20גר</ManufacturerItemDescription>
      <UnitQty>לא ידוע</UnitQty>
      <Quantity>20.00</Quantity>
      <UnitOfMeasure>לא ידוע</UnitOfMeasure>
      <bIsWeighted>0</bIsWeighted>
      <QtyInPackage>לא ידוע</QtyInPackage>
      <ItemPrice>8.50</ItemPrice>
      <UnitOfMeasurePrice>0.4250</UnitOfMeasurePrice>
      <AllowDiscount>1</AllowDiscount>
      <ItemStatus>1</ItemStatus>
      <ItemId>153312</ItemId>
    </Item>
    <Item>
      <PriceUpdateDate>2025-08-31 08:42:16</PriceUpdateDate>
      <ItemCode>7290000134666</ItemCode>
      <ItemType>1</ItemType>
      <ItemName>רוזמרין 15גר</ItemName>
      <ManufacturerName>לא ידוע</ManufacturerName>
      <ManufactureCountry>לא ידוע</ManufactureCountry>
      <ManufacturerItemDescription>רוזמרין 15גר</ManufacturerItemDescription>
      <UnitQty>לא ידוע</UnitQty>
      <Quantity>15.00</Quantity>
      <UnitOfMeasure>לא ידוע</UnitOfMeasure>
      <bIsWeighted>0</bIsWeighted>
      <QtyInPackage>לא ידוע</QtyInPackage>
      <ItemPrice>9.50</ItemPrice>
      <UnitOfMeasurePrice>0.6333</UnitOfMeasurePrice>
      <AllowDiscount>1</AllowDiscount>
      <ItemStatus>1</ItemStatus>
      <ItemId>153313</ItemId>
    </Item>
    <Item>
      <PriceUpdateDate>2025-08-31 08:42:17</PriceUpdateDate>
      <ItemCode>7290000134673</ItemCode>
      <ItemType>1</ItemType>
      <ItemName>זנגביל 30גר</ItemName>
      <ManufacturerName>לא ידוע</ManufacturerName>
      <ManufactureCountry>לא ידוע</ManufactureCountry>
      <ManufacturerItemDescription>זנגביל 30גר</ManufacturerItemDescription>
      <UnitQty>לא ידוע</UnitQty>
      <Quantity>30.00</Quantity>
      <UnitOfMeasure>לא ידוע</UnitOfMeasure>
      <bIsWeighted>0</bIsWeighted>
      <QtyInPackage>לא ידוע</QtyInPackage>
      <ItemPrice>9.50</ItemPrice>
      <UnitOfMeasurePrice>0.3167</UnitOfMeasurePrice>
      <AllowDiscount>1</AllowDiscount>
      <ItemStatus>1</ItemStatus>
      <ItemId>153314</ItemId>
    </Item>
    <Item>
      <PriceUpdateDate>2025-08-31 08:42:17</PriceUpdateDate>
      <ItemCode>7290000134680</ItemCode>
      <ItemType>1</ItemType>
      <ItemName>קימל שלם 40גר</ItemName>
      <ManufacturerName>לא ידוע</ManufacturerName>
      <ManufactureCountry>לא ידוע</ManufactureCountry>
      <ManufacturerItemDescription>קימל שלם 40גר</ManufacturerItemDescription>
      <UnitQty>לא ידוע</UnitQty>
      <Quantity>40.00</Quantity>
      <UnitOfMeasure>לא ידוע</UnitOfMeasure>
      <bIsWeighted>0</bIsWeighted>
      <QtyInPackage>לא ידוע</QtyInPackage>
      <ItemPrice>9.50</ItemPrice>
      <UnitOfMeasurePrice>0.2375</UnitOfMeasurePrice>
      <AllowDiscount>1</AllowDiscount>
      <ItemStatus>1</ItemStatus>
      <ItemId>153315</ItemId>
    </Item>
    <Item>
      <PriceUpdateDate>2025-08-31 08:42:17</PriceUpdateDate>
      <ItemCode>7290000134826</ItemCode>
      <ItemType>1</ItemType>
      <ItemName>זעתר 100 גרם טעם ורי</ItemName>
      <ManufacturerName>לא ידוע</ManufacturerName>
      <ManufactureCountry>לא ידוע</ManufactureCountry>
      <ManufacturerItemDescription>זעתר 100 גרם טעם ורי</ManufacturerItemDescription>
      <UnitQty>לא ידוע</UnitQty>
      <Quantity>100.00</Quantity>
      <UnitOfMeasure>לא ידוע</UnitOfMeasure>
      <bIsWeighted>0</bIsWeighted>
      <QtyInPackage>לא ידוע</QtyInPackage>
      <ItemPrice>12.90</ItemPrice>
      <UnitOfMeasurePrice>0.1290</UnitOfMeasurePrice>
      <AllowDiscount>1</AllowDiscount>
      <ItemStatus>1</ItemStatus>
      <ItemId>153320</ItemId>
    </Item>
    <Item>
      <PriceUpdateDate>2025-08-31 08:42:17</PriceUpdateDate>
      <ItemCode>7290000134833</ItemCode>
      <ItemType>1</ItemType>
      <ItemName>כמון טחון במיכל 100ג</ItemName>
      <ManufacturerName>לא ידוע</ManufacturerName>
      <ManufactureCountry>לא ידוע</ManufactureCountry>
      <ManufacturerItemDescription>כמון טחון במיכל 100ג</ManufacturerItemDescription>
      <UnitQty>לא ידוע</UnitQty>
      <Quantity>100.00</Quantity>
      <UnitOfMeasure>לא ידוע</UnitOfMeasure>
      <bIsWeighted>0</bIsWeighted>
      <QtyInPackage>לא ידוע</QtyInPackage>
      <ItemPrice>12.90</ItemPrice>
      <UnitOfMeasurePrice>0.1290</UnitOfMeasurePrice>
      <AllowDiscount>1</AllowDiscount>
      <ItemStatus>1</ItemStatus>
      <ItemId>153321</ItemId>
    </Item>
    <Item>
      <PriceUpdateDate>2025-08-31 08:42:18</PriceUpdateDate>
      <ItemCode>7290000134840</ItemCode>
      <ItemType>1</ItemType>
      <ItemName>כורכום במיכל 100גר</ItemName>
      <ManufacturerName>לא ידוע</ManufacturerName>
      <ManufactureCountry>לא ידוע</ManufactureCountry>
      <ManufacturerItemDescription>כורכום במיכל 100גר</ManufacturerItemDescription>
      <UnitQty>לא ידוע</UnitQty>
      <Quantity>100.00</Quantity>
      <UnitOfMeasure>לא ידוע</UnitOfMeasure>
      <bIsWeighted>0</bIsWeighted>
      <QtyInPackage>לא ידוע</QtyInPackage>
      <ItemPrice>12.90</ItemPrice>
      <UnitOfMeasurePrice>0.1290</UnitOfMeasurePrice>
      <AllowDiscount>1</AllowDiscount>
      <ItemStatus>1</ItemStatus>
      <ItemId>153322</ItemId>
    </Item>
    <Item>
      <PriceUpdateDate>2025-08-31 08:42:18</PriceUpdateDate>
      <ItemCode>7290000134857</ItemCode>
      <ItemType>1</ItemType>
      <ItemName>פפריקה מתוקה במיכל 1</ItemName>
      <ManufacturerName>לא ידוע</ManufacturerName>
      <ManufactureCountry>לא ידוע</ManufactureCountry>
      <ManufacturerItemDescription>פפריקה מתוקה במיכל 1</ManufacturerItemDescription>
      <UnitQty>לא ידוע</UnitQty>
      <Quantity>100.00</Quantity>
      <UnitOfMeasure>לא ידוע</UnitOfMeasure>
      <bIsWeighted>0</bIsWeighted>
      <QtyInPackage>לא ידוע</QtyInPackage>
      <ItemPrice>12.90</ItemPrice>
      <UnitOfMeasurePrice>0.1290</UnitOfMeasurePrice>
      <AllowDiscount>1</AllowDiscount>
      <ItemStatus>1</ItemStatus>
      <ItemId>153323</ItemId>
    </Item>
    <Item>
      <PriceUpdateDate>2025-08-31 08:42:18</PriceUpdateDate>
      <ItemCode>7290000134864</ItemCode>
      <ItemType>1</ItemType>
      <ItemName>פפריקה חריפה במיכל 1</ItemName>
      <ManufacturerName>לא ידוע</ManufacturerName>
      <ManufactureCountry>לא ידוע</ManufactureCountry>
      <ManufacturerItemDescription>פפריקה חריפה במיכל 1</ManufacturerItemDescription>
      <UnitQty>לא ידוע</UnitQty>
      <Quantity>100.00</Quantity>
      <UnitOfMeasure>לא ידוע</UnitOfMeasure>
      <bIsWeighted>0</bIsWeighted>
      <QtyInPackage>לא ידוע</QtyInPackage>
      <ItemPrice>12.90</ItemPrice>
      <UnitOfMeasurePrice>0.1290</UnitOfMeasurePrice>
      <AllowDiscount>1</AllowDiscount>
      <ItemStatus>1</ItemStatus>
      <ItemId>153324</ItemId>
    </Item>
    <Item>
      <PriceUpdateDate>2025-08-31 08:42:18</PriceUpdateDate>
      <ItemCode>7290000134871</ItemCode>
      <ItemType>1</ItemType>
      <ItemName>פלפל שחור טחון 100גר</ItemName>
      <ManufacturerName>לא ידוע</ManufacturerName>
      <ManufactureCountry>לא ידוע</ManufactureCountry>
      <ManufacturerItemDescription>פלפל שחור טחון 100גר</ManufacturerItemDescription>
      <UnitQty>לא ידוע</UnitQty>
      <Quantity>100.00</Quantity>
      <UnitOfMeasure>לא ידוע</UnitOfMeasure>
      <bIsWeighted>0</bIsWeighted>
      <QtyInPackage>לא ידוע</QtyInPackage>
      <ItemPrice>15.90</ItemPrice>
      <UnitOfMeasurePrice>0.1590</UnitOfMeasurePrice>
      <AllowDiscount>1</AllowDiscount>
      <ItemStatus>1</ItemStatus>
      <ItemId>153325</ItemId>
    </Item>
    <Item>
      <PriceUpdateDate>2025-08-31 08:42:19</PriceUpdateDate>
      <ItemCode>7290000134970</ItemCode>
      <ItemType>1</ItemType>
      <ItemName>חוואייג 100גר</ItemName>
      <ManufacturerName>לא ידוע</ManufacturerName>
      <ManufactureCountry>לא ידוע</ManufactureCountry>
      <ManufacturerItemDescription>חוואייג 100גר</ManufacturerItemDescription>
      <UnitQty>לא ידוע</UnitQty>
      <Quantity>100.00</Quantity>
      <UnitOfMeasure>לא ידוע</UnitOfMeasure>
      <bIsWeighted>0</bIsWeighted>
      <QtyInPackage>לא ידוע</QtyInPackage>
      <ItemPrice>12.90</ItemPrice>
      <UnitOfMeasurePrice>0.1290</UnitOfMeasurePrice>
      <AllowDiscount>1</AllowDiscount>
      <ItemStatus>1</ItemStatus>
      <ItemId>153327</ItemId>
    </Item>
    <Item>
      <PriceUpdateDate>2025-08-31 08:42:19</PriceUpdateDate>
      <ItemCode>7290000134987</ItemCode>
      <ItemType>1</ItemType>
      <ItemName>פלפל שחור גרוס 90גר</ItemName>
      <ManufacturerName>לא ידוע</ManufacturerName>
      <ManufactureCountry>לא ידוע</ManufactureCountry>
      <ManufacturerItemDescription>פלפל שחור גרוס 90גר</ManufacturerItemDescription>
      <UnitQty>לא ידוע</UnitQty>
      <Quantity>90.00</Quantity>
      <UnitOfMeasure>לא ידוע</UnitOfMeasure>
      <bIsWeighted>0</bIsWeighted>
      <QtyInPackage>לא ידוע</QtyInPackage>
      <ItemPrice>14.90</ItemPrice>
      <UnitOfMeasurePrice>0.1656</UnitOfMeasurePrice>
      <AllowDiscount>1</AllowDiscount>
      <ItemStatus>1</ItemStatus>
      <ItemId>153328</ItemId>
    </Item>
    <Item>
      <PriceUpdateDate>2025-08-31 08:42:19</PriceUpdateDate>
      <ItemCode>7290000134994</ItemCode>
      <ItemType>1</ItemType>
      <ItemName>טימין טעם וריח</ItemName>
      <ManufacturerName>לא ידוע</ManufacturerName>
      <ManufactureCountry>לא ידוע</ManufactureCountry>
      <ManufacturerItemDescription>טימין טעם וריח</ManufacturerItemDescription>
      <UnitQty>לא ידוע</UnitQty>
      <Quantity>20.00</Quantity>
      <UnitOfMeasure>לא ידוע</UnitOfMeasure>
      <bIsWeighted>0</bIsWeighted>
      <QtyInPackage>לא ידוע</QtyInPackage>
      <ItemPrice>9.50</ItemPrice>
      <UnitOfMeasurePrice>0.4750</UnitOfMeasurePrice>
      <AllowDiscount>1</AllowDiscount>
      <ItemStatus>1</ItemStatus>
      <ItemId>153329</ItemId>
    </Item>
    <Item>
      <PriceUpdateDate>2025-08-21 10:37:56</PriceUpdateDate>
      <ItemCode>7290011474638</ItemCode>
      <ItemType>1</ItemType>
      <ItemName>קינואה 500גר</ItemName>
      <ManufacturerName>לא ידוע</ManufacturerName>
      <ManufactureCountry>לא ידוע</ManufactureCountry>
      <ManufacturerItemDescription>קינואה 500גר</ManufacturerItemDescription>
      <UnitQty>לא ידוע</UnitQty>
      <Quantity>500.00</Quantity>
      <UnitOfMeasure>לא ידוע</UnitOfMeasure>
      <bIsWeighted>0</bIsWeighted>
      <QtyInPackage>לא ידוע</QtyInPackage>
      <ItemPrice>16.90</ItemPrice>
      <UnitOfMeasurePrice>0.0338</UnitOfMeasurePrice>
      <AllowDiscount>1</AllowDiscount>
      <ItemStatus>1</ItemStatus>
      <ItemId>215110</ItemId>
    </Item>
    <Item>
      <PriceUpdateDate>2025-08-31 08:42:19</PriceUpdateDate>
      <ItemCode>7290002517269</ItemCode>
      <ItemType>1</ItemType>
      <ItemName>פלפל שחור שלם 35גר</ItemName>
      <ManufacturerName>לא ידוע</ManufacturerName>
      <ManufactureCountry>לא ידוע</ManufactureCountry>
      <ManufacturerItemDescription>פלפל שחור שלם 35גר</ManufacturerItemDescription>
      <UnitQty>לא ידוע</UnitQty>
      <Quantity>35.00</Quantity>
      <UnitOfMeasure>לא ידוע</UnitOfMeasure>
      <bIsWeighted>0</bIsWeighted>
      <QtyInPackage>לא ידוע</QtyInPackage>
      <ItemPrice>12.90</ItemPrice>
      <UnitOfMeasurePrice>0.3686</UnitOfMeasurePrice>
      <AllowDiscount>1</AllowDiscount>
      <ItemStatus>1</ItemStatus>
      <ItemId>153335</ItemId>
    </Item>
    <Item>
      <PriceUpdateDate>2025-08-31 08:42:19</PriceUpdateDate>
      <ItemCode>7290002517276</ItemCode>
      <ItemType>1</ItemType>
      <ItemName>פלפל אנגלי שלם 25גר</ItemName>
      <ManufacturerName>לא ידוע</ManufacturerName>
      <ManufactureCountry>לא ידוע</ManufactureCountry>
      <ManufacturerItemDescription>פלפל אנגלי שלם 25גר</ManufacturerItemDescription>
      <UnitQty>לא ידוע</UnitQty>
      <Quantity>25.00</Quantity>
      <UnitOfMeasure>לא ידוע</UnitOfMeasure>
      <bIsWeighted>0</bIsWeighted>
      <QtyInPackage>לא ידוע</QtyInPackage>
      <ItemPrice>9.90</ItemPrice>
      <UnitOfMeasurePrice>0.3960</UnitOfMeasurePrice>
      <AllowDiscount>1</AllowDiscount>
      <ItemStatus>1</ItemStatus>
      <ItemId>153336</ItemId>
    </Item>
    <Item>
      <PriceUpdateDate>2025-08-31 08:42:20</PriceUpdateDate>
      <ItemCode>7290002517337</ItemCode>
      <ItemType>1</ItemType>
      <ItemName>אורגנו עלים 20גר</ItemName>
      <ManufacturerName>קריות זול</ManufacturerName>
      <ManufactureCountry>לא ידוע</ManufactureCountry>
      <ManufacturerItemDescription>אורגנו עלים 20גר</ManufacturerItemDescription>
      <UnitQty>לא ידוע</UnitQty>
      <Quantity>20.00</Quantity>
      <UnitOfMeasure>לא ידוע</UnitOfMeasure>
      <bIsWeighted>0</bIsWeighted>
      <QtyInPackage>לא ידוע</QtyInPackage>
      <ItemPrice>9.50</ItemPrice>
      <UnitOfMeasurePrice>0.4750</UnitOfMeasurePrice>
      <AllowDiscount>1</AllowDiscount>
      <ItemStatus>1</ItemStatus>
      <ItemId>153339</ItemId>
    </Item>
    <Item>
      <PriceUpdateDate>2025-08-31 08:42:21</PriceUpdateDate>
      <ItemCode>7290002517726</ItemCode>
      <ItemType>1</ItemType>
      <ItemName>מקל קינמון טעם וריח</ItemName>
      <ManufacturerName>לא ידוע</ManufacturerName>
      <ManufactureCountry>לא ידוע</ManufactureCountry>
      <ManufacturerItemDescription>מקל קינמון טעם וריח</ManufacturerItemDescription>
      <UnitQty>לא ידוע</UnitQty>
      <Quantity>15.00</Quantity>
      <UnitOfMeasure>לא ידוע</UnitOfMeasure>
      <bIsWeighted>0</bIsWeighted>
      <QtyInPackage>לא ידוע</QtyInPackage>
      <ItemPrice>9.50</ItemPrice>
      <UnitOfMeasurePrice>0.6333</UnitOfMeasurePrice>
      <AllowDiscount>1</AllowDiscount>
      <ItemStatus>1</ItemStatus>
      <ItemId>153363</ItemId>
    </Item>
    <Item>
      <PriceUpdateDate>2025-08-31 08:42:22</PriceUpdateDate>
      <ItemCode>7290002517733</ItemCode>
      <ItemType>1</ItemType>
      <ItemName>קצח 40גר</ItemName>
      <ManufacturerName>לא ידוע</ManufacturerName>
      <ManufactureCountry>לא ידוע</ManufactureCountry>
      <ManufacturerItemDescription>קצח 40גר</ManufacturerItemDescription>
      <UnitQty>לא ידוע</UnitQty>
      <Quantity>40.00</Quantity>
      <UnitOfMeasure>לא ידוע</UnitOfMeasure>
      <bIsWeighted>0</bIsWeighted>
      <QtyInPackage>לא ידוע</QtyInPackage>
      <ItemPrice>9.50</ItemPrice>
      <UnitOfMeasurePrice>0.2375</UnitOfMeasurePrice>
      <AllowDiscount>1</AllowDiscount>
      <ItemStatus>1</ItemStatus>
      <ItemId>153364</ItemId>
    </Item>
    <Item>
      <PriceUpdateDate>2025-08-31 08:42:22</PriceUpdateDate>
      <ItemCode>7290002517825</ItemCode>
      <ItemType>1</ItemType>
      <ItemName>פלפל לבן טחון 40 גרם</ItemName>
      <ManufacturerName>לא ידוע</ManufacturerName>
      <ManufactureCountry>לא ידוע</ManufactureCountry>
      <ManufacturerItemDescription>פלפל לבן טחון 40 גרם</ManufacturerItemDescription>
      <UnitQty>לא ידוע</UnitQty>
      <Quantity>40.00</Quantity>
      <UnitOfMeasure>לא ידוע</UnitOfMeasure>
      <bIsWeighted>0</bIsWeighted>
      <QtyInPackage>לא ידוע</QtyInPackage>
      <ItemPrice>12.90</ItemPrice>
      <UnitOfMeasurePrice>0.3225</UnitOfMeasurePrice>
      <AllowDiscount>1</AllowDiscount>
      <ItemStatus>1</ItemStatus>
      <ItemId>153372</ItemId>
    </Item>
    <Item>
      <PriceUpdateDate>2025-08-31 08:42:23</PriceUpdateDate>
      <ItemCode>7290011964344</ItemCode>
      <ItemType>1</ItemType>
      <ItemName>שום גבישי 120גר</ItemName>
      <ManufacturerName>לא ידוע</ManufacturerName>
      <ManufactureCountry>לא ידוע</ManufactureCountry>
      <ManufacturerItemDescription>שום גבישי 120גר</ManufacturerItemDescription>
      <UnitQty>לא ידוע</UnitQty>
      <Quantity>120.00</Quantity>
      <UnitOfMeasure>לא ידוע</UnitOfMeasure>
      <bIsWeighted>0</bIsWeighted>
      <QtyInPackage>לא ידוע</QtyInPackage>
      <ItemPrice>13.90</ItemPrice>
      <UnitOfMeasurePrice>0.1158</UnitOfMeasurePrice>
      <AllowDiscount>1</AllowDiscount>
      <ItemStatus>1</ItemStatus>
      <ItemId>153380</ItemId>
    </Item>
    <Item>
      <PriceUpdateDate>2025-08-31 08:42:24</PriceUpdateDate>
      <ItemCode>7290011964658</ItemCode>
      <ItemType>1</ItemType>
      <ItemName>מלח לימון 170גר</ItemName>
      <ManufacturerName>לא ידוע</ManufacturerName>
      <ManufactureCountry>לא ידוע</ManufactureCountry>
      <ManufacturerItemDescription>מלח לימון 170גר</ManufacturerItemDescription>
      <UnitQty>לא ידוע</UnitQty>
      <Quantity>170.00</Quantity>
      <UnitOfMeasure>לא ידוע</UnitOfMeasure>
      <bIsWeighted>0</bIsWeighted>
      <QtyInPackage>לא ידוע</QtyInPackage>
      <ItemPrice>12.90</ItemPrice>
      <UnitOfMeasurePrice>0.0759</UnitOfMeasurePrice>
      <AllowDiscount>1</AllowDiscount>
      <ItemStatus>1</ItemStatus>
      <ItemId>153387</ItemId>
    </Item>
    <Item>
      <PriceUpdateDate>2025-08-31 08:42:24</PriceUpdateDate>
      <ItemCode>7290011964689</ItemCode>
      <ItemType>1</ItemType>
      <ItemName>תיבול על האש ללא מונ</ItemName>
      <ManufacturerName>לא ידוע</ManufacturerName>
      <ManufactureCountry>לא ידוע</ManufactureCountry>
      <ManufacturerItemDescription>תיבול על האש ללא מונ</ManufacturerItemDescription>
      <UnitQty>לא ידוע</UnitQty>
      <Quantity>100.00</Quantity>
      <UnitOfMeasure>לא ידוע</UnitOfMeasure>
      <bIsWeighted>0</bIsWeighted>
      <QtyInPackage>לא ידוע</QtyInPackage>
      <ItemPrice>12.90</ItemPrice>
      <UnitOfMeasurePrice>0.1290</UnitOfMeasurePrice>
      <AllowDiscount>1</AllowDiscount>
      <ItemStatus>1</ItemStatus>
      <ItemId>153388</ItemId>
    </Item>
    <Item>
      <PriceUpdateDate>2025-08-31 08:42:24</PriceUpdateDate>
      <ItemCode>7290011964702</ItemCode>
      <ItemType>1</ItemType>
      <ItemName>תיבול לשווארמה ללא מ</ItemName>
      <ManufacturerName>לא ידוע</ManufacturerName>
      <ManufactureCountry>לא ידוע</ManufactureCountry>
      <ManufacturerItemDescription>תיבול לשווארמה ללא מ</ManufacturerItemDescription>
      <UnitQty>לא ידוע</UnitQty>
      <Quantity>100.00</Quantity>
      <UnitOfMeasure>לא ידוע</UnitOfMeasure>
      <bIsWeighted>0</bIsWeighted>
      <QtyInPackage>לא ידוע</QtyInPackage>
      <ItemPrice>12.90</ItemPrice>
      <UnitOfMeasurePrice>0.1290</UnitOfMeasurePrice>
      <AllowDiscount>1</AllowDiscount>
      <ItemStatus>1</ItemStatus>
      <ItemId>153390</ItemId>
    </Item>
    <Item>
      <PriceUpdateDate>2025-08-31 08:42:25</PriceUpdateDate>
      <ItemCode>7290014217065</ItemCode>
      <ItemType>1</ItemType>
      <ItemName>אורגנו מיכל גדול 30ג</ItemName>
      <ManufacturerName>לא ידוע</ManufacturerName>
      <ManufactureCountry>לא ידוע</ManufactureCountry>
      <ManufacturerItemDescription>אורגנו מיכל גדול 30ג</ManufacturerItemDescription>
      <UnitQty>לא ידוע</UnitQty>
      <Quantity>30.00</Quantity>
      <UnitOfMeasure>לא ידוע</UnitOfMeasure>
      <bIsWeighted>0</bIsWeighted>
      <QtyInPackage>לא ידוע</QtyInPackage>
      <ItemPrice>12.90</ItemPrice>
      <UnitOfMeasurePrice>0.4300</UnitOfMeasurePrice>
      <AllowDiscount>1</AllowDiscount>
      <ItemStatus>1</ItemStatus>
      <ItemId>153403</ItemId>
    </Item>
    <Item>
      <PriceUpdateDate>2025-08-31 08:42:26</PriceUpdateDate>
      <ItemCode>7290014217164</ItemCode>
      <ItemType>1</ItemType>
      <ItemName>פטרוזיליה מיכל גדול</ItemName>
      <ManufacturerName>לא ידוע</ManufacturerName>
      <ManufactureCountry>לא ידוע</ManufactureCountry>
      <ManufacturerItemDescription>פטרוזיליה מיכל גדול</ManufacturerItemDescription>
      <UnitQty>לא ידוע</UnitQty>
      <Quantity>20.00</Quantity>
      <UnitOfMeasure>לא ידוע</UnitOfMeasure>
      <bIsWeighted>0</bIsWeighted>
      <QtyInPackage>לא ידוע</QtyInPackage>
      <ItemPrice>11.90</ItemPrice>
      <UnitOfMeasurePrice>0.5950</UnitOfMeasurePrice>
      <AllowDiscount>1</AllowDiscount>
      <ItemStatus>1</ItemStatus>
      <ItemId>153408</ItemId>
    </Item>
    <Item>
      <PriceUpdateDate>2025-08-31 08:42:26</PriceUpdateDate>
      <ItemCode>7290014217171</ItemCode>
      <ItemType>1</ItemType>
      <ItemName>מיכל תערובת תיבול תי</ItemName>
      <ManufacturerName>לא ידוע</ManufacturerName>
      <ManufactureCountry>לא ידוע</ManufactureCountry>
      <ManufacturerItemDescription>מיכל תערובת תיבול תי</ManufacturerItemDescription>
      <UnitQty>לא ידוע</UnitQty>
      <Quantity>100.00</Quantity>
      <UnitOfMeasure>לא ידוע</UnitOfMeasure>
      <bIsWeighted>0</bIsWeighted>
      <QtyInPackage>לא ידוע</QtyInPackage>
      <ItemPrice>12.90</ItemPrice>
      <UnitOfMeasurePrice>0.1290</UnitOfMeasurePrice>
      <AllowDiscount>1</AllowDiscount>
      <ItemStatus>1</ItemStatus>
      <ItemId>153409</ItemId>
    </Item>
    <Item>
      <PriceUpdateDate>2025-08-31 08:42:27</PriceUpdateDate>
      <ItemCode>7290014217225</ItemCode>
      <ItemType>1</ItemType>
      <ItemName>גריל עוף מיכל 120גר</ItemName>
      <ManufacturerName>לא ידוע</ManufacturerName>
      <ManufactureCountry>לא ידוע</ManufactureCountry>
      <ManufacturerItemDescription>גריל עוף מיכל 120גר</ManufacturerItemDescription>
      <UnitQty>לא ידוע</UnitQty>
      <Quantity>120.00</Quantity>
      <UnitOfMeasure>לא ידוע</UnitOfMeasure>
      <bIsWeighted>0</bIsWeighted>
      <QtyInPackage>לא ידוע</QtyInPackage>
      <ItemPrice>13.90</ItemPrice>
      <UnitOfMeasurePrice>0.1158</UnitOfMeasurePrice>
      <AllowDiscount>1</AllowDiscount>
      <ItemStatus>1</ItemStatus>
      <ItemId>153411</ItemId>
    </Item>
    <Item>
      <PriceUpdateDate>2025-08-31 08:42:27</PriceUpdateDate>
      <ItemCode>7290014217263</ItemCode>
      <ItemType>1</ItemType>
      <ItemName>תערובת תיבול לפרגיות</ItemName>
      <ManufacturerName>לא ידוע</ManufacturerName>
      <ManufactureCountry>לא ידוע</ManufactureCountry>
      <ManufacturerItemDescription>תערובת תיבול לפרגיות</ManufacturerItemDescription>
      <UnitQty>לא ידוע</UnitQty>
      <Quantity>100.00</Quantity>
      <UnitOfMeasure>לא ידוע</UnitOfMeasure>
      <bIsWeighted>0</bIsWeighted>
      <QtyInPackage>לא ידוע</QtyInPackage>
      <ItemPrice>12.90</ItemPrice>
      <UnitOfMeasurePrice>0.1290</UnitOfMeasurePrice>
      <AllowDiscount>1</AllowDiscount>
      <ItemStatus>1</ItemStatus>
      <ItemId>153412</ItemId>
    </Item>
    <Item>
      <PriceUpdateDate>2025-08-31 08:42:27</PriceUpdateDate>
      <ItemCode>7290014217348</ItemCode>
      <ItemType>1</ItemType>
      <ItemName>צ'ילי כתוש מיכל 70גר</ItemName>
      <ManufacturerName>לא ידוע</ManufacturerName>
      <ManufactureCountry>לא ידוע</ManufactureCountry>
      <ManufacturerItemDescription>צ'ילי כתוש מיכל 70גר</ManufacturerItemDescription>
      <UnitQty>לא ידוע</UnitQty>
      <Quantity>70.00</Quantity>
      <UnitOfMeasure>לא ידוע</UnitOfMeasure>
      <bIsWeighted>0</bIsWeighted>
      <QtyInPackage>לא ידוע</QtyInPackage>
      <ItemPrice>12.90</ItemPrice>
      <UnitOfMeasurePrice>0.1843</UnitOfMeasurePrice>
      <AllowDiscount>1</AllowDiscount>
      <ItemStatus>1</ItemStatus>
      <ItemId>153415</ItemId>
    </Item>
    <Item>
      <PriceUpdateDate>2025-08-31 08:42:27</PriceUpdateDate>
      <ItemCode>7290014217355</ItemCode>
      <ItemType>1</ItemType>
      <ItemName>אבקת קרי מיכל 100גר</ItemName>
      <ManufacturerName>לא ידוע</ManufacturerName>
      <ManufactureCountry>לא ידוע</ManufactureCountry>
      <ManufacturerItemDescription>אבקת קרי מיכל 100גר</ManufacturerItemDescription>
      <UnitQty>לא ידוע</UnitQty>
      <Quantity>100.00</Quantity>
      <UnitOfMeasure>לא ידוע</UnitOfMeasure>
      <bIsWeighted>0</bIsWeighted>
      <QtyInPackage>לא ידוע</QtyInPackage>
      <ItemPrice>12.90</ItemPrice>
      <UnitOfMeasurePrice>0.1290</UnitOfMeasurePrice>
      <AllowDiscount>1</AllowDiscount>
      <ItemStatus>1</ItemStatus>
      <ItemId>153416</ItemId>
    </Item>
    <Item>
      <PriceUpdateDate>2025-08-31 08:42:28</PriceUpdateDate>
      <ItemCode>7290014217478</ItemCode>
      <ItemType>1</ItemType>
      <ItemName>תערובת עשבי תיבול אי</ItemName>
      <ManufacturerName>לא ידוע</ManufacturerName>
      <ManufactureCountry>לא ידוע</ManufactureCountry>
      <ManufacturerItemDescription>תערובת עשבי תיבול אי</ManufacturerItemDescription>
      <UnitQty>לא ידוע</UnitQty>
      <Quantity>30.00</Quantity>
      <UnitOfMeasure>לא ידוע</UnitOfMeasure>
      <bIsWeighted>0</bIsWeighted>
      <QtyInPackage>לא ידוע</QtyInPackage>
      <ItemPrice>12.90</ItemPrice>
      <UnitOfMeasurePrice>0.4300</UnitOfMeasurePrice>
      <AllowDiscount>1</AllowDiscount>
      <ItemStatus>1</ItemStatus>
      <ItemId>153419</ItemId>
    </Item>
    <Item>
      <PriceUpdateDate>2025-08-31 10:13:09</PriceUpdateDate>
      <ItemCode>7290015324007</ItemCode>
      <ItemType>1</ItemType>
      <ItemName>פלפל שחור גרוס שקית</ItemName>
      <ManufacturerName>לא ידוע</ManufacturerName>
      <ManufactureCountry>לא ידוע</ManufactureCountry>
      <ManufacturerItemDescription>פלפל שחור גרוס שקית</ManufacturerItemDescription>
      <UnitQty>לא ידוע</UnitQty>
      <Quantity>80.00</Quantity>
      <UnitOfMeasure>לא ידוע</UnitOfMeasure>
      <bIsWeighted>0</bIsWeighted>
      <QtyInPackage>לא ידוע</QtyInPackage>
      <ItemPrice>12.90</ItemPrice>
      <UnitOfMeasurePrice>0.1613</UnitOfMeasurePrice>
      <AllowDiscount>1</AllowDiscount>
      <ItemStatus>1</ItemStatus>
      <ItemId>153420</ItemId>
    </Item>
    <Item>
      <PriceUpdateDate>2025-08-31 10:13:09</PriceUpdateDate>
      <ItemCode>7290015324014</ItemCode>
      <ItemType>1</ItemType>
      <ItemName>פלפל שחור טחון שקית</ItemName>
      <ManufacturerName>לא ידוע</ManufacturerName>
      <ManufactureCountry>לא ידוע</ManufactureCountry>
      <ManufacturerItemDescription>פלפל שחור טחון שקית</ManufacturerItemDescription>
      <UnitQty>לא ידוע</UnitQty>
      <Quantity>80.00</Quantity>
      <UnitOfMeasure>לא ידוע</UnitOfMeasure>
      <bIsWeighted>0</bIsWeighted>
      <QtyInPackage>לא ידוע</QtyInPackage>
      <ItemPrice>13.90</ItemPrice>
      <UnitOfMeasurePrice>0.1738</UnitOfMeasurePrice>
      <AllowDiscount>1</AllowDiscount>
      <ItemStatus>1</ItemStatus>
      <ItemId>153421</ItemId>
    </Item>
    <Item>
      <PriceUpdateDate>2025-08-31 10:13:09</PriceUpdateDate>
      <ItemCode>7290015324038</ItemCode>
      <ItemType>1</ItemType>
      <ItemName>פפריקה בשמן שקית 80ג</ItemName>
      <ManufacturerName>לא ידוע</ManufacturerName>
      <ManufactureCountry>לא ידוע</ManufactureCountry>
      <ManufacturerItemDescription>פפריקה בשמן שקית 80ג</ManufacturerItemDescription>
      <UnitQty>לא ידוע</UnitQty>
      <Quantity>80.00</Quantity>
      <UnitOfMeasure>לא ידוע</UnitOfMeasure>
      <bIsWeighted>0</bIsWeighted>
      <QtyInPackage>לא ידוע</QtyInPackage>
      <ItemPrice>8.50</ItemPrice>
      <UnitOfMeasurePrice>0.1063</UnitOfMeasurePrice>
      <AllowDiscount>1</AllowDiscount>
      <ItemStatus>1</ItemStatus>
      <ItemId>153422</ItemId>
    </Item>
    <Item>
      <PriceUpdateDate>2025-08-31 10:13:10</PriceUpdateDate>
      <ItemCode>7290015324045</ItemCode>
      <ItemType>1</ItemType>
      <ItemName>פפריקה חריפה שקית 80</ItemName>
      <ManufacturerName>לא ידוע</ManufacturerName>
      <ManufactureCountry>לא ידוע</ManufactureCountry>
      <ManufacturerItemDescription>פפריקה חריפה שקית 80</ManufacturerItemDescription>
      <UnitQty>לא ידוע</UnitQty>
      <Quantity>80.00</Quantity>
      <UnitOfMeasure>לא ידוע</UnitOfMeasure>
      <bIsWeighted>0</bIsWeighted>
      <QtyInPackage>לא ידוע</QtyInPackage>
      <ItemPrice>8.50</ItemPrice>
      <UnitOfMeasurePrice>0.1063</UnitOfMeasurePrice>
      <AllowDiscount>1</AllowDiscount>
      <ItemStatus>1</ItemStatus>
      <ItemId>153423</ItemId>
    </Item>
    <Item>
      <PriceUpdateDate>2025-08-31 10:13:10</PriceUpdateDate>
      <ItemCode>7290015324052</ItemCode>
      <ItemType>1</ItemType>
      <ItemName>פפריקה מתוקה שקית 80</ItemName>
      <ManufacturerName>לא ידוע</ManufacturerName>
      <ManufactureCountry>לא ידוע</ManufactureCountry>
      <ManufacturerItemDescription>פפריקה מתוקה שקית 80</ManufacturerItemDescription>
      <UnitQty>לא ידוע</UnitQty>
      <Quantity>80.00</Quantity>
      <UnitOfMeasure>לא ידוע</UnitOfMeasure>
      <bIsWeighted>0</bIsWeighted>
      <QtyInPackage>לא ידוע</QtyInPackage>
      <ItemPrice>8.50</ItemPrice>
      <UnitOfMeasurePrice>0.1063</UnitOfMeasurePrice>
      <AllowDiscount>1</AllowDiscount>
      <ItemStatus>1</ItemStatus>
      <ItemId>153424</ItemId>
    </Item>
    <Item>
      <PriceUpdateDate>2025-08-31 10:13:10</PriceUpdateDate>
      <ItemCode>7290015324069</ItemCode>
      <ItemType>1</ItemType>
      <ItemName>גריל עוף שקית 80גר</ItemName>
      <ManufacturerName>לא ידוע</ManufacturerName>
      <ManufactureCountry>לא ידוע</ManufactureCountry>
      <ManufacturerItemDescription>גריל עוף שקית 80גר</ManufacturerItemDescription>
      <UnitQty>לא ידוע</UnitQty>
      <Quantity>80.00</Quantity>
      <UnitOfMeasure>לא ידוע</UnitOfMeasure>
      <bIsWeighted>0</bIsWeighted>
      <QtyInPackage>לא ידוע</QtyInPackage>
      <ItemPrice>8.50</ItemPrice>
      <UnitOfMeasurePrice>0.1063</UnitOfMeasurePrice>
      <AllowDiscount>1</AllowDiscount>
      <ItemStatus>1</ItemStatus>
      <ItemId>153425</ItemId>
    </Item>
    <Item>
      <PriceUpdateDate>2025-08-31 10:13:10</PriceUpdateDate>
      <ItemCode>7290015324076</ItemCode>
      <ItemType>1</ItemType>
      <ItemName>זעתר שקית 80גר</ItemName>
      <ManufacturerName>לא ידוע</ManufacturerName>
      <ManufactureCountry>לא ידוע</ManufactureCountry>
      <ManufacturerItemDescription>זעתר שקית 80גר</ManufacturerItemDescription>
      <UnitQty>לא ידוע</UnitQty>
      <Quantity>80.00</Quantity>
      <UnitOfMeasure>לא ידוע</UnitOfMeasure>
      <bIsWeighted>0</bIsWeighted>
      <QtyInPackage>לא ידוע</QtyInPackage>
      <ItemPrice>8.50</ItemPrice>
      <UnitOfMeasurePrice>0.1063</UnitOfMeasurePrice>
      <AllowDiscount>1</AllowDiscount>
      <ItemStatus>1</ItemStatus>
      <ItemId>153426</ItemId>
    </Item>
    <Item>
      <PriceUpdateDate>2025-08-31 10:13:10</PriceUpdateDate>
      <ItemCode>7290015324083</ItemCode>
      <ItemType>1</ItemType>
      <ItemName>מלח לימון שקית 80גר</ItemName>
      <ManufacturerName>לא ידוע</ManufacturerName>
      <ManufactureCountry>לא ידוע</ManufactureCountry>
      <ManufacturerItemDescription>מלח לימון שקית 80גר</ManufacturerItemDescription>
      <UnitQty>לא ידוע</UnitQty>
      <Quantity>80.00</Quantity>
      <UnitOfMeasure>לא ידוע</UnitOfMeasure>
      <bIsWeighted>0</bIsWeighted>
      <QtyInPackage>לא ידוע</QtyInPackage>
      <ItemPrice>8.50</ItemPrice>
      <UnitOfMeasurePrice>0.1063</UnitOfMeasurePrice>
      <AllowDiscount>1</AllowDiscount>
      <ItemStatus>1</ItemStatus>
      <ItemId>153427</ItemId>
    </Item>
    <Item>
      <PriceUpdateDate>2025-08-31 10:13:11</PriceUpdateDate>
      <ItemCode>7290015324090</ItemCode>
      <ItemType>1</ItemType>
      <ItemName>כמון שקית 80גר</ItemName>
      <ManufacturerName>לא ידוע</ManufacturerName>
      <ManufactureCountry>לא ידוע</ManufactureCountry>
      <ManufacturerItemDescription>כמון שקית 80גר</ManufacturerItemDescription>
      <UnitQty>לא ידוע</UnitQty>
      <Quantity>80.00</Quantity>
      <UnitOfMeasure>לא ידוע</UnitOfMeasure>
      <bIsWeighted>0</bIsWeighted>
      <QtyInPackage>לא ידוע</QtyInPackage>
      <ItemPrice>8.50</ItemPrice>
      <UnitOfMeasurePrice>0.1063</UnitOfMeasurePrice>
      <AllowDiscount>1</AllowDiscount>
      <ItemStatus>1</ItemStatus>
      <ItemId>153428</ItemId>
    </Item>
    <Item>
      <PriceUpdateDate>2025-08-31 10:13:11</PriceUpdateDate>
      <ItemCode>7290015324106</ItemCode>
      <ItemType>1</ItemType>
      <ItemName>כורכום שקית 80גר</ItemName>
      <ManufacturerName>לא ידוע</ManufacturerName>
      <ManufactureCountry>לא ידוע</ManufactureCountry>
      <ManufacturerItemDescription>כורכום שקית 80גר</ManufacturerItemDescription>
      <UnitQty>לא ידוע</UnitQty>
      <Quantity>80.00</Quantity>
      <UnitOfMeasure>לא ידוע</UnitOfMeasure>
      <bIsWeighted>0</bIsWeighted>
      <QtyInPackage>לא ידוע</QtyInPackage>
      <ItemPrice>8.50</ItemPrice>
      <UnitOfMeasurePrice>0.1063</UnitOfMeasurePrice>
      <AllowDiscount>1</AllowDiscount>
      <ItemStatus>1</ItemStatus>
      <ItemId>153429</ItemId>
    </Item>
    <Item>
      <PriceUpdateDate>2025-08-31 10:13:11</PriceUpdateDate>
      <ItemCode>7290015324120</ItemCode>
      <ItemType>1</ItemType>
      <ItemName>שום גבישי שקית 80גר</ItemName>
      <ManufacturerName>לא ידוע</ManufacturerName>
      <ManufactureCountry>לא ידוע</ManufactureCountry>
      <ManufacturerItemDescription>שום גבישי שקית 80גר</ManufacturerItemDescription>
      <UnitQty>לא ידוע</UnitQty>
      <Quantity>80.00</Quantity>
      <UnitOfMeasure>לא ידוע</UnitOfMeasure>
      <bIsWeighted>0</bIsWeighted>
      <QtyInPackage>לא ידוע</QtyInPackage>
      <ItemPrice>11.50</ItemPrice>
      <UnitOfMeasurePrice>0.1438</UnitOfMeasurePrice>
      <AllowDiscount>1</AllowDiscount>
      <ItemStatus>1</ItemStatus>
      <ItemId>153431</ItemId>
    </Item>
    <Item>
      <PriceUpdateDate>2024-08-11 09:13:40</PriceUpdateDate>
      <ItemCode>7290000002118</ItemCode>
      <ItemType>1</ItemType>
      <ItemName>סטייק אנטריקוט עם עצ</ItemName>
      <ManufacturerName>לא ידוע</ManufacturerName>
      <ManufactureCountry>לא ידוע</ManufactureCountry>
      <ManufacturerItemDescription>סטייק אנטריקוט עם עצ</ManufacturerItemDescription>
      <UnitQty>קילוגרמים</UnitQty>
      <Quantity>1.00</Quantity>
      <UnitOfMeasure>ק"ג</UnitOfMeasure>
      <bIsWeighted>1</bIsWeighted>
      <QtyInPackage>לא ידוע</QtyInPackage>
      <ItemPrice>139.00</ItemPrice>
      <UnitOfMeasurePrice>139.0000</UnitOfMeasurePrice>
      <AllowDiscount>1</AllowDiscount>
      <ItemStatus>1</ItemStatus>
      <ItemId>153462</ItemId>
    </Item>
    <Item>
      <PriceUpdateDate>2025-01-07 15:42:17</PriceUpdateDate>
      <ItemCode>7290000003535</ItemCode>
      <ItemType>1</ItemType>
      <ItemName>פילה מדומה עגל</ItemName>
      <ManufacturerName>לא ידוע</ManufacturerName>
      <ManufactureCountry>לא ידוע</ManufactureCountry>
      <ManufacturerItemDescription>פילה מדומה עגל</ManufacturerItemDescription>
      <UnitQty>קילוגרמים</UnitQty>
      <Quantity>1.00</Quantity>
      <UnitOfMeasure>ק"ג</UnitOfMeasure>
      <bIsWeighted>1</bIsWeighted>
      <QtyInPackage>לא ידוע</QtyInPackage>
      <ItemPrice>89.90</ItemPrice>
      <UnitOfMeasurePrice>89.9000</UnitOfMeasurePrice>
      <AllowDiscount>1</AllowDiscount>
      <ItemStatus>1</ItemStatus>
      <ItemId>153463</ItemId>
    </Item>
    <Item>
      <PriceUpdateDate>2024-01-07 12:31:40</PriceUpdateDate>
      <ItemCode>7290000007601</ItemCode>
      <ItemType>1</ItemType>
      <ItemName>עצמות בקר</ItemName>
      <ManufacturerName>לא ידוע</ManufacturerName>
      <ManufactureCountry>ישראל</ManufactureCountry>
      <ManufacturerItemDescription>עצמות בקר</ManufacturerItemDescription>
      <UnitQty>קילוגרמים</UnitQty>
      <Quantity>1.00</Quantity>
      <UnitOfMeasure>ק"ג</UnitOfMeasure>
      <bIsWeighted>1</bIsWeighted>
      <QtyInPackage>לא ידוע</QtyInPackage>
      <ItemPrice>24.90</ItemPrice>
      <UnitOfMeasurePrice>24.9000</UnitOfMeasurePrice>
      <AllowDiscount>1</AllowDiscount>
      <ItemStatus>1</ItemStatus>
      <ItemId>153473</ItemId>
    </Item>
    <Item>
      <PriceUpdateDate>2025-04-16 08:56:05</PriceUpdateDate>
      <ItemCode>7290000080406</ItemCode>
      <ItemType>1</ItemType>
      <ItemName>אסאדו עע</ItemName>
      <ManufacturerName>לא ידוע</ManufacturerName>
      <ManufactureCountry>ישראל</ManufactureCountry>
      <ManufacturerItemDescription>אסאדו עע</ManufacturerItemDescription>
      <UnitQty>קילוגרמים</UnitQty>
      <Quantity>1.00</Quantity>
      <UnitOfMeasure>ק"ג</UnitOfMeasure>
      <bIsWeighted>1</bIsWeighted>
      <QtyInPackage>לא ידוע</QtyInPackage>
      <ItemPrice>79.90</ItemPrice>
      <UnitOfMeasurePrice>79.9000</UnitOfMeasurePrice>
      <AllowDiscount>1</AllowDiscount>
      <ItemStatus>1</ItemStatus>
      <ItemId>153481</ItemId>
    </Item>
    <Item>
      <PriceUpdateDate>2025-08-21 11:54:42</PriceUpdateDate>
      <ItemCode>7290000080420</ItemCode>
      <ItemType>1</ItemType>
      <ItemName>צלי כתף  עגל טרי</ItemName>
      <ManufacturerName>לא ידוע</ManufacturerName>
      <ManufactureCountry>לא ידוע</ManufactureCountry>
      <ManufacturerItemDescription>צלי כתף  עגל טרי</ManufacturerItemDescription>
      <UnitQty>קילוגרמים</UnitQty>
      <Quantity>1.00</Quantity>
      <UnitOfMeasure>ק"ג</UnitOfMeasure>
      <bIsWeighted>1</bIsWeighted>
      <QtyInPackage>לא ידוע</QtyInPackage>
      <ItemPrice>99.90</ItemPrice>
      <UnitOfMeasurePrice>99.9000</UnitOfMeasurePrice>
      <AllowDiscount>1</AllowDiscount>
      <ItemStatus>1</ItemStatus>
      <ItemId>153482</ItemId>
    </Item>
    <Item>
      <PriceUpdateDate>2024-03-03 09:09:15</PriceUpdateDate>
      <ItemCode>7290001714072</ItemCode>
      <ItemType>1</ItemType>
      <ItemName>צלעות עגל</ItemName>
      <ManufacturerName>לא ידוע</ManufacturerName>
      <ManufactureCountry>לא ידוע</ManufactureCountry>
      <ManufacturerItemDescription>צלעות עגל</ManufacturerItemDescription>
      <UnitQty>קילוגרמים</UnitQty>
      <Quantity>1.00</Quantity>
      <UnitOfMeasure>ק"ג</UnitOfMeasure>
      <bIsWeighted>1</bIsWeighted>
      <QtyInPackage>לא ידוע</QtyInPackage>
      <ItemPrice>84.90</ItemPrice>
      <UnitOfMeasurePrice>84.9000</UnitOfMeasurePrice>
      <AllowDiscount>1</AllowDiscount>
      <ItemStatus>1</ItemStatus>
      <ItemId>153486</ItemId>
    </Item>
    <Item>
      <PriceUpdateDate>2024-08-11 09:14:35</PriceUpdateDate>
      <ItemCode>7290001714089</ItemCode>
      <ItemType>1</ItemType>
      <ItemName>צוואר עגל</ItemName>
      <ManufacturerName>לא ידוע</ManufacturerName>
      <ManufactureCountry>לא ידוע</ManufactureCountry>
      <ManufacturerItemDescription>צוואר עגל</ManufacturerItemDescription>
      <UnitQty>קילוגרמים</UnitQty>
      <Quantity>1.00</Quantity>
      <UnitOfMeasure>ק"ג</UnitOfMeasure>
      <bIsWeighted>1</bIsWeighted>
      <QtyInPackage>לא ידוע</QtyInPackage>
      <ItemPrice>84.90</ItemPrice>
      <UnitOfMeasurePrice>84.9000</UnitOfMeasurePrice>
      <AllowDiscount>1</AllowDiscount>
      <ItemStatus>1</ItemStatus>
      <ItemId>153487</ItemId>
    </Item>
    <Item>
      <PriceUpdateDate>2024-08-11 09:15:09</PriceUpdateDate>
      <ItemCode>7290002447559</ItemCode>
      <ItemType>1</ItemType>
      <ItemName>סינטה טרי</ItemName>
      <ManufacturerName>לא ידוע</ManufacturerName>
      <ManufactureCountry>לא ידוע</ManufactureCountry>
      <ManufacturerItemDescription>סינטה טרי</ManufacturerItemDescription>
      <UnitQty>קילוגרמים</UnitQty>
      <Quantity>1.00</Quantity>
      <UnitOfMeasure>ק"ג</UnitOfMeasure>
      <bIsWeighted>1</bIsWeighted>
      <QtyInPackage>לא ידוע</QtyInPackage>
      <ItemPrice>159.00</ItemPrice>
      <UnitOfMeasurePrice>159.0000</UnitOfMeasurePrice>
      <AllowDiscount>1</AllowDiscount>
      <ItemStatus>1</ItemStatus>
      <ItemId>153502</ItemId>
    </Item>
    <Item>
      <PriceUpdateDate>2025-08-26 10:36:51</PriceUpdateDate>
      <ItemCode>7290002211044</ItemCode>
      <ItemType>1</ItemType>
      <ItemName>סולת 1ק"ג רוט</ItemName>
      <ManufacturerName>לא ידוע</ManufacturerName>
      <ManufactureCountry>לא ידוע</ManufactureCountry>
      <ManufacturerItemDescription>סולת 1ק"ג רוט</ManufacturerItemDescription>
      <UnitQty>לא ידוע</UnitQty>
      <Quantity>1000.00</Quantity>
      <UnitOfMeasure>לא ידוע</UnitOfMeasure>
      <bIsWeighted>0</bIsWeighted>
      <QtyInPackage>לא ידוע</QtyInPackage>
      <ItemPrice>7.90</ItemPrice>
      <UnitOfMeasurePrice>0.0079</UnitOfMeasurePrice>
      <AllowDiscount>1</AllowDiscount>
      <ItemStatus>1</ItemStatus>
      <ItemId>153522</ItemId>
    </Item>
    <Item>
      <PriceUpdateDate>2025-05-07 12:52:49</PriceUpdateDate>
      <ItemCode>7290100704493</ItemCode>
      <ItemType>1</ItemType>
      <ItemName>קמח שמרים לפיצה ללא</ItemName>
      <ManufacturerName>לא ידוע</ManufacturerName>
      <ManufactureCountry>לא ידוע</ManufactureCountry>
      <ManufacturerItemDescription>קמח שמרים לפיצה ללא</ManufacturerItemDescription>
      <UnitQty>לא ידוע</UnitQty>
      <Quantity>1000.00</Quantity>
      <UnitOfMeasure>לא ידוע</UnitOfMeasure>
      <bIsWeighted>0</bIsWeighted>
      <QtyInPackage>לא ידוע</QtyInPackage>
      <ItemPrice>11.90</ItemPrice>
      <UnitOfMeasurePrice>0.0119</UnitOfMeasurePrice>
      <AllowDiscount>1</AllowDiscount>
      <ItemStatus>1</ItemStatus>
      <ItemId>233073</ItemId>
    </Item>
    <Item>
      <PriceUpdateDate>2025-08-20 13:21:12</PriceUpdateDate>
      <ItemCode>7290000144467</ItemCode>
      <ItemType>1</ItemType>
      <ItemName>שמן חמניות בריאות מה</ItemName>
      <ManufacturerName>קריות זול</ManufacturerName>
      <ManufactureCountry>לא ידוע</ManufactureCountry>
      <ManufacturerItemDescription>שמן חמניות בריאות מה</ManufacturerItemDescription>
      <UnitQty>לא ידוע</UnitQty>
      <Quantity>1000.00</Quantity>
      <UnitOfMeasure>לא ידוע</UnitOfMeasure>
      <bIsWeighted>0</bIsWeighted>
      <QtyInPackage>לא ידוע</QtyInPackage>
      <ItemPrice>16.90</ItemPrice>
      <UnitOfMeasurePrice>0.0169</UnitOfMeasurePrice>
      <AllowDiscount>1</AllowDiscount>
      <ItemStatus>1</ItemStatus>
      <ItemId>153569</ItemId>
    </Item>
    <Item>
      <PriceUpdateDate>2025-11-27 07:16:19</PriceUpdateDate>
      <ItemCode>7290000136868</ItemCode>
      <ItemType>1</ItemType>
      <ItemName>מים סאן בנדטו 6* 1.5</ItemName>
      <ManufacturerName>לא ידוע</ManufacturerName>
      <ManufactureCountry>לא ידוע</ManufactureCountry>
      <ManufacturerItemDescription>מים סאן בנדטו 6* 1.5</ManufacturerItemDescription>
      <UnitQty>לא ידוע</UnitQty>
      <Quantity>9000.00</Quantity>
      <UnitOfMeasure>לא ידוע</UnitOfMeasure>
      <bIsWeighted>0</bIsWeighted>
      <QtyInPackage>לא ידוע</QtyInPackage>
      <ItemPrice>23.90</ItemPrice>
      <UnitOfMeasurePrice>0.0027</UnitOfMeasurePrice>
      <AllowDiscount>1</AllowDiscount>
      <ItemStatus>1</ItemStatus>
      <ItemId>236795</ItemId>
    </Item>
    <Item>
      <PriceUpdateDate>2025-09-04 12:00:15</PriceUpdateDate>
      <ItemCode>7290110114787</ItemCode>
      <ItemType>1</ItemType>
      <ItemName>נביעות+ תפוח 1.5ליטר</ItemName>
      <ManufacturerName>לא ידוע</ManufacturerName>
      <ManufactureCountry>לא ידוע</ManufactureCountry>
      <ManufacturerItemDescription>נביעות+ תפוח 1.5ליטר</ManufacturerItemDescription>
      <UnitQty>לא ידוע</UnitQty>
      <Quantity>1500.00</Quantity>
      <UnitOfMeasure>לא ידוע</UnitOfMeasure>
      <bIsWeighted>0</bIsWeighted>
      <QtyInPackage>לא ידוע</QtyInPackage>
      <ItemPrice>10.30</ItemPrice>
      <UnitOfMeasurePrice>0.0069</UnitOfMeasurePrice>
      <AllowDiscount>1</AllowDiscount>
      <ItemStatus>1</ItemStatus>
      <ItemId>236969</ItemId>
    </Item>
    <Item>
      <PriceUpdateDate>2025-08-20 13:21:12</PriceUpdateDate>
      <ItemCode>7290000144474</ItemCode>
      <ItemType>1</ItemType>
      <ItemName>שמן קנולה בריאות מהט</ItemName>
      <ManufacturerName>קריות זול</ManufacturerName>
      <ManufactureCountry>לא ידוע</ManufactureCountry>
      <ManufacturerItemDescription>שמן קנולה בריאות מהט</ManufacturerItemDescription>
      <UnitQty>לא ידוע</UnitQty>
      <Quantity>1000.00</Quantity>
      <UnitOfMeasure>לא ידוע</UnitOfMeasure>
      <bIsWeighted>0</bIsWeighted>
      <QtyInPackage>לא ידוע</QtyInPackage>
      <ItemPrice>17.90</ItemPrice>
      <UnitOfMeasurePrice>0.0179</UnitOfMeasurePrice>
      <AllowDiscount>1</AllowDiscount>
      <ItemStatus>1</ItemStatus>
      <ItemId>153570</ItemId>
    </Item>
    <Item>
      <PriceUpdateDate>2025-08-20 13:21:14</PriceUpdateDate>
      <ItemCode>7290000243566</ItemCode>
      <ItemType>1</ItemType>
      <ItemName>שמן קנולה בריאות 750</ItemName>
      <ManufacturerName>לא ידוע</ManufacturerName>
      <ManufactureCountry>לא ידוע</ManufactureCountry>
      <ManufacturerItemDescription>שמן קנולה בריאות 750</ManufacturerItemDescription>
      <UnitQty>לא ידוע</UnitQty>
      <Quantity>750.00</Quantity>
      <UnitOfMeasure>לא ידוע</UnitOfMeasure>
      <bIsWeighted>0</bIsWeighted>
      <QtyInPackage>לא ידוע</QtyInPackage>
      <ItemPrice>14.90</ItemPrice>
      <UnitOfMeasurePrice>0.0199</UnitOfMeasurePrice>
      <AllowDiscount>1</AllowDiscount>
      <ItemStatus>1</ItemStatus>
      <ItemId>153586</ItemId>
    </Item>
    <Item>
      <PriceUpdateDate>2025-09-07 10:41:33</PriceUpdateDate>
      <ItemCode>7290108353242</ItemCode>
      <ItemType>1</ItemType>
      <ItemName>ריצפז נוזל רצפות למכ</ItemName>
      <ManufacturerName>קריות זול</ManufacturerName>
      <ManufactureCountry>לא ידוע</ManufactureCountry>
      <ManufacturerItemDescription>ריצפז נוזל רצפות למכ</ManufacturerItemDescription>
      <UnitQty>לא ידוע</UnitQty>
      <Quantity>1500.00</Quantity>
      <UnitOfMeasure>לא ידוע</UnitOfMeasure>
      <bIsWeighted>0</bIsWeighted>
      <QtyInPackage>לא ידוע</QtyInPackage>
      <ItemPrice>33.90</ItemPrice>
      <UnitOfMeasurePrice>0.0226</UnitOfMeasurePrice>
      <AllowDiscount>1</AllowDiscount>
      <ItemStatus>1</ItemStatus>
      <ItemId>254165</ItemId>
    </Item>
    <Item>
      <PriceUpdateDate>2025-08-20 13:21:19</PriceUpdateDate>
      <ItemCode>7290002374312</ItemCode>
      <ItemType>1</ItemType>
      <ItemName>שמן קנולה 1 ליטר מיל</ItemName>
      <ManufacturerName>קריות זול</ManufacturerName>
      <ManufactureCountry>לא ידוע</ManufactureCountry>
      <ManufacturerItemDescription>שמן קנולה 1 ליטר מיל</ManufacturerItemDescription>
      <UnitQty>לא ידוע</UnitQty>
      <Quantity>1000.00</Quantity>
      <UnitOfMeasure>לא ידוע</UnitOfMeasure>
      <bIsWeighted>0</bIsWeighted>
      <QtyInPackage>לא ידוע</QtyInPackage>
      <ItemPrice>13.90</ItemPrice>
      <UnitOfMeasurePrice>0.0139</UnitOfMeasurePrice>
      <AllowDiscount>1</AllowDiscount>
      <ItemStatus>1</ItemStatus>
      <ItemId>153592</ItemId>
    </Item>
    <Item>
      <PriceUpdateDate>2025-08-20 13:21:19</PriceUpdateDate>
      <ItemCode>7290002374640</ItemCode>
      <ItemType>1</ItemType>
      <ItemName>שמן קנולה פלוס אומגה</ItemName>
      <ManufacturerName>לא ידוע</ManufacturerName>
      <ManufactureCountry>לא ידוע</ManufactureCountry>
      <ManufacturerItemDescription>שמן קנולה פלוס אומגה</ManufacturerItemDescription>
      <UnitQty>לא ידוע</UnitQty>
      <Quantity>1000.00</Quantity>
      <UnitOfMeasure>לא ידוע</UnitOfMeasure>
      <bIsWeighted>0</bIsWeighted>
      <QtyInPackage>לא ידוע</QtyInPackage>
      <ItemPrice>19.90</ItemPrice>
      <UnitOfMeasurePrice>0.0199</UnitOfMeasurePrice>
      <AllowDiscount>1</AllowDiscount>
      <ItemStatus>1</ItemStatus>
      <ItemId>153596</ItemId>
    </Item>
    <Item>
      <PriceUpdateDate>2025-08-20 13:21:20</PriceUpdateDate>
      <ItemCode>7290002692393</ItemCode>
      <ItemType>1</ItemType>
      <ItemName>שמן קנולה מועשר עץ ה</ItemName>
      <ManufacturerName>קריות זול</ManufacturerName>
      <ManufactureCountry>לא ידוע</ManufactureCountry>
      <ManufacturerItemDescription>שמן קנולה מועשר עץ ה</ManufacturerItemDescription>
      <UnitQty>לא ידוע</UnitQty>
      <Quantity>1000.00</Quantity>
      <UnitOfMeasure>לא ידוע</UnitOfMeasure>
      <bIsWeighted>0</bIsWeighted>
      <QtyInPackage>לא ידוע</QtyInPackage>
      <ItemPrice>18.90</ItemPrice>
      <UnitOfMeasurePrice>0.0189</UnitOfMeasurePrice>
      <AllowDiscount>1</AllowDiscount>
      <ItemStatus>1</ItemStatus>
      <ItemId>153597</ItemId>
    </Item>
    <Item>
      <PriceUpdateDate>2025-08-20 13:21:20</PriceUpdateDate>
      <ItemCode>7290002692768</ItemCode>
      <ItemType>1</ItemType>
      <ItemName>תרסיס שמן קנולה מופח</ItemName>
      <ManufacturerName>לא ידוע</ManufacturerName>
      <ManufactureCountry>לא ידוע</ManufactureCountry>
      <ManufacturerItemDescription>תרסיס שמן קנולה מופח</ManufacturerItemDescription>
      <UnitQty>לא ידוע</UnitQty>
      <Quantity>200.00</Quantity>
      <UnitOfMeasure>לא ידוע</UnitOfMeasure>
      <bIsWeighted>0</bIsWeighted>
      <QtyInPackage>לא ידוע</QtyInPackage>
      <ItemPrice>19.90</ItemPrice>
      <UnitOfMeasurePrice>0.0995</UnitOfMeasurePrice>
      <AllowDiscount>1</AllowDiscount>
      <ItemStatus>1</ItemStatus>
      <ItemId>153605</ItemId>
    </Item>
    <Item>
      <PriceUpdateDate>2025-08-19 18:14:55</PriceUpdateDate>
      <ItemCode>7290004575007</ItemCode>
      <ItemType>1</ItemType>
      <ItemName>טילונים ריאו חמישייה</ItemName>
      <ManufacturerName>לא ידוע</ManufacturerName>
      <ManufactureCountry>לא ידוע</ManufactureCountry>
      <ManufacturerItemDescription>טילונים ריאו חמישייה</ManufacturerItemDescription>
      <UnitQty>יחידה   </UnitQty>
      <Quantity>0.00</Quantity>
      <UnitOfMeasure>יחידה   </UnitOfMeasure>
      <bIsWeighted>0</bIsWeighted>
      <QtyInPackage>לא ידוע</QtyInPackage>
      <ItemPrice>20.90</ItemPrice>
      <UnitOfMeasurePrice>0.0000</UnitOfMeasurePrice>
      <AllowDiscount>1</AllowDiscount>
      <ItemStatus>1</ItemStatus>
      <ItemId>153641</ItemId>
    </Item>
    <Item>
      <PriceUpdateDate>2025-09-04 12:00:16</PriceUpdateDate>
      <ItemCode>7290110114794</ItemCode>
      <ItemType>1</ItemType>
      <ItemName>נביעות+ אפרסק 1.5ליט</ItemName>
      <ManufacturerName>לא ידוע</ManufacturerName>
      <ManufactureCountry>לא ידוע</ManufactureCountry>
      <ManufacturerItemDescription>נביעות+ אפרסק 1.5ליט</ManufacturerItemDescription>
      <UnitQty>לא ידוע</UnitQty>
      <Quantity>1500.00</Quantity>
      <UnitOfMeasure>לא ידוע</UnitOfMeasure>
      <bIsWeighted>0</bIsWeighted>
      <QtyInPackage>לא ידוע</QtyInPackage>
      <ItemPrice>10.30</ItemPrice>
      <UnitOfMeasurePrice>0.0069</UnitOfMeasurePrice>
      <AllowDiscount>1</AllowDiscount>
      <ItemStatus>1</ItemStatus>
      <ItemId>236970</ItemId>
    </Item>
    <Item>
      <PriceUpdateDate>2025-08-19 18:14:55</PriceUpdateDate>
      <ItemCode>7290004575069</ItemCode>
      <ItemType>1</ItemType>
      <ItemName>חטיפי גלידה מיניס בט</ItemName>
      <ManufacturerName>לא ידוע</ManufacturerName>
      <ManufactureCountry>לא ידוע</ManufactureCountry>
      <ManufacturerItemDescription>חטיפי גלידה מיניס בט</ManufacturerItemDescription>
      <UnitQty>לא ידוע</UnitQty>
      <Quantity>700.00</Quantity>
      <UnitOfMeasure>לא ידוע</UnitOfMeasure>
      <bIsWeighted>0</bIsWeighted>
      <QtyInPackage>לא ידוע</QtyInPackage>
      <ItemPrice>41.90</ItemPrice>
      <UnitOfMeasurePrice>0.0599</UnitOfMeasurePrice>
      <AllowDiscount>1</AllowDiscount>
      <ItemStatus>1</ItemStatus>
      <ItemId>153642</ItemId>
    </Item>
    <Item>
      <PriceUpdateDate>2025-08-19 18:14:56</PriceUpdateDate>
      <ItemCode>7290004575229</ItemCode>
      <ItemType>1</ItemType>
      <ItemName>גלידה סנקור 5יח</ItemName>
      <ManufacturerName>לא ידוע</ManufacturerName>
      <ManufactureCountry>לא ידוע</ManufactureCountry>
      <ManufacturerItemDescription>גלידה סנקור 5יח</ManufacturerItemDescription>
      <UnitQty>לא ידוע</UnitQty>
      <Quantity>500.00</Quantity>
      <UnitOfMeasure>לא ידוע</UnitOfMeasure>
      <bIsWeighted>0</bIsWeighted>
      <QtyInPackage>לא ידוע</QtyInPackage>
      <ItemPrice>21.90</ItemPrice>
      <UnitOfMeasurePrice>0.0438</UnitOfMeasurePrice>
      <AllowDiscount>1</AllowDiscount>
      <ItemStatus>1</ItemStatus>
      <ItemId>153650</ItemId>
    </Item>
    <Item>
      <PriceUpdateDate>2025-08-19 18:14:56</PriceUpdateDate>
      <ItemCode>7290004575397</ItemCode>
      <ItemType>1</ItemType>
      <ItemName>גלידה טריו חלבי/ילדו</ItemName>
      <ManufacturerName>לא ידוע</ManufacturerName>
      <ManufactureCountry>לא ידוע</ManufactureCountry>
      <ManufacturerItemDescription>גלידה טריו חלבי/ילדו</ManufacturerItemDescription>
      <UnitQty>לא ידוע</UnitQty>
      <Quantity>1800.00</Quantity>
      <UnitOfMeasure>לא ידוע</UnitOfMeasure>
      <bIsWeighted>0</bIsWeighted>
      <QtyInPackage>לא ידוע</QtyInPackage>
      <ItemPrice>19.90</ItemPrice>
      <UnitOfMeasurePrice>0.0111</UnitOfMeasurePrice>
      <AllowDiscount>1</AllowDiscount>
      <ItemStatus>1</ItemStatus>
      <ItemId>153660</ItemId>
    </Item>
    <Item>
      <PriceUpdateDate>2025-09-05 13:22:16</PriceUpdateDate>
      <ItemCode>7290111011030</ItemCode>
      <ItemType>1</ItemType>
      <ItemName>ממחטות טו טו סופט 10</ItemName>
      <ManufacturerName>פריטי המותג של יאיר</ManufacturerName>
      <ManufactureCountry>לא ידוע</ManufactureCountry>
      <ManufacturerItemDescription>ממחטות טו טו סופט 10</ManufacturerItemDescription>
      <UnitQty>יחידה   </UnitQty>
      <Quantity>0.00</Quantity>
      <UnitOfMeasure>יחידה   </UnitOfMeasure>
      <bIsWeighted>0</bIsWeighted>
      <QtyInPackage>לא ידוע</QtyInPackage>
      <ItemPrice>11.90</ItemPrice>
      <UnitOfMeasurePrice>0.0000</UnitOfMeasurePrice>
      <AllowDiscount>1</AllowDiscount>
      <ItemStatus>1</ItemStatus>
      <ItemId>240619</ItemId>
    </Item>
    <Item>
      <PriceUpdateDate>2025-04-16 08:56:06</PriceUpdateDate>
      <ItemCode>7290001714034</ItemCode>
      <ItemType>1</ItemType>
      <ItemName>שריר עגל</ItemName>
      <ManufacturerName>לא ידוע</ManufacturerName>
      <ManufactureCountry>לא ידוע</ManufactureCountry>
      <ManufacturerItemDescription>שריר עגל</ManufacturerItemDescription>
      <UnitQty>קילוגרמים</UnitQty>
      <Quantity>1.00</Quantity>
      <UnitOfMeasure>ק"ג</UnitOfMeasure>
      <bIsWeighted>1</bIsWeighted>
      <QtyInPackage>לא ידוע</QtyInPackage>
      <ItemPrice>74.90</ItemPrice>
      <UnitOfMeasurePrice>74.9000</UnitOfMeasurePrice>
      <AllowDiscount>1</AllowDiscount>
      <ItemStatus>1</ItemStatus>
      <ItemId>153829</ItemId>
    </Item>
    <Item>
      <PriceUpdateDate>2025-08-26 11:13:26</PriceUpdateDate>
      <ItemCode>7290112343260</ItemCode>
      <ItemType>1</ItemType>
      <ItemName>רוטב שמנת קלאסי 9% י</ItemName>
      <ManufacturerName>לא ידוע</ManufacturerName>
      <ManufactureCountry>לא ידוע</ManufactureCountry>
      <ManufacturerItemDescription>רוטב שמנת קלאסי 9% י</ManufacturerItemDescription>
      <UnitQty>לא ידוע</UnitQty>
      <Quantity>250.00</Quantity>
      <UnitOfMeasure>לא ידוע</UnitOfMeasure>
      <bIsWeighted>0</bIsWeighted>
      <QtyInPackage>לא ידוע</QtyInPackage>
      <ItemPrice>13.50</ItemPrice>
      <UnitOfMeasurePrice>0.0540</UnitOfMeasurePrice>
      <AllowDiscount>1</AllowDiscount>
      <ItemStatus>1</ItemStatus>
      <ItemId>224223</ItemId>
    </Item>
    <Item>
      <PriceUpdateDate>2025-08-21 13:11:27</PriceUpdateDate>
      <ItemCode>7290002195054</ItemCode>
      <ItemType>1</ItemType>
      <ItemName>המבורגר בלדי 400גר</ItemName>
      <ManufacturerName>לא ידוע</ManufacturerName>
      <ManufactureCountry>לא ידוע</ManufactureCountry>
      <ManufacturerItemDescription>המבורגר בלדי 400גר</ManufacturerItemDescription>
      <UnitQty>לא ידוע</UnitQty>
      <Quantity>400.00</Quantity>
      <UnitOfMeasure>לא ידוע</UnitOfMeasure>
      <bIsWeighted>0</bIsWeighted>
      <QtyInPackage>לא ידוע</QtyInPackage>
      <ItemPrice>17.90</ItemPrice>
      <UnitOfMeasurePrice>0.0447</UnitOfMeasurePrice>
      <AllowDiscount>1</AllowDiscount>
      <ItemStatus>1</ItemStatus>
      <ItemId>154043</ItemId>
    </Item>
    <Item>
      <PriceUpdateDate>2025-08-21 13:11:27</PriceUpdateDate>
      <ItemCode>7290002195078</ItemCode>
      <ItemType>1</ItemType>
      <ItemName>בלדי קבב כבש 400גר</ItemName>
      <ManufacturerName>לא ידוע</ManufacturerName>
      <ManufactureCountry>לא ידוע</ManufactureCountry>
      <ManufacturerItemDescription>בלדי קבב כבש 400גר</ManufacturerItemDescription>
      <UnitQty>לא ידוע</UnitQty>
      <Quantity>400.00</Quantity>
      <UnitOfMeasure>לא ידוע</UnitOfMeasure>
      <bIsWeighted>0</bIsWeighted>
      <QtyInPackage>לא ידוע</QtyInPackage>
      <ItemPrice>17.90</ItemPrice>
      <UnitOfMeasurePrice>0.0447</UnitOfMeasurePrice>
      <AllowDiscount>1</AllowDiscount>
      <ItemStatus>1</ItemStatus>
      <ItemId>154045</ItemId>
    </Item>
    <Item>
      <PriceUpdateDate>2025-08-21 13:11:27</PriceUpdateDate>
      <ItemCode>7290002195085</ItemCode>
      <ItemType>1</ItemType>
      <ItemName>קבב מזרחי 400גר</ItemName>
      <ManufacturerName>לא ידוע</ManufacturerName>
      <ManufactureCountry>לא ידוע</ManufactureCountry>
      <ManufacturerItemDescription>קבב מזרחי 400גר</ManufacturerItemDescription>
      <UnitQty>לא ידוע</UnitQty>
      <Quantity>400.00</Quantity>
      <UnitOfMeasure>לא ידוע</UnitOfMeasure>
      <bIsWeighted>0</bIsWeighted>
      <QtyInPackage>לא ידוע</QtyInPackage>
      <ItemPrice>17.90</ItemPrice>
      <UnitOfMeasurePrice>0.0447</UnitOfMeasurePrice>
      <AllowDiscount>1</AllowDiscount>
      <ItemStatus>1</ItemStatus>
      <ItemId>154046</ItemId>
    </Item>
    <Item>
      <PriceUpdateDate>2025-08-21 13:11:28</PriceUpdateDate>
      <ItemCode>7290002195092</ItemCode>
      <ItemType>1</ItemType>
      <ItemName>קבב רומני 400גר</ItemName>
      <ManufacturerName>לא ידוע</ManufacturerName>
      <ManufactureCountry>לא ידוע</ManufactureCountry>
      <ManufacturerItemDescription>קבב רומני 400גר</ManufacturerItemDescription>
      <UnitQty>לא ידוע</UnitQty>
      <Quantity>400.00</Quantity>
      <UnitOfMeasure>לא ידוע</UnitOfMeasure>
      <bIsWeighted>0</bIsWeighted>
      <QtyInPackage>לא ידוע</QtyInPackage>
      <ItemPrice>17.90</ItemPrice>
      <UnitOfMeasurePrice>0.0447</UnitOfMeasurePrice>
      <AllowDiscount>1</AllowDiscount>
      <ItemStatus>1</ItemStatus>
      <ItemId>154047</ItemId>
    </Item>
    <Item>
      <PriceUpdateDate>2025-08-21 13:11:32</PriceUpdateDate>
      <ItemCode>7290010124503</ItemCode>
      <ItemType>1</ItemType>
      <ItemName>שומן כבש 200גר</ItemName>
      <ManufacturerName>לא ידוע</ManufacturerName>
      <ManufactureCountry>לא ידוע</ManufactureCountry>
      <ManufacturerItemDescription>שומן כבש 200גר</ManufacturerItemDescription>
      <UnitQty>לא ידוע</UnitQty>
      <Quantity>200.00</Quantity>
      <UnitOfMeasure>לא ידוע</UnitOfMeasure>
      <bIsWeighted>0</bIsWeighted>
      <QtyInPackage>לא ידוע</QtyInPackage>
      <ItemPrice>20.90</ItemPrice>
      <UnitOfMeasurePrice>0.1045</UnitOfMeasurePrice>
      <AllowDiscount>1</AllowDiscount>
      <ItemStatus>1</ItemStatus>
      <ItemId>154093</ItemId>
    </Item>
    <Item>
      <PriceUpdateDate>2025-04-20 08:04:38</PriceUpdateDate>
      <ItemCode>7290000498430</ItemCode>
      <ItemType>1</ItemType>
      <ItemName>חלה רגילה 500גר</ItemName>
      <ManufacturerName>לא ידוע</ManufacturerName>
      <ManufactureCountry>לא ידוע</ManufactureCountry>
      <ManufacturerItemDescription>חלה רגילה 500גר</ManufacturerItemDescription>
      <UnitQty>לא ידוע</UnitQty>
      <Quantity>500.00</Quantity>
      <UnitOfMeasure>לא ידוע</UnitOfMeasure>
      <bIsWeighted>0</bIsWeighted>
      <QtyInPackage>לא ידוע</QtyInPackage>
      <ItemPrice>6.61</ItemPrice>
      <UnitOfMeasurePrice>0.0132</UnitOfMeasurePrice>
      <AllowDiscount>1</AllowDiscount>
      <ItemStatus>1</ItemStatus>
      <ItemId>244342</ItemId>
    </Item>
    <Item>
      <PriceUpdateDate>2025-08-31 10:01:02</PriceUpdateDate>
      <ItemCode>7290111357367</ItemCode>
      <ItemType>1</ItemType>
      <ItemName>שטיחים בטעם תותי פרו</ItemName>
      <ManufacturerName>לא ידוע</ManufacturerName>
      <ManufactureCountry>לא ידוע</ManufactureCountry>
      <ManufacturerItemDescription>שטיחים בטעם תותי פרו</ManufacturerItemDescription>
      <UnitQty>לא ידוע</UnitQty>
      <Quantity>220.00</Quantity>
      <UnitOfMeasure>לא ידוע</UnitOfMeasure>
      <bIsWeighted>0</bIsWeighted>
      <QtyInPackage>לא ידוע</QtyInPackage>
      <ItemPrice>13.90</ItemPrice>
      <UnitOfMeasurePrice>0.0632</UnitOfMeasurePrice>
      <AllowDiscount>1</AllowDiscount>
      <ItemStatus>1</ItemStatus>
      <ItemId>249608</ItemId>
    </Item>
    <Item>
      <PriceUpdateDate>2025-06-26 07:57:47</PriceUpdateDate>
      <ItemCode>7290114604963</ItemCode>
      <ItemType>1</ItemType>
      <ItemName>פירורים מתובלים 230</ItemName>
      <ManufacturerName>לא ידוע</ManufacturerName>
      <ManufactureCountry>לא ידוע</ManufactureCountry>
      <ManufacturerItemDescription>פירורים מתובלים 230</ManufacturerItemDescription>
      <UnitQty>לא ידוע</UnitQty>
      <Quantity>280.00</Quantity>
      <UnitOfMeasure>לא ידוע</UnitOfMeasure>
      <bIsWeighted>0</bIsWeighted>
      <QtyInPackage>לא ידוע</QtyInPackage>
      <ItemPrice>8.90</ItemPrice>
      <UnitOfMeasurePrice>0.0318</UnitOfMeasurePrice>
      <AllowDiscount>1</AllowDiscount>
      <ItemStatus>1</ItemStatus>
      <ItemId>234769</ItemId>
    </Item>
    <Item>
      <PriceUpdateDate>2025-08-20 11:44:04</PriceUpdateDate>
      <ItemCode>7290005084355</ItemCode>
      <ItemType>1</ItemType>
      <ItemName>סנסודיין משחת שיניים</ItemName>
      <ManufacturerName>לא ידוע</ManufacturerName>
      <ManufactureCountry>לא ידוע</ManufactureCountry>
      <ManufacturerItemDescription>סנסודיין משחת שיניים</ManufacturerItemDescription>
      <UnitQty>לא ידוע</UnitQty>
      <Quantity>75.00</Quantity>
      <UnitOfMeasure>לא ידוע</UnitOfMeasure>
      <bIsWeighted>0</bIsWeighted>
      <QtyInPackage>לא ידוע</QtyInPackage>
      <ItemPrice>25.90</ItemPrice>
      <UnitOfMeasurePrice>0.3453</UnitOfMeasurePrice>
      <AllowDiscount>1</AllowDiscount>
      <ItemStatus>1</ItemStatus>
      <ItemId>154339</ItemId>
    </Item>
    <Item>
      <PriceUpdateDate>2025-08-20 11:44:05</PriceUpdateDate>
      <ItemCode>7290012938580</ItemCode>
      <ItemType>1</ItemType>
      <ItemName>סנסודיין משחת שיניים</ItemName>
      <ManufacturerName>לא ידוע</ManufacturerName>
      <ManufactureCountry>לא ידוע</ManufactureCountry>
      <ManufacturerItemDescription>סנסודיין משחת שיניים</ManufacturerItemDescription>
      <UnitQty>לא ידוע</UnitQty>
      <Quantity>75.00</Quantity>
      <UnitOfMeasure>לא ידוע</UnitOfMeasure>
      <bIsWeighted>0</bIsWeighted>
      <QtyInPackage>לא ידוע</QtyInPackage>
      <ItemPrice>25.90</ItemPrice>
      <UnitOfMeasurePrice>0.3453</UnitOfMeasurePrice>
      <AllowDiscount>1</AllowDiscount>
      <ItemStatus>1</ItemStatus>
      <ItemId>154428</ItemId>
    </Item>
    <Item>
      <PriceUpdateDate>2025-08-20 11:44:05</PriceUpdateDate>
      <ItemCode>7290012938740</ItemCode>
      <ItemType>1</ItemType>
      <ItemName>סנסודיין משחת שיניים</ItemName>
      <ManufacturerName>לא ידוע</ManufacturerName>
      <ManufactureCountry>לא ידוע</ManufactureCountry>
      <ManufacturerItemDescription>סנסודיין משחת שיניים</ManufacturerItemDescription>
      <UnitQty>לא ידוע</UnitQty>
      <Quantity>75.00</Quantity>
      <UnitOfMeasure>לא ידוע</UnitOfMeasure>
      <bIsWeighted>0</bIsWeighted>
      <QtyInPackage>לא ידוע</QtyInPackage>
      <ItemPrice>25.90</ItemPrice>
      <UnitOfMeasurePrice>0.3453</UnitOfMeasurePrice>
      <AllowDiscount>1</AllowDiscount>
      <ItemStatus>1</ItemStatus>
      <ItemId>154432</ItemId>
    </Item>
    <Item>
      <PriceUpdateDate>2025-03-04 10:25:31</PriceUpdateDate>
      <ItemCode>7290014426061</ItemCode>
      <ItemType>1</ItemType>
      <ItemName>הלו קיטי משחת שיניים</ItemName>
      <ManufacturerName>לא ידוע</ManufacturerName>
      <ManufactureCountry>לא ידוע</ManufactureCountry>
      <ManufacturerItemDescription>הלו קיטי משחת שיניים</ManufacturerItemDescription>
      <UnitQty>לא ידוע</UnitQty>
      <Quantity>50.00</Quantity>
      <UnitOfMeasure>לא ידוע</UnitOfMeasure>
      <bIsWeighted>0</bIsWeighted>
      <QtyInPackage>לא ידוע</QtyInPackage>
      <ItemPrice>12.90</ItemPrice>
      <UnitOfMeasurePrice>0.2580</UnitOfMeasurePrice>
      <AllowDiscount>1</AllowDiscount>
      <ItemStatus>1</ItemStatus>
      <ItemId>154449</ItemId>
    </Item>
    <Item>
      <PriceUpdateDate>2025-09-08 07:55:09</PriceUpdateDate>
      <ItemCode>7290015366663</ItemCode>
      <ItemType>1</ItemType>
      <ItemName>אקווה פרש עדין משחת</ItemName>
      <ManufacturerName>לא ידוע</ManufacturerName>
      <ManufactureCountry>לא ידוע</ManufactureCountry>
      <ManufacturerItemDescription>אקווה פרש עדין משחת</ManufacturerItemDescription>
      <UnitQty>לא ידוע</UnitQty>
      <Quantity>100.00</Quantity>
      <UnitOfMeasure>לא ידוע</UnitOfMeasure>
      <bIsWeighted>0</bIsWeighted>
      <QtyInPackage>לא ידוע</QtyInPackage>
      <ItemPrice>11.90</ItemPrice>
      <UnitOfMeasurePrice>0.1190</UnitOfMeasurePrice>
      <AllowDiscount>1</AllowDiscount>
      <ItemStatus>1</ItemStatus>
      <ItemId>154465</ItemId>
    </Item>
    <Item>
      <PriceUpdateDate>2025-09-08 07:55:09</PriceUpdateDate>
      <ItemCode>7290015366670</ItemCode>
      <ItemType>1</ItemType>
      <ItemName>אקווה פרש מנטה משחת</ItemName>
      <ManufacturerName>לא ידוע</ManufacturerName>
      <ManufactureCountry>לא ידוע</ManufactureCountry>
      <ManufacturerItemDescription>אקווה פרש מנטה משחת</ManufacturerItemDescription>
      <UnitQty>לא ידוע</UnitQty>
      <Quantity>100.00</Quantity>
      <UnitOfMeasure>לא ידוע</UnitOfMeasure>
      <bIsWeighted>0</bIsWeighted>
      <QtyInPackage>לא ידוע</QtyInPackage>
      <ItemPrice>11.90</ItemPrice>
      <UnitOfMeasurePrice>0.1190</UnitOfMeasurePrice>
      <AllowDiscount>1</AllowDiscount>
      <ItemStatus>1</ItemStatus>
      <ItemId>154466</ItemId>
    </Item>
    <Item>
      <PriceUpdateDate>2025-08-20 11:44:23</PriceUpdateDate>
      <ItemCode>7290000497044</ItemCode>
      <ItemType>1</ItemType>
      <ItemName>לחם אקטיב ברמן 750גר</ItemName>
      <ManufacturerName>לא ידוע</ManufacturerName>
      <ManufactureCountry>לא ידוע</ManufactureCountry>
      <ManufacturerItemDescription>לחם אקטיב ברמן 750גר</ManufacturerItemDescription>
      <UnitQty>לא ידוע</UnitQty>
      <Quantity>750.00</Quantity>
      <UnitOfMeasure>לא ידוע</UnitOfMeasure>
      <bIsWeighted>0</bIsWeighted>
      <QtyInPackage>לא ידוע</QtyInPackage>
      <ItemPrice>18.90</ItemPrice>
      <UnitOfMeasurePrice>0.0252</UnitOfMeasurePrice>
      <AllowDiscount>1</AllowDiscount>
      <ItemStatus>1</ItemStatus>
      <ItemId>154488</ItemId>
    </Item>
    <Item>
      <PriceUpdateDate>2025-04-20 08:06:36</PriceUpdateDate>
      <ItemCode>7290000497112</ItemCode>
      <ItemType>1</ItemType>
      <ItemName>לחם אחיד פרוס ברמן</ItemName>
      <ManufacturerName>לא ידוע</ManufacturerName>
      <ManufactureCountry>לא ידוע</ManufactureCountry>
      <ManufacturerItemDescription>לחם אחיד פרוס ברמן</ManufacturerItemDescription>
      <UnitQty>לא ידוע</UnitQty>
      <Quantity>750.00</Quantity>
      <UnitOfMeasure>לא ידוע</UnitOfMeasure>
      <bIsWeighted>0</bIsWeighted>
      <QtyInPackage>לא ידוע</QtyInPackage>
      <ItemPrice>8.37</ItemPrice>
      <UnitOfMeasurePrice>0.0112</UnitOfMeasurePrice>
      <AllowDiscount>1</AllowDiscount>
      <ItemStatus>1</ItemStatus>
      <ItemId>154492</ItemId>
    </Item>
    <Item>
      <PriceUpdateDate>2025-08-20 11:44:24</PriceUpdateDate>
      <ItemCode>7290000497303</ItemCode>
      <ItemType>1</ItemType>
      <ItemName>לחמניה מקמח מלא 6יח</ItemName>
      <ManufacturerName>לא ידוע</ManufacturerName>
      <ManufactureCountry>לא ידוע</ManufactureCountry>
      <ManufacturerItemDescription>לחמניה מקמח מלא 6יח</ManufacturerItemDescription>
      <UnitQty>לא ידוע</UnitQty>
      <Quantity>540.00</Quantity>
      <UnitOfMeasure>לא ידוע</UnitOfMeasure>
      <bIsWeighted>0</bIsWeighted>
      <QtyInPackage>לא ידוע</QtyInPackage>
      <ItemPrice>14.90</ItemPrice>
      <UnitOfMeasurePrice>0.0276</UnitOfMeasurePrice>
      <AllowDiscount>1</AllowDiscount>
      <ItemStatus>1</ItemStatus>
      <ItemId>154501</ItemId>
    </Item>
    <Item>
      <PriceUpdateDate>2025-08-20 11:44:24</PriceUpdateDate>
      <ItemCode>7290000497358</ItemCode>
      <ItemType>1</ItemType>
      <ItemName>חלומית חלה מתוקה ארו</ItemName>
      <ManufacturerName>לא ידוע</ManufacturerName>
      <ManufactureCountry>לא ידוע</ManufactureCountry>
      <ManufacturerItemDescription>חלומית חלה מתוקה ארו</ManufacturerItemDescription>
      <UnitQty>לא ידוע</UnitQty>
      <Quantity>500.00</Quantity>
      <UnitOfMeasure>לא ידוע</UnitOfMeasure>
      <bIsWeighted>0</bIsWeighted>
      <QtyInPackage>לא ידוע</QtyInPackage>
      <ItemPrice>16.90</ItemPrice>
      <UnitOfMeasurePrice>0.0338</UnitOfMeasurePrice>
      <AllowDiscount>1</AllowDiscount>
      <ItemStatus>1</ItemStatus>
      <ItemId>154503</ItemId>
    </Item>
    <Item>
      <PriceUpdateDate>2025-08-20 11:44:27</PriceUpdateDate>
      <ItemCode>7290000498423</ItemCode>
      <ItemType>1</ItemType>
      <ItemName>חלה מתוקה ברמן</ItemName>
      <ManufacturerName>לא ידוע</ManufacturerName>
      <ManufactureCountry>לא ידוע</ManufactureCountry>
      <ManufacturerItemDescription>חלה מתוקה ברמן</ManufacturerItemDescription>
      <UnitQty>לא ידוע</UnitQty>
      <Quantity>500.00</Quantity>
      <UnitOfMeasure>לא ידוע</UnitOfMeasure>
      <bIsWeighted>0</bIsWeighted>
      <QtyInPackage>לא ידוע</QtyInPackage>
      <ItemPrice>10.90</ItemPrice>
      <UnitOfMeasurePrice>0.0218</UnitOfMeasurePrice>
      <AllowDiscount>1</AllowDiscount>
      <ItemStatus>1</ItemStatus>
      <ItemId>154540</ItemId>
    </Item>
    <Item>
      <PriceUpdateDate>2025-05-05 10:01:41</PriceUpdateDate>
      <ItemCode>7290002037637</ItemCode>
      <ItemType>1</ItemType>
      <ItemName>חליות מתוקות 4יח</ItemName>
      <ManufacturerName>לא ידוע</ManufacturerName>
      <ManufactureCountry>לא ידוע</ManufactureCountry>
      <ManufacturerItemDescription>חליות מתוקות 4יח</ManufacturerItemDescription>
      <UnitQty>לא ידוע</UnitQty>
      <Quantity>400.00</Quantity>
      <UnitOfMeasure>לא ידוע</UnitOfMeasure>
      <bIsWeighted>0</bIsWeighted>
      <QtyInPackage>לא ידוע</QtyInPackage>
      <ItemPrice>14.90</ItemPrice>
      <UnitOfMeasurePrice>0.0373</UnitOfMeasurePrice>
      <AllowDiscount>1</AllowDiscount>
      <ItemStatus>1</ItemStatus>
      <ItemId>154557</ItemId>
    </Item>
    <Item>
      <PriceUpdateDate>2025-08-20 11:44:32</PriceUpdateDate>
      <ItemCode>7290003719259</ItemCode>
      <ItemType>1</ItemType>
      <ItemName>לחם אקסלוסיבי 1 ק"ג</ItemName>
      <ManufacturerName>קריות זול</ManufacturerName>
      <ManufactureCountry>לא ידוע</ManufactureCountry>
      <ManufacturerItemDescription>לחם אקסלוסיבי 1 ק"ג</ManufacturerItemDescription>
      <UnitQty>לא ידוע</UnitQty>
      <Quantity>1000.00</Quantity>
      <UnitOfMeasure>לא ידוע</UnitOfMeasure>
      <bIsWeighted>0</bIsWeighted>
      <QtyInPackage>לא ידוע</QtyInPackage>
      <ItemPrice>18.90</ItemPrice>
      <UnitOfMeasurePrice>0.0189</UnitOfMeasurePrice>
      <AllowDiscount>1</AllowDiscount>
      <ItemStatus>1</ItemStatus>
      <ItemId>154576</ItemId>
    </Item>
    <Item>
      <PriceUpdateDate>2025-08-20 11:44:36</PriceUpdateDate>
      <ItemCode>7290004685089</ItemCode>
      <ItemType>1</ItemType>
      <ItemName>לחם הארץ חמניות 500ג</ItemName>
      <ManufacturerName>לא ידוע</ManufacturerName>
      <ManufactureCountry>לא ידוע</ManufactureCountry>
      <ManufacturerItemDescription>לחם הארץ חמניות 500ג</ManufacturerItemDescription>
      <UnitQty>לא ידוע</UnitQty>
      <Quantity>500.00</Quantity>
      <UnitOfMeasure>לא ידוע</UnitOfMeasure>
      <bIsWeighted>0</bIsWeighted>
      <QtyInPackage>לא ידוע</QtyInPackage>
      <ItemPrice>18.90</ItemPrice>
      <UnitOfMeasurePrice>0.0378</UnitOfMeasurePrice>
      <AllowDiscount>1</AllowDiscount>
      <ItemStatus>1</ItemStatus>
      <ItemId>154582</ItemId>
    </Item>
    <Item>
      <PriceUpdateDate>2025-08-20 11:44:36</PriceUpdateDate>
      <ItemCode>7290004685126</ItemCode>
      <ItemType>1</ItemType>
      <ItemName>לחם הארץ פומפרניקל 7</ItemName>
      <ManufacturerName>לא ידוע</ManufacturerName>
      <ManufactureCountry>לא ידוע</ManufactureCountry>
      <ManufacturerItemDescription>לחם הארץ פומפרניקל 7</ManufacturerItemDescription>
      <UnitQty>לא ידוע</UnitQty>
      <Quantity>750.00</Quantity>
      <UnitOfMeasure>לא ידוע</UnitOfMeasure>
      <bIsWeighted>0</bIsWeighted>
      <QtyInPackage>לא ידוע</QtyInPackage>
      <ItemPrice>18.90</ItemPrice>
      <UnitOfMeasurePrice>0.0252</UnitOfMeasurePrice>
      <AllowDiscount>1</AllowDiscount>
      <ItemStatus>1</ItemStatus>
      <ItemId>154585</ItemId>
    </Item>
    <Item>
      <PriceUpdateDate>2025-08-20 11:44:37</PriceUpdateDate>
      <ItemCode>7290004685157</ItemCode>
      <ItemType>1</ItemType>
      <ItemName>לחם הארץ שיפון 100%</ItemName>
      <ManufacturerName>לא ידוע</ManufacturerName>
      <ManufactureCountry>לא ידוע</ManufactureCountry>
      <ManufacturerItemDescription>לחם הארץ שיפון 100%</ManufacturerItemDescription>
      <UnitQty>לא ידוע</UnitQty>
      <Quantity>750.00</Quantity>
      <UnitOfMeasure>לא ידוע</UnitOfMeasure>
      <bIsWeighted>0</bIsWeighted>
      <QtyInPackage>לא ידוע</QtyInPackage>
      <ItemPrice>18.90</ItemPrice>
      <UnitOfMeasurePrice>0.0252</UnitOfMeasurePrice>
      <AllowDiscount>1</AllowDiscount>
      <ItemStatus>1</ItemStatus>
      <ItemId>154588</ItemId>
    </Item>
    <Item>
      <PriceUpdateDate>2025-08-20 11:44:37</PriceUpdateDate>
      <ItemCode>7290004685195</ItemCode>
      <ItemType>1</ItemType>
      <ItemName>לחם הארץ 10 דגנים 75</ItemName>
      <ManufacturerName>לא ידוע</ManufacturerName>
      <ManufactureCountry>לא ידוע</ManufactureCountry>
      <ManufacturerItemDescription>לחם הארץ 10 דגנים 75</ManufacturerItemDescription>
      <UnitQty>לא ידוע</UnitQty>
      <Quantity>750.00</Quantity>
      <UnitOfMeasure>לא ידוע</UnitOfMeasure>
      <bIsWeighted>0</bIsWeighted>
      <QtyInPackage>לא ידוע</QtyInPackage>
      <ItemPrice>18.90</ItemPrice>
      <UnitOfMeasurePrice>0.0252</UnitOfMeasurePrice>
      <AllowDiscount>1</AllowDiscount>
      <ItemStatus>1</ItemStatus>
      <ItemId>154590</ItemId>
    </Item>
    <Item>
      <PriceUpdateDate>2025-08-20 11:44:37</PriceUpdateDate>
      <ItemCode>7290004685225</ItemCode>
      <ItemType>1</ItemType>
      <ItemName>לחם הארץ פומפרניקל 7</ItemName>
      <ManufacturerName>לא ידוע</ManufacturerName>
      <ManufactureCountry>לא ידוע</ManufactureCountry>
      <ManufacturerItemDescription>לחם הארץ פומפרניקל 7</ManufacturerItemDescription>
      <UnitQty>לא ידוע</UnitQty>
      <Quantity>750.00</Quantity>
      <UnitOfMeasure>לא ידוע</UnitOfMeasure>
      <bIsWeighted>0</bIsWeighted>
      <QtyInPackage>לא ידוע</QtyInPackage>
      <ItemPrice>18.90</ItemPrice>
      <UnitOfMeasurePrice>0.0252</UnitOfMeasurePrice>
      <AllowDiscount>1</AllowDiscount>
      <ItemStatus>1</ItemStatus>
      <ItemId>154593</ItemId>
    </Item>
    <Item>
      <PriceUpdateDate>2025-08-18 14:33:43</PriceUpdateDate>
      <ItemCode>4002448017684</ItemCode>
      <ItemType>1</ItemType>
      <ItemName>סיליט באנג ספריי רב</ItemName>
      <ManufacturerName>קריות זול</ManufacturerName>
      <ManufactureCountry>לא ידוע</ManufactureCountry>
      <ManufacturerItemDescription>סיליט באנג ספריי רב</ManufacturerItemDescription>
      <UnitQty>לא ידוע</UnitQty>
      <Quantity>750.00</Quantity>
      <UnitOfMeasure>לא ידוע</UnitOfMeasure>
      <bIsWeighted>0</bIsWeighted>
      <QtyInPackage>לא ידוע</QtyInPackage>
      <ItemPrice>17.50</ItemPrice>
      <UnitOfMeasurePrice>0.0233</UnitOfMeasurePrice>
      <AllowDiscount>1</AllowDiscount>
      <ItemStatus>1</ItemStatus>
      <ItemId>154624</ItemId>
    </Item>
    <Item>
      <PriceUpdateDate>2025-08-18 14:33:45</PriceUpdateDate>
      <ItemCode>5000146057710</ItemCode>
      <ItemType>1</ItemType>
      <ItemName>וינדולין ספריי לחלונ</ItemName>
      <ManufacturerName>קריות זול</ManufacturerName>
      <ManufactureCountry>לא ידוע</ManufactureCountry>
      <ManufacturerItemDescription>וינדולין ספריי לחלונ</ManufacturerItemDescription>
      <UnitQty>לא ידוע</UnitQty>
      <Quantity>750.00</Quantity>
      <UnitOfMeasure>לא ידוע</UnitOfMeasure>
      <bIsWeighted>0</bIsWeighted>
      <QtyInPackage>לא ידוע</QtyInPackage>
      <ItemPrice>11.50</ItemPrice>
      <UnitOfMeasurePrice>0.0153</UnitOfMeasurePrice>
      <AllowDiscount>1</AllowDiscount>
      <ItemStatus>1</ItemStatus>
      <ItemId>154633</ItemId>
    </Item>
    <Item>
      <PriceUpdateDate>2025-08-18 14:33:45</PriceUpdateDate>
      <ItemCode>5000146401568</ItemCode>
      <ItemType>1</ItemType>
      <ItemName>ווליט לכביסה שומרי צ</ItemName>
      <ManufacturerName>קריות זול</ManufacturerName>
      <ManufactureCountry>לא ידוע</ManufactureCountry>
      <ManufacturerItemDescription>ווליט לכביסה שומרי צ</ManufacturerItemDescription>
      <UnitQty>יחידה   </UnitQty>
      <Quantity>0.00</Quantity>
      <UnitOfMeasure>יחידה   </UnitOfMeasure>
      <bIsWeighted>0</bIsWeighted>
      <QtyInPackage>לא ידוע</QtyInPackage>
      <ItemPrice>17.50</ItemPrice>
      <UnitOfMeasurePrice>0.0000</UnitOfMeasurePrice>
      <AllowDiscount>1</AllowDiscount>
      <ItemStatus>1</ItemStatus>
      <ItemId>154639</ItemId>
    </Item>
    <Item>
      <PriceUpdateDate>2025-08-26 12:43:21</PriceUpdateDate>
      <ItemCode>7290011607180</ItemCode>
      <ItemType>1</ItemType>
      <ItemName>קולון 101כתמים אבקת</ItemName>
      <ManufacturerName>לא ידוע</ManufacturerName>
      <ManufactureCountry>לא ידוע</ManufactureCountry>
      <ManufacturerItemDescription>קולון 101כתמים אבקת</ManufacturerItemDescription>
      <UnitQty>קילוגרמים</UnitQty>
      <Quantity>1.25</Quantity>
      <UnitOfMeasure>ק"ג     </UnitOfMeasure>
      <bIsWeighted>0</bIsWeighted>
      <QtyInPackage>לא ידוע</QtyInPackage>
      <ItemPrice>20.90</ItemPrice>
      <UnitOfMeasurePrice>16.7200</UnitOfMeasurePrice>
      <AllowDiscount>1</AllowDiscount>
      <ItemStatus>1</ItemStatus>
      <ItemId>154751</ItemId>
    </Item>
    <Item>
      <PriceUpdateDate>2025-08-26 12:47:29</PriceUpdateDate>
      <ItemCode>7290101863410</ItemCode>
      <ItemType>1</ItemType>
      <ItemName>ספריי מכיל אקונומיקה</ItemName>
      <ManufacturerName>לא ידוע</ManufacturerName>
      <ManufactureCountry>לא ידוע</ManufactureCountry>
      <ManufacturerItemDescription>ספריי מכיל אקונומיקה</ManufacturerItemDescription>
      <UnitQty>לא ידוע</UnitQty>
      <Quantity>750.00</Quantity>
      <UnitOfMeasure>לא ידוע</UnitOfMeasure>
      <bIsWeighted>0</bIsWeighted>
      <QtyInPackage>לא ידוע</QtyInPackage>
      <ItemPrice>17.50</ItemPrice>
      <UnitOfMeasurePrice>0.0233</UnitOfMeasurePrice>
      <AllowDiscount>1</AllowDiscount>
      <ItemStatus>1</ItemStatus>
      <ItemId>154804</ItemId>
    </Item>
    <Item>
      <PriceUpdateDate>2025-08-26 12:47:29</PriceUpdateDate>
      <ItemCode>7290101864127</ItemCode>
      <ItemType>1</ItemType>
      <ItemName>קליה אוקסי ספריי 750</ItemName>
      <ManufacturerName>לא ידוע</ManufacturerName>
      <ManufactureCountry>לא ידוע</ManufactureCountry>
      <ManufacturerItemDescription>קליה אוקסי ספריי 750</ManufacturerItemDescription>
      <UnitQty>לא ידוע</UnitQty>
      <Quantity>750.00</Quantity>
      <UnitOfMeasure>לא ידוע</UnitOfMeasure>
      <bIsWeighted>0</bIsWeighted>
      <QtyInPackage>לא ידוע</QtyInPackage>
      <ItemPrice>20.90</ItemPrice>
      <UnitOfMeasurePrice>0.0279</UnitOfMeasurePrice>
      <AllowDiscount>1</AllowDiscount>
      <ItemStatus>1</ItemStatus>
      <ItemId>154817</ItemId>
    </Item>
    <Item>
      <PriceUpdateDate>2025-08-26 12:47:32</PriceUpdateDate>
      <ItemCode>7290101865261</ItemCode>
      <ItemType>1</ItemType>
      <ItemName>פיניש נוזל הברקה 800</ItemName>
      <ManufacturerName>לא ידוע</ManufacturerName>
      <ManufactureCountry>לא ידוע</ManufactureCountry>
      <ManufacturerItemDescription>פיניש נוזל הברקה 800</ManufacturerItemDescription>
      <UnitQty>לא ידוע</UnitQty>
      <Quantity>800.00</Quantity>
      <UnitOfMeasure>לא ידוע</UnitOfMeasure>
      <bIsWeighted>0</bIsWeighted>
      <QtyInPackage>לא ידוע</QtyInPackage>
      <ItemPrice>24.90</ItemPrice>
      <UnitOfMeasurePrice>0.0311</UnitOfMeasurePrice>
      <AllowDiscount>1</AllowDiscount>
      <ItemStatus>1</ItemStatus>
      <ItemId>154842</ItemId>
    </Item>
    <Item>
      <PriceUpdateDate>2025-08-26 12:47:35</PriceUpdateDate>
      <ItemCode>7290101868958</ItemCode>
      <ItemType>1</ItemType>
      <ItemName>פיניש נוזל הברקה למד</ItemName>
      <ManufacturerName>לא ידוע</ManufacturerName>
      <ManufactureCountry>לא ידוע</ManufactureCountry>
      <ManufacturerItemDescription>פיניש נוזל הברקה למד</ManufacturerItemDescription>
      <UnitQty>לא ידוע</UnitQty>
      <Quantity>800.00</Quantity>
      <UnitOfMeasure>לא ידוע</UnitOfMeasure>
      <bIsWeighted>0</bIsWeighted>
      <QtyInPackage>לא ידוע</QtyInPackage>
      <ItemPrice>24.90</ItemPrice>
      <UnitOfMeasurePrice>0.0311</UnitOfMeasurePrice>
      <AllowDiscount>1</AllowDiscount>
      <ItemStatus>1</ItemStatus>
      <ItemId>154923</ItemId>
    </Item>
    <Item>
      <PriceUpdateDate>2025-08-26 12:47:36</PriceUpdateDate>
      <ItemCode>7290101869702</ItemCode>
      <ItemType>1</ItemType>
      <ItemName>פיניש ג'ל למדיח 600מ</ItemName>
      <ManufacturerName>לא ידוע</ManufacturerName>
      <ManufactureCountry>לא ידוע</ManufactureCountry>
      <ManufacturerItemDescription>פיניש ג'ל למדיח 600מ</ManufacturerItemDescription>
      <UnitQty>לא ידוע</UnitQty>
      <Quantity>600.00</Quantity>
      <UnitOfMeasure>לא ידוע</UnitOfMeasure>
      <bIsWeighted>0</bIsWeighted>
      <QtyInPackage>לא ידוע</QtyInPackage>
      <ItemPrice>40.90</ItemPrice>
      <UnitOfMeasurePrice>0.0682</UnitOfMeasurePrice>
      <AllowDiscount>1</AllowDiscount>
      <ItemStatus>1</ItemStatus>
      <ItemId>154930</ItemId>
    </Item>
    <Item>
      <PriceUpdateDate>2025-04-20 08:39:28</PriceUpdateDate>
      <ItemCode>3800020423578</ItemCode>
      <ItemType>1</ItemType>
      <ItemName>קיט קאט צאנקי 40 גרם</ItemName>
      <ManufacturerName>לא ידוע</ManufacturerName>
      <ManufactureCountry>לא ידוע</ManufactureCountry>
      <ManufacturerItemDescription>קיט קאט צאנקי 40 גרם</ManufacturerItemDescription>
      <UnitQty>לא ידוע</UnitQty>
      <Quantity>40.00</Quantity>
      <UnitOfMeasure>לא ידוע</UnitOfMeasure>
      <bIsWeighted>0</bIsWeighted>
      <QtyInPackage>לא ידוע</QtyInPackage>
      <ItemPrice>5.90</ItemPrice>
      <UnitOfMeasurePrice>0.1475</UnitOfMeasurePrice>
      <AllowDiscount>1</AllowDiscount>
      <ItemStatus>1</ItemStatus>
      <ItemId>154981</ItemId>
    </Item>
    <Item>
      <PriceUpdateDate>2025-08-18 11:47:09</PriceUpdateDate>
      <ItemCode>7290002927464</ItemCode>
      <ItemType>1</ItemType>
      <ItemName>גולש עגל קפוא</ItemName>
      <ManufacturerName>לא ידוע</ManufacturerName>
      <ManufactureCountry>לא ידוע</ManufactureCountry>
      <ManufacturerItemDescription>גולש עגל קפוא</ManufacturerItemDescription>
      <UnitQty>קילוגרמים</UnitQty>
      <Quantity>1.00</Quantity>
      <UnitOfMeasure>ק"ג</UnitOfMeasure>
      <bIsWeighted>1</bIsWeighted>
      <QtyInPackage>לא ידוע</QtyInPackage>
      <ItemPrice>62.90</ItemPrice>
      <UnitOfMeasurePrice>62.9000</UnitOfMeasurePrice>
      <AllowDiscount>1</AllowDiscount>
      <ItemStatus>1</ItemStatus>
      <ItemId>155132</ItemId>
    </Item>
    <Item>
      <PriceUpdateDate>2025-09-08 07:58:41</PriceUpdateDate>
      <ItemCode>8850006536346</ItemCode>
      <ItemType>1</ItemType>
      <ItemName>פלמוליב סבון גוף ארו</ItemName>
      <ManufacturerName>לא ידוע</ManufacturerName>
      <ManufactureCountry>איטליה</ManufactureCountry>
      <ManufacturerItemDescription>פלמוליב סבון גוף ארו</ManufacturerItemDescription>
      <UnitQty>לא ידוע</UnitQty>
      <Quantity>750.00</Quantity>
      <UnitOfMeasure>לא ידוע</UnitOfMeasure>
      <bIsWeighted>0</bIsWeighted>
      <QtyInPackage>לא ידוע</QtyInPackage>
      <ItemPrice>26.90</ItemPrice>
      <UnitOfMeasurePrice>0.0359</UnitOfMeasurePrice>
      <AllowDiscount>1</AllowDiscount>
      <ItemStatus>1</ItemStatus>
      <ItemId>255567</ItemId>
    </Item>
    <Item>
      <PriceUpdateDate>2025-12-10 10:50:34</PriceUpdateDate>
      <ItemCode>4013162037902</ItemCode>
      <ItemType>1</ItemType>
      <ItemName>נוזל כלים פיט ורוד 7</ItemName>
      <ManufacturerName>לא ידוע</ManufacturerName>
      <ManufactureCountry>לא ידוע</ManufactureCountry>
      <ManufacturerItemDescription>נוזל כלים פיט ורוד 7</ManufacturerItemDescription>
      <UnitQty>לא ידוע</UnitQty>
      <Quantity>750.00</Quantity>
      <UnitOfMeasure>לא ידוע</UnitOfMeasure>
      <bIsWeighted>0</bIsWeighted>
      <QtyInPackage>לא ידוע</QtyInPackage>
      <ItemPrice>13.90</ItemPrice>
      <UnitOfMeasurePrice>0.0185</UnitOfMeasurePrice>
      <AllowDiscount>1</AllowDiscount>
      <ItemStatus>1</ItemStatus>
      <ItemId>256793</ItemId>
    </Item>
    <Item>
      <PriceUpdateDate>2025-09-08 07:55:02</PriceUpdateDate>
      <ItemCode>7290020173034</ItemCode>
      <ItemType>1</ItemType>
      <ItemName>כפפות ניילון חד פעמי</ItemName>
      <ManufacturerName>לא ידוע</ManufacturerName>
      <ManufactureCountry>לא ידוע</ManufactureCountry>
      <ManufacturerItemDescription>כפפות ניילון חד פעמי</ManufacturerItemDescription>
      <UnitQty>יחידה   </UnitQty>
      <Quantity>0.00</Quantity>
      <UnitOfMeasure>יחידה   </UnitOfMeasure>
      <bIsWeighted>0</bIsWeighted>
      <QtyInPackage>לא ידוע</QtyInPackage>
      <ItemPrice>12.90</ItemPrice>
      <UnitOfMeasurePrice>0.0000</UnitOfMeasurePrice>
      <AllowDiscount>1</AllowDiscount>
      <ItemStatus>1</ItemStatus>
      <ItemId>255008</ItemId>
    </Item>
    <Item>
      <PriceUpdateDate>2024-08-11 09:15:07</PriceUpdateDate>
      <ItemCode>18389423</ItemCode>
      <ItemType>1</ItemType>
      <ItemName>סינטה טרי</ItemName>
      <ManufacturerName>לא ידוע</ManufacturerName>
      <ManufactureCountry>לא ידוע</ManufactureCountry>
      <ManufacturerItemDescription>סינטה טרי</ManufacturerItemDescription>
      <UnitQty>קילוגרמים</UnitQty>
      <Quantity>1.00</Quantity>
      <UnitOfMeasure>ק"ג</UnitOfMeasure>
      <bIsWeighted>1</bIsWeighted>
      <QtyInPackage>לא ידוע</QtyInPackage>
      <ItemPrice>159.00</ItemPrice>
      <UnitOfMeasurePrice>159.0000</UnitOfMeasurePrice>
      <AllowDiscount>1</AllowDiscount>
      <ItemStatus>1</ItemStatus>
      <ItemId>234345</ItemId>
    </Item>
    <Item>
      <PriceUpdateDate>2025-03-26 07:38:09</PriceUpdateDate>
      <ItemCode>7290002927655</ItemCode>
      <ItemType>1</ItemType>
      <ItemName>שניצל עגל קפוא</ItemName>
      <ManufacturerName>לא ידוע</ManufacturerName>
      <ManufactureCountry>לא ידוע</ManufactureCountry>
      <ManufacturerItemDescription>שניצל עגל קפוא</ManufacturerItemDescription>
      <UnitQty>קילוגרמים</UnitQty>
      <Quantity>1.00</Quantity>
      <UnitOfMeasure>ק"ג</UnitOfMeasure>
      <bIsWeighted>1</bIsWeighted>
      <QtyInPackage>לא ידוע</QtyInPackage>
      <ItemPrice>59.90</ItemPrice>
      <UnitOfMeasurePrice>59.9000</UnitOfMeasurePrice>
      <AllowDiscount>1</AllowDiscount>
      <ItemStatus>1</ItemStatus>
      <ItemId>155142</ItemId>
    </Item>
    <Item>
      <PriceUpdateDate>2025-08-21 13:11:13</PriceUpdateDate>
      <ItemCode>7290002453529</ItemCode>
      <ItemType>1</ItemType>
      <ItemName>אנטריקוט בורגר 400גר</ItemName>
      <ManufacturerName>לא ידוע</ManufacturerName>
      <ManufactureCountry>לא ידוע</ManufactureCountry>
      <ManufacturerItemDescription>אנטריקוט בורגר 400גר</ManufacturerItemDescription>
      <UnitQty>לא ידוע</UnitQty>
      <Quantity>400.00</Quantity>
      <UnitOfMeasure>לא ידוע</UnitOfMeasure>
      <bIsWeighted>0</bIsWeighted>
      <QtyInPackage>לא ידוע</QtyInPackage>
      <ItemPrice>35.90</ItemPrice>
      <UnitOfMeasurePrice>0.0897</UnitOfMeasurePrice>
      <AllowDiscount>1</AllowDiscount>
      <ItemStatus>1</ItemStatus>
      <ItemId>155150</ItemId>
    </Item>
    <Item>
      <PriceUpdateDate>2025-09-03 07:19:56</PriceUpdateDate>
      <ItemCode>7290107870047</ItemCode>
      <ItemType>1</ItemType>
      <ItemName>אקסטרים מטבע ענק ברא</ItemName>
      <ManufacturerName>לא ידוע</ManufacturerName>
      <ManufactureCountry>לא ידוע</ManufactureCountry>
      <ManufacturerItemDescription>אקסטרים מטבע ענק ברא</ManufacturerItemDescription>
      <UnitQty>לא ידוע</UnitQty>
      <Quantity>115.00</Quantity>
      <UnitOfMeasure>לא ידוע</UnitOfMeasure>
      <bIsWeighted>0</bIsWeighted>
      <QtyInPackage>לא ידוע</QtyInPackage>
      <ItemPrice>13.90</ItemPrice>
      <UnitOfMeasurePrice>0.1209</UnitOfMeasurePrice>
      <AllowDiscount>1</AllowDiscount>
      <ItemStatus>1</ItemStatus>
      <ItemId>235166</ItemId>
    </Item>
    <Item>
      <PriceUpdateDate>2025-08-26 11:54:05</PriceUpdateDate>
      <ItemCode>7290114310536</ItemCode>
      <ItemType>1</ItemType>
      <ItemName>מולר אקטיב לייט יוגו</ItemName>
      <ManufacturerName>לא ידוע</ManufacturerName>
      <ManufactureCountry>לא ידוע</ManufactureCountry>
      <ManufacturerItemDescription>מולר אקטיב לייט יוגו</ManufacturerItemDescription>
      <UnitQty>לא ידוע</UnitQty>
      <Quantity>200.00</Quantity>
      <UnitOfMeasure>לא ידוע</UnitOfMeasure>
      <bIsWeighted>0</bIsWeighted>
      <QtyInPackage>לא ידוע</QtyInPackage>
      <ItemPrice>7.50</ItemPrice>
      <UnitOfMeasurePrice>0.0375</UnitOfMeasurePrice>
      <AllowDiscount>1</AllowDiscount>
      <ItemStatus>1</ItemStatus>
      <ItemId>234889</ItemId>
    </Item>
    <Item>
      <PriceUpdateDate>2025-08-18 11:48:50</PriceUpdateDate>
      <ItemCode>54881008167</ItemCode>
      <ItemType>1</ItemType>
      <ItemName>תה אינגליש ברק אחמד</ItemName>
      <ManufacturerName>לא ידוע</ManufacturerName>
      <ManufactureCountry>לא ידוע</ManufactureCountry>
      <ManufacturerItemDescription>תה אינגליש ברק אחמד</ManufacturerItemDescription>
      <UnitQty>לא ידוע</UnitQty>
      <Quantity>200.00</Quantity>
      <UnitOfMeasure>לא ידוע</UnitOfMeasure>
      <bIsWeighted>0</bIsWeighted>
      <QtyInPackage>לא ידוע</QtyInPackage>
      <ItemPrice>20.90</ItemPrice>
      <UnitOfMeasurePrice>0.1045</UnitOfMeasurePrice>
      <AllowDiscount>1</AllowDiscount>
      <ItemStatus>1</ItemStatus>
      <ItemId>206130</ItemId>
    </Item>
    <Item>
      <PriceUpdateDate>2025-08-18 11:51:50</PriceUpdateDate>
      <ItemCode>4260147890513</ItemCode>
      <ItemType>1</ItemType>
      <ItemName>אטריות ורמיצ'לי ביצי</ItemName>
      <ManufacturerName>לא ידוע</ManufacturerName>
      <ManufactureCountry>לא ידוע</ManufactureCountry>
      <ManufacturerItemDescription>אטריות ורמיצ'לי ביצי</ManufacturerItemDescription>
      <UnitQty>לא ידוע</UnitQty>
      <Quantity>500.00</Quantity>
      <UnitOfMeasure>לא ידוע</UnitOfMeasure>
      <bIsWeighted>0</bIsWeighted>
      <QtyInPackage>לא ידוע</QtyInPackage>
      <ItemPrice>13.90</ItemPrice>
      <UnitOfMeasurePrice>0.0278</UnitOfMeasurePrice>
      <AllowDiscount>1</AllowDiscount>
      <ItemStatus>1</ItemStatus>
      <ItemId>155273</ItemId>
    </Item>
    <Item>
      <PriceUpdateDate>2025-08-18 11:51:50</PriceUpdateDate>
      <ItemCode>4260147890551</ItemCode>
      <ItemType>1</ItemType>
      <ItemName>אטריות ביצים רצועות</ItemName>
      <ManufacturerName>לא ידוע</ManufacturerName>
      <ManufactureCountry>לא ידוע</ManufactureCountry>
      <ManufacturerItemDescription>אטריות ביצים רצועות</ManufacturerItemDescription>
      <UnitQty>לא ידוע</UnitQty>
      <Quantity>500.00</Quantity>
      <UnitOfMeasure>לא ידוע</UnitOfMeasure>
      <bIsWeighted>0</bIsWeighted>
      <QtyInPackage>לא ידוע</QtyInPackage>
      <ItemPrice>13.90</ItemPrice>
      <UnitOfMeasurePrice>0.0278</UnitOfMeasurePrice>
      <AllowDiscount>1</AllowDiscount>
      <ItemStatus>1</ItemStatus>
      <ItemId>155275</ItemId>
    </Item>
    <Item>
      <PriceUpdateDate>2025-08-31 08:48:39</PriceUpdateDate>
      <ItemCode>7290000267043</ItemCode>
      <ItemType>1</ItemType>
      <ItemName>שקד פרוס השף 100גר</ItemName>
      <ManufacturerName>קריות זול</ManufacturerName>
      <ManufactureCountry>לא ידוע</ManufactureCountry>
      <ManufacturerItemDescription>שקד פרוס השף 100גר</ManufacturerItemDescription>
      <UnitQty>לא ידוע</UnitQty>
      <Quantity>100.00</Quantity>
      <UnitOfMeasure>לא ידוע</UnitOfMeasure>
      <bIsWeighted>0</bIsWeighted>
      <QtyInPackage>לא ידוע</QtyInPackage>
      <ItemPrice>13.90</ItemPrice>
      <UnitOfMeasurePrice>0.1390</UnitOfMeasurePrice>
      <AllowDiscount>1</AllowDiscount>
      <ItemStatus>1</ItemStatus>
      <ItemId>155290</ItemId>
    </Item>
    <Item>
      <PriceUpdateDate>2025-08-31 08:48:39</PriceUpdateDate>
      <ItemCode>7290000267050</ItemCode>
      <ItemType>1</ItemType>
      <ItemName>שקד טחון השף 100 גר</ItemName>
      <ManufacturerName>לא ידוע</ManufacturerName>
      <ManufactureCountry>לא ידוע</ManufactureCountry>
      <ManufacturerItemDescription>שקד טחון השף 100 גר</ManufacturerItemDescription>
      <UnitQty>לא ידוע</UnitQty>
      <Quantity>100.00</Quantity>
      <UnitOfMeasure>לא ידוע</UnitOfMeasure>
      <bIsWeighted>0</bIsWeighted>
      <QtyInPackage>לא ידוע</QtyInPackage>
      <ItemPrice>13.90</ItemPrice>
      <UnitOfMeasurePrice>0.1390</UnitOfMeasurePrice>
      <AllowDiscount>1</AllowDiscount>
      <ItemStatus>1</ItemStatus>
      <ItemId>155291</ItemId>
    </Item>
    <Item>
      <PriceUpdateDate>2025-08-31 08:48:40</PriceUpdateDate>
      <ItemCode>7290000267548</ItemCode>
      <ItemType>1</ItemType>
      <ItemName>אגוזי מלך גרוסים השף</ItemName>
      <ManufacturerName>לא ידוע</ManufacturerName>
      <ManufactureCountry>לא ידוע</ManufactureCountry>
      <ManufacturerItemDescription>אגוזי מלך גרוסים השף</ManufacturerItemDescription>
      <UnitQty>לא ידוע</UnitQty>
      <Quantity>100.00</Quantity>
      <UnitOfMeasure>לא ידוע</UnitOfMeasure>
      <bIsWeighted>0</bIsWeighted>
      <QtyInPackage>לא ידוע</QtyInPackage>
      <ItemPrice>12.90</ItemPrice>
      <UnitOfMeasurePrice>0.1290</UnitOfMeasurePrice>
      <AllowDiscount>1</AllowDiscount>
      <ItemStatus>1</ItemStatus>
      <ItemId>155295</ItemId>
    </Item>
    <Item>
      <PriceUpdateDate>2025-08-31 08:48:42</PriceUpdateDate>
      <ItemCode>7290003011087</ItemCode>
      <ItemType>1</ItemType>
      <ItemName>אורז בסמטי אלפנט 1קג</ItemName>
      <ManufacturerName>לא ידוע</ManufacturerName>
      <ManufactureCountry>לא ידוע</ManufactureCountry>
      <ManufacturerItemDescription>אורז בסמטי אלפנט 1קג</ManufacturerItemDescription>
      <UnitQty>לא ידוע</UnitQty>
      <Quantity>1000.00</Quantity>
      <UnitOfMeasure>לא ידוע</UnitOfMeasure>
      <bIsWeighted>0</bIsWeighted>
      <QtyInPackage>לא ידוע</QtyInPackage>
      <ItemPrice>14.90</ItemPrice>
      <UnitOfMeasurePrice>0.0149</UnitOfMeasurePrice>
      <AllowDiscount>1</AllowDiscount>
      <ItemStatus>1</ItemStatus>
      <ItemId>155305</ItemId>
    </Item>
    <Item>
      <PriceUpdateDate>2025-08-31 08:48:45</PriceUpdateDate>
      <ItemCode>7290010163069</ItemCode>
      <ItemType>1</ItemType>
      <ItemName>צנובר 100גרם</ItemName>
      <ManufacturerName>לא ידוע</ManufacturerName>
      <ManufactureCountry>לא ידוע</ManufactureCountry>
      <ManufacturerItemDescription>צנובר 100גרם</ManufacturerItemDescription>
      <UnitQty>לא ידוע</UnitQty>
      <Quantity>100.00</Quantity>
      <UnitOfMeasure>לא ידוע</UnitOfMeasure>
      <bIsWeighted>0</bIsWeighted>
      <QtyInPackage>לא ידוע</QtyInPackage>
      <ItemPrice>25.90</ItemPrice>
      <UnitOfMeasurePrice>0.2590</UnitOfMeasurePrice>
      <AllowDiscount>1</AllowDiscount>
      <ItemStatus>1</ItemStatus>
      <ItemId>155340</ItemId>
    </Item>
    <Item>
      <PriceUpdateDate>2025-12-17 12:38:23</PriceUpdateDate>
      <ItemCode>7290011501617</ItemCode>
      <ItemType>1</ItemType>
      <ItemName>חמוציות דל סוכר 250ג</ItemName>
      <ManufacturerName>לא ידוע</ManufacturerName>
      <ManufactureCountry>לא ידוע</ManufactureCountry>
      <ManufacturerItemDescription>חמוציות דל סוכר 250ג</ManufacturerItemDescription>
      <UnitQty>לא ידוע</UnitQty>
      <Quantity>250.00</Quantity>
      <UnitOfMeasure>לא ידוע</UnitOfMeasure>
      <bIsWeighted>0</bIsWeighted>
      <QtyInPackage>לא ידוע</QtyInPackage>
      <ItemPrice>22.90</ItemPrice>
      <UnitOfMeasurePrice>0.0916</UnitOfMeasurePrice>
      <AllowDiscount>1</AllowDiscount>
      <ItemStatus>1</ItemStatus>
      <ItemId>155346</ItemId>
    </Item>
    <Item>
      <PriceUpdateDate>2025-08-31 08:48:47</PriceUpdateDate>
      <ItemCode>7290012309311</ItemCode>
      <ItemType>1</ItemType>
      <ItemName>ערמונים קלופים שלמים</ItemName>
      <ManufacturerName>לא ידוע</ManufacturerName>
      <ManufactureCountry>לא ידוע</ManufactureCountry>
      <ManufacturerItemDescription>ערמונים קלופים שלמים</ManufacturerItemDescription>
      <UnitQty>לא ידוע</UnitQty>
      <Quantity>100.00</Quantity>
      <UnitOfMeasure>לא ידוע</UnitOfMeasure>
      <bIsWeighted>0</bIsWeighted>
      <QtyInPackage>לא ידוע</QtyInPackage>
      <ItemPrice>6.50</ItemPrice>
      <UnitOfMeasurePrice>0.0650</UnitOfMeasurePrice>
      <AllowDiscount>1</AllowDiscount>
      <ItemStatus>1</ItemStatus>
      <ItemId>155353</ItemId>
    </Item>
    <Item>
      <PriceUpdateDate>2025-08-31 08:48:48</PriceUpdateDate>
      <ItemCode>7290013725646</ItemCode>
      <ItemType>1</ItemType>
      <ItemName>רוטב צילי מתוק 700מל</ItemName>
      <ManufacturerName>לא ידוע</ManufacturerName>
      <ManufactureCountry>לא ידוע</ManufactureCountry>
      <ManufacturerItemDescription>רוטב צילי מתוק 700מל</ManufacturerItemDescription>
      <UnitQty>לא ידוע</UnitQty>
      <Quantity>700.00</Quantity>
      <UnitOfMeasure>לא ידוע</UnitOfMeasure>
      <bIsWeighted>0</bIsWeighted>
      <QtyInPackage>לא ידוע</QtyInPackage>
      <ItemPrice>12.90</ItemPrice>
      <UnitOfMeasurePrice>0.0184</UnitOfMeasurePrice>
      <AllowDiscount>1</AllowDiscount>
      <ItemStatus>1</ItemStatus>
      <ItemId>155375</ItemId>
    </Item>
    <Item>
      <PriceUpdateDate>2025-12-17 12:38:24</PriceUpdateDate>
      <ItemCode>7290014094352</ItemCode>
      <ItemType>1</ItemType>
      <ItemName>אגוזי מלך קופסא 200</ItemName>
      <ManufacturerName>לא ידוע</ManufacturerName>
      <ManufactureCountry>לא ידוע</ManufactureCountry>
      <ManufacturerItemDescription>אגוזי מלך קופסא 200</ManufacturerItemDescription>
      <UnitQty>לא ידוע</UnitQty>
      <Quantity>200.00</Quantity>
      <UnitOfMeasure>לא ידוע</UnitOfMeasure>
      <bIsWeighted>0</bIsWeighted>
      <QtyInPackage>לא ידוע</QtyInPackage>
      <ItemPrice>24.90</ItemPrice>
      <UnitOfMeasurePrice>0.1245</UnitOfMeasurePrice>
      <AllowDiscount>1</AllowDiscount>
      <ItemStatus>1</ItemStatus>
      <ItemId>155386</ItemId>
    </Item>
    <Item>
      <PriceUpdateDate>2025-08-31 08:48:52</PriceUpdateDate>
      <ItemCode>7290014094376</ItemCode>
      <ItemType>1</ItemType>
      <ItemName>שזיף ללא גלעין 250 ג</ItemName>
      <ManufacturerName>לא ידוע</ManufacturerName>
      <ManufactureCountry>לא ידוע</ManufactureCountry>
      <ManufacturerItemDescription>שזיף ללא גלעין 250 ג</ManufacturerItemDescription>
      <UnitQty>לא ידוע</UnitQty>
      <Quantity>250.00</Quantity>
      <UnitOfMeasure>לא ידוע</UnitOfMeasure>
      <bIsWeighted>0</bIsWeighted>
      <QtyInPackage>לא ידוע</QtyInPackage>
      <ItemPrice>25.90</ItemPrice>
      <UnitOfMeasurePrice>0.1036</UnitOfMeasurePrice>
      <AllowDiscount>1</AllowDiscount>
      <ItemStatus>1</ItemStatus>
      <ItemId>155388</ItemId>
    </Item>
    <Item>
      <PriceUpdateDate>2025-08-31 08:48:52</PriceUpdateDate>
      <ItemCode>7290014094406</ItemCode>
      <ItemType>1</ItemType>
      <ItemName>צימוק לבן קופסא 250ג</ItemName>
      <ManufacturerName>לא ידוע</ManufacturerName>
      <ManufactureCountry>לא ידוע</ManufactureCountry>
      <ManufacturerItemDescription>צימוק לבן קופסא 250ג</ManufacturerItemDescription>
      <UnitQty>לא ידוע</UnitQty>
      <Quantity>250.00</Quantity>
      <UnitOfMeasure>לא ידוע</UnitOfMeasure>
      <bIsWeighted>0</bIsWeighted>
      <QtyInPackage>לא ידוע</QtyInPackage>
      <ItemPrice>19.90</ItemPrice>
      <UnitOfMeasurePrice>0.0796</UnitOfMeasurePrice>
      <AllowDiscount>1</AllowDiscount>
      <ItemStatus>1</ItemStatus>
      <ItemId>155391</ItemId>
    </Item>
    <Item>
      <PriceUpdateDate>2025-05-06 15:42:31</PriceUpdateDate>
      <ItemCode>7290014094895</ItemCode>
      <ItemType>1</ItemType>
      <ItemName>אגוזי מלך שקית 150גר</ItemName>
      <ManufacturerName>לא ידוע</ManufacturerName>
      <ManufactureCountry>לא ידוע</ManufactureCountry>
      <ManufacturerItemDescription>אגוזי מלך שקית 150גר</ManufacturerItemDescription>
      <UnitQty>לא ידוע</UnitQty>
      <Quantity>150.00</Quantity>
      <UnitOfMeasure>לא ידוע</UnitOfMeasure>
      <bIsWeighted>0</bIsWeighted>
      <QtyInPackage>לא ידוע</QtyInPackage>
      <ItemPrice>15.90</ItemPrice>
      <UnitOfMeasurePrice>0.1060</UnitOfMeasurePrice>
      <AllowDiscount>1</AllowDiscount>
      <ItemStatus>1</ItemStatus>
      <ItemId>155414</ItemId>
    </Item>
    <Item>
      <PriceUpdateDate>2025-08-31 08:48:55</PriceUpdateDate>
      <ItemCode>7290014095861</ItemCode>
      <ItemType>1</ItemType>
      <ItemName>שיבולת שועל דקה 400</ItemName>
      <ManufacturerName>לא ידוע</ManufacturerName>
      <ManufactureCountry>לא ידוע</ManufactureCountry>
      <ManufacturerItemDescription>שיבולת שועל דקה 400</ManufacturerItemDescription>
      <UnitQty>לא ידוע</UnitQty>
      <Quantity>400.00</Quantity>
      <UnitOfMeasure>לא ידוע</UnitOfMeasure>
      <bIsWeighted>0</bIsWeighted>
      <QtyInPackage>לא ידוע</QtyInPackage>
      <ItemPrice>8.90</ItemPrice>
      <UnitOfMeasurePrice>0.0223</UnitOfMeasurePrice>
      <AllowDiscount>1</AllowDiscount>
      <ItemStatus>1</ItemStatus>
      <ItemId>155421</ItemId>
    </Item>
    <Item>
      <PriceUpdateDate>2025-08-31 08:48:56</PriceUpdateDate>
      <ItemCode>7290014095960</ItemCode>
      <ItemType>1</ItemType>
      <ItemName>קוואקר שיבולת שועל ע</ItemName>
      <ManufacturerName>לא ידוע</ManufacturerName>
      <ManufactureCountry>לא ידוע</ManufactureCountry>
      <ManufacturerItemDescription>קוואקר שיבולת שועל ע</ManufacturerItemDescription>
      <UnitQty>לא ידוע</UnitQty>
      <Quantity>400.00</Quantity>
      <UnitOfMeasure>לא ידוע</UnitOfMeasure>
      <bIsWeighted>0</bIsWeighted>
      <QtyInPackage>לא ידוע</QtyInPackage>
      <ItemPrice>8.90</ItemPrice>
      <UnitOfMeasurePrice>0.0223</UnitOfMeasurePrice>
      <AllowDiscount>1</AllowDiscount>
      <ItemStatus>1</ItemStatus>
      <ItemId>155422</ItemId>
    </Item>
    <Item>
      <PriceUpdateDate>2025-08-31 10:18:16</PriceUpdateDate>
      <ItemCode>7290014471436</ItemCode>
      <ItemType>1</ItemType>
      <ItemName>מוזלי עם צימוקים  תפ</ItemName>
      <ManufacturerName>לא ידוע</ManufacturerName>
      <ManufactureCountry>לא ידוע</ManufactureCountry>
      <ManufacturerItemDescription>מוזלי עם צימוקים  תפ</ManufacturerItemDescription>
      <UnitQty>לא ידוע</UnitQty>
      <Quantity>850.00</Quantity>
      <UnitOfMeasure>לא ידוע</UnitOfMeasure>
      <bIsWeighted>0</bIsWeighted>
      <QtyInPackage>לא ידוע</QtyInPackage>
      <ItemPrice>23.90</ItemPrice>
      <UnitOfMeasurePrice>0.0281</UnitOfMeasurePrice>
      <AllowDiscount>1</AllowDiscount>
      <ItemStatus>1</ItemStatus>
      <ItemId>155425</ItemId>
    </Item>
    <Item>
      <PriceUpdateDate>2025-10-23 11:26:53</PriceUpdateDate>
      <ItemCode>7290014472136</ItemCode>
      <ItemType>1</ItemType>
      <ItemName>גרעין שחור קלוי 150ג</ItemName>
      <ManufacturerName>לא ידוע</ManufacturerName>
      <ManufactureCountry>לא ידוע</ManufactureCountry>
      <ManufacturerItemDescription>גרעין שחור קלוי 150ג</ManufacturerItemDescription>
      <UnitQty>לא ידוע</UnitQty>
      <Quantity>150.00</Quantity>
      <UnitOfMeasure>לא ידוע</UnitOfMeasure>
      <bIsWeighted>0</bIsWeighted>
      <QtyInPackage>לא ידוע</QtyInPackage>
      <ItemPrice>7.50</ItemPrice>
      <UnitOfMeasurePrice>0.0500</UnitOfMeasurePrice>
      <AllowDiscount>1</AllowDiscount>
      <ItemStatus>1</ItemStatus>
      <ItemId>155427</ItemId>
    </Item>
    <Item>
      <PriceUpdateDate>2025-08-31 10:18:19</PriceUpdateDate>
      <ItemCode>7290015395045</ItemCode>
      <ItemType>1</ItemType>
      <ItemName>קינואה 400גר</ItemName>
      <ManufacturerName>לא ידוע</ManufacturerName>
      <ManufactureCountry>לא ידוע</ManufactureCountry>
      <ManufacturerItemDescription>קינואה 400גר</ManufacturerItemDescription>
      <UnitQty>לא ידוע</UnitQty>
      <Quantity>400.00</Quantity>
      <UnitOfMeasure>לא ידוע</UnitOfMeasure>
      <bIsWeighted>0</bIsWeighted>
      <QtyInPackage>לא ידוע</QtyInPackage>
      <ItemPrice>13.90</ItemPrice>
      <UnitOfMeasurePrice>0.0348</UnitOfMeasurePrice>
      <AllowDiscount>1</AllowDiscount>
      <ItemStatus>1</ItemStatus>
      <ItemId>155440</ItemId>
    </Item>
    <Item>
      <PriceUpdateDate>2025-08-31 10:18:20</PriceUpdateDate>
      <ItemCode>7290015652070</ItemCode>
      <ItemType>1</ItemType>
      <ItemName>קשיו קלוי 150גרם</ItemName>
      <ManufacturerName>לא ידוע</ManufacturerName>
      <ManufactureCountry>לא ידוע</ManufactureCountry>
      <ManufacturerItemDescription>קשיו קלוי 150גרם</ManufacturerItemDescription>
      <UnitQty>לא ידוע</UnitQty>
      <Quantity>150.00</Quantity>
      <UnitOfMeasure>לא ידוע</UnitOfMeasure>
      <bIsWeighted>0</bIsWeighted>
      <QtyInPackage>לא ידוע</QtyInPackage>
      <ItemPrice>15.90</ItemPrice>
      <UnitOfMeasurePrice>0.1060</UnitOfMeasurePrice>
      <AllowDiscount>1</AllowDiscount>
      <ItemStatus>1</ItemStatus>
      <ItemId>155450</ItemId>
    </Item>
    <Item>
      <PriceUpdateDate>2025-10-23 09:46:17</PriceUpdateDate>
      <ItemCode>7290015652087</ItemCode>
      <ItemType>1</ItemType>
      <ItemName>תערובת פיצוחים 150גר</ItemName>
      <ManufacturerName>לא ידוע</ManufacturerName>
      <ManufactureCountry>לא ידוע</ManufactureCountry>
      <ManufacturerItemDescription>תערובת פיצוחים 150גר</ManufacturerItemDescription>
      <UnitQty>לא ידוע</UnitQty>
      <Quantity>150.00</Quantity>
      <UnitOfMeasure>לא ידוע</UnitOfMeasure>
      <bIsWeighted>0</bIsWeighted>
      <QtyInPackage>לא ידוע</QtyInPackage>
      <ItemPrice>15.90</ItemPrice>
      <UnitOfMeasurePrice>0.1060</UnitOfMeasurePrice>
      <AllowDiscount>1</AllowDiscount>
      <ItemStatus>1</ItemStatus>
      <ItemId>155451</ItemId>
    </Item>
    <Item>
      <PriceUpdateDate>2025-10-23 11:26:54</PriceUpdateDate>
      <ItemCode>7290015652285</ItemCode>
      <ItemType>1</ItemType>
      <ItemName>אגוזי מלך קלופים 250</ItemName>
      <ManufacturerName>לא ידוע</ManufacturerName>
      <ManufactureCountry>לא ידוע</ManufactureCountry>
      <ManufacturerItemDescription>אגוזי מלך קלופים 250</ManufacturerItemDescription>
      <UnitQty>לא ידוע</UnitQty>
      <Quantity>250.00</Quantity>
      <UnitOfMeasure>לא ידוע</UnitOfMeasure>
      <bIsWeighted>0</bIsWeighted>
      <QtyInPackage>לא ידוע</QtyInPackage>
      <ItemPrice>22.90</ItemPrice>
      <UnitOfMeasurePrice>0.0916</UnitOfMeasurePrice>
      <AllowDiscount>1</AllowDiscount>
      <ItemStatus>1</ItemStatus>
      <ItemId>155454</ItemId>
    </Item>
    <Item>
      <PriceUpdateDate>2025-04-20 08:36:00</PriceUpdateDate>
      <ItemCode>7290015652292</ItemCode>
      <ItemType>1</ItemType>
      <ItemName>קבוקים עם שומשום 350</ItemName>
      <ManufacturerName>לא ידוע</ManufacturerName>
      <ManufactureCountry>לא ידוע</ManufactureCountry>
      <ManufacturerItemDescription>קבוקים עם שומשום 350</ManufacturerItemDescription>
      <UnitQty>לא ידוע</UnitQty>
      <Quantity>350.00</Quantity>
      <UnitOfMeasure>לא ידוע</UnitOfMeasure>
      <bIsWeighted>0</bIsWeighted>
      <QtyInPackage>לא ידוע</QtyInPackage>
      <ItemPrice>10.00</ItemPrice>
      <UnitOfMeasurePrice>0.0286</UnitOfMeasurePrice>
      <AllowDiscount>1</AllowDiscount>
      <ItemStatus>1</ItemStatus>
      <ItemId>155455</ItemId>
    </Item>
    <Item>
      <PriceUpdateDate>2025-10-23 11:26:55</PriceUpdateDate>
      <ItemCode>7290015652322</ItemCode>
      <ItemType>1</ItemType>
      <ItemName>בוטנים אמריקאים מצופ</ItemName>
      <ManufacturerName>לא ידוע</ManufacturerName>
      <ManufactureCountry>לא ידוע</ManufactureCountry>
      <ManufacturerItemDescription>בוטנים אמריקאים מצופ</ManufacturerItemDescription>
      <UnitQty>לא ידוע</UnitQty>
      <Quantity>350.00</Quantity>
      <UnitOfMeasure>לא ידוע</UnitOfMeasure>
      <bIsWeighted>0</bIsWeighted>
      <QtyInPackage>לא ידוע</QtyInPackage>
      <ItemPrice>11.90</ItemPrice>
      <UnitOfMeasurePrice>0.0340</UnitOfMeasurePrice>
      <AllowDiscount>1</AllowDiscount>
      <ItemStatus>1</ItemStatus>
      <ItemId>155457</ItemId>
    </Item>
    <Item>
      <PriceUpdateDate>2025-08-31 10:18:30</PriceUpdateDate>
      <ItemCode>7290019297239</ItemCode>
      <ItemType>1</ItemType>
      <ItemName>צימוק חום 250 גר קופ</ItemName>
      <ManufacturerName>לא ידוע</ManufacturerName>
      <ManufactureCountry>לא ידוע</ManufactureCountry>
      <ManufacturerItemDescription>צימוק חום 250 גר קופ</ManufacturerItemDescription>
      <UnitQty>לא ידוע</UnitQty>
      <Quantity>250.00</Quantity>
      <UnitOfMeasure>לא ידוע</UnitOfMeasure>
      <bIsWeighted>0</bIsWeighted>
      <QtyInPackage>לא ידוע</QtyInPackage>
      <ItemPrice>16.90</ItemPrice>
      <UnitOfMeasurePrice>0.0676</UnitOfMeasurePrice>
      <AllowDiscount>1</AllowDiscount>
      <ItemStatus>1</ItemStatus>
      <ItemId>155466</ItemId>
    </Item>
    <Item>
      <PriceUpdateDate>2025-08-31 10:18:33</PriceUpdateDate>
      <ItemCode>7290019297628</ItemCode>
      <ItemType>1</ItemType>
      <ItemName>שקד טבעי שקית 150 גר</ItemName>
      <ManufacturerName>לא ידוע</ManufacturerName>
      <ManufactureCountry>לא ידוע</ManufactureCountry>
      <ManufacturerItemDescription>שקד טבעי שקית 150 גר</ManufacturerItemDescription>
      <UnitQty>לא ידוע</UnitQty>
      <Quantity>150.00</Quantity>
      <UnitOfMeasure>לא ידוע</UnitOfMeasure>
      <bIsWeighted>0</bIsWeighted>
      <QtyInPackage>לא ידוע</QtyInPackage>
      <ItemPrice>19.90</ItemPrice>
      <UnitOfMeasurePrice>0.1327</UnitOfMeasurePrice>
      <AllowDiscount>1</AllowDiscount>
      <ItemStatus>1</ItemStatus>
      <ItemId>155475</ItemId>
    </Item>
    <Item>
      <PriceUpdateDate>2025-08-26 11:54:43</PriceUpdateDate>
      <ItemCode>7290114313360</ItemCode>
      <ItemType>1</ItemType>
      <ItemName>מולר יוגורט בסגנון י</ItemName>
      <ManufacturerName>לא ידוע</ManufacturerName>
      <ManufactureCountry>לא ידוע</ManufactureCountry>
      <ManufacturerItemDescription>מולר יוגורט בסגנון י</ManufacturerItemDescription>
      <UnitQty>לא ידוע</UnitQty>
      <Quantity>130.00</Quantity>
      <UnitOfMeasure>לא ידוע</UnitOfMeasure>
      <bIsWeighted>0</bIsWeighted>
      <QtyInPackage>לא ידוע</QtyInPackage>
      <ItemPrice>4.30</ItemPrice>
      <UnitOfMeasurePrice>0.0331</UnitOfMeasurePrice>
      <AllowDiscount>1</AllowDiscount>
      <ItemStatus>1</ItemStatus>
      <ItemId>252593</ItemId>
    </Item>
    <Item>
      <PriceUpdateDate>2025-08-26 11:54:43</PriceUpdateDate>
      <ItemCode>7290114313377</ItemCode>
      <ItemType>1</ItemType>
      <ItemName>מארז שמינייה מולר יו</ItemName>
      <ManufacturerName>לא ידוע</ManufacturerName>
      <ManufactureCountry>לא ידוע</ManufactureCountry>
      <ManufacturerItemDescription>מארז שמינייה מולר יו</ManufacturerItemDescription>
      <UnitQty>לא ידוע</UnitQty>
      <Quantity>1040.00</Quantity>
      <UnitOfMeasure>לא ידוע</UnitOfMeasure>
      <bIsWeighted>0</bIsWeighted>
      <QtyInPackage>לא ידוע</QtyInPackage>
      <ItemPrice>30.00</ItemPrice>
      <UnitOfMeasurePrice>0.0288</UnitOfMeasurePrice>
      <AllowDiscount>1</AllowDiscount>
      <ItemStatus>1</ItemStatus>
      <ItemId>252594</ItemId>
    </Item>
    <Item>
      <PriceUpdateDate>2025-10-12 08:51:33</PriceUpdateDate>
      <ItemCode>7290000311708</ItemCode>
      <ItemType>1</ItemType>
      <ItemName>עוגיות מן חיטה מלאה</ItemName>
      <ManufacturerName>לא ידוע</ManufacturerName>
      <ManufactureCountry>לא ידוע</ManufactureCountry>
      <ManufacturerItemDescription>עוגיות מן חיטה מלאה</ManufacturerItemDescription>
      <UnitQty>לא ידוע</UnitQty>
      <Quantity>300.00</Quantity>
      <UnitOfMeasure>לא ידוע</UnitOfMeasure>
      <bIsWeighted>0</bIsWeighted>
      <QtyInPackage>לא ידוע</QtyInPackage>
      <ItemPrice>10.90</ItemPrice>
      <UnitOfMeasurePrice>0.0363</UnitOfMeasurePrice>
      <AllowDiscount>1</AllowDiscount>
      <ItemStatus>1</ItemStatus>
      <ItemId>155977</ItemId>
    </Item>
    <Item>
      <PriceUpdateDate>2025-09-04 12:04:38</PriceUpdateDate>
      <ItemCode>7290119777891</ItemCode>
      <ItemType>1</ItemType>
      <ItemName>ספרינג אפרסק אננס 1.</ItemName>
      <ManufacturerName>קריות זול</ManufacturerName>
      <ManufactureCountry>לא ידוע</ManufactureCountry>
      <ManufacturerItemDescription>ספרינג אפרסק אננס 1.</ManufacturerItemDescription>
      <UnitQty>לא ידוע</UnitQty>
      <Quantity>1500.00</Quantity>
      <UnitOfMeasure>לא ידוע</UnitOfMeasure>
      <bIsWeighted>0</bIsWeighted>
      <QtyInPackage>לא ידוע</QtyInPackage>
      <ItemPrice>9.50</ItemPrice>
      <UnitOfMeasurePrice>0.0063</UnitOfMeasurePrice>
      <AllowDiscount>1</AllowDiscount>
      <ItemStatus>1</ItemStatus>
      <ItemId>254829</ItemId>
    </Item>
    <Item>
      <PriceUpdateDate>2025-09-14 10:08:18</PriceUpdateDate>
      <ItemCode>7290000364858</ItemCode>
      <ItemType>1</ItemType>
      <ItemName>נקניקיות עוף טירת צב</ItemName>
      <ManufacturerName>לא ידוע</ManufacturerName>
      <ManufactureCountry>לא ידוע</ManufactureCountry>
      <ManufacturerItemDescription>נקניקיות עוף טירת צב</ManufacturerItemDescription>
      <UnitQty>לא ידוע</UnitQty>
      <Quantity>1000.00</Quantity>
      <UnitOfMeasure>לא ידוע</UnitOfMeasure>
      <bIsWeighted>0</bIsWeighted>
      <QtyInPackage>לא ידוע</QtyInPackage>
      <ItemPrice>32.90</ItemPrice>
      <UnitOfMeasurePrice>0.0329</UnitOfMeasurePrice>
      <AllowDiscount>1</AllowDiscount>
      <ItemStatus>1</ItemStatus>
      <ItemId>155988</ItemId>
    </Item>
    <Item>
      <PriceUpdateDate>2025-08-19 11:27:44</PriceUpdateDate>
      <ItemCode>7290000364872</ItemCode>
      <ItemType>1</ItemType>
      <ItemName>נקניקיות עוף טירת צב</ItemName>
      <ManufacturerName>לא ידוע</ManufacturerName>
      <ManufactureCountry>לא ידוע</ManufactureCountry>
      <ManufacturerItemDescription>נקניקיות עוף טירת צב</ManufacturerItemDescription>
      <UnitQty>לא ידוע</UnitQty>
      <Quantity>400.00</Quantity>
      <UnitOfMeasure>לא ידוע</UnitOfMeasure>
      <bIsWeighted>0</bIsWeighted>
      <QtyInPackage>לא ידוע</QtyInPackage>
      <ItemPrice>18.90</ItemPrice>
      <UnitOfMeasurePrice>0.0472</UnitOfMeasurePrice>
      <AllowDiscount>1</AllowDiscount>
      <ItemStatus>1</ItemStatus>
      <ItemId>155989</ItemId>
    </Item>
    <Item>
      <PriceUpdateDate>2025-10-05 09:57:49</PriceUpdateDate>
      <ItemCode>7290000367590</ItemCode>
      <ItemType>1</ItemType>
      <ItemName>צמד סלמי 400גר+כפרית</ItemName>
      <ManufacturerName>לא ידוע</ManufacturerName>
      <ManufactureCountry>לא ידוע</ManufactureCountry>
      <ManufacturerItemDescription>צמד סלמי 400גר+כפרית</ManufacturerItemDescription>
      <UnitQty>לא ידוע</UnitQty>
      <Quantity>800.00</Quantity>
      <UnitOfMeasure>לא ידוע</UnitOfMeasure>
      <bIsWeighted>0</bIsWeighted>
      <QtyInPackage>לא ידוע</QtyInPackage>
      <ItemPrice>37.90</ItemPrice>
      <UnitOfMeasurePrice>0.0474</UnitOfMeasurePrice>
      <AllowDiscount>1</AllowDiscount>
      <ItemStatus>1</ItemStatus>
      <ItemId>155993</ItemId>
    </Item>
    <Item>
      <PriceUpdateDate>2025-08-19 11:28:22</PriceUpdateDate>
      <ItemCode>7290003229116</ItemCode>
      <ItemType>1</ItemType>
      <ItemName>פסטרמה בדבש טירת צבי</ItemName>
      <ManufacturerName>לא ידוע</ManufacturerName>
      <ManufactureCountry>לא ידוע</ManufactureCountry>
      <ManufacturerItemDescription>פסטרמה בדבש טירת צבי</ManufacturerItemDescription>
      <UnitQty>לא ידוע</UnitQty>
      <Quantity>400.00</Quantity>
      <UnitOfMeasure>לא ידוע</UnitOfMeasure>
      <bIsWeighted>0</bIsWeighted>
      <QtyInPackage>לא ידוע</QtyInPackage>
      <ItemPrice>37.90</ItemPrice>
      <UnitOfMeasurePrice>0.0947</UnitOfMeasurePrice>
      <AllowDiscount>1</AllowDiscount>
      <ItemStatus>1</ItemStatus>
      <ItemId>156065</ItemId>
    </Item>
    <Item>
      <PriceUpdateDate>2025-08-19 11:28:25</PriceUpdateDate>
      <ItemCode>7290003229123</ItemCode>
      <ItemType>1</ItemType>
      <ItemName>פסטרמה גחלים 400 גרם</ItemName>
      <ManufacturerName>לא ידוע</ManufacturerName>
      <ManufactureCountry>לא ידוע</ManufactureCountry>
      <ManufacturerItemDescription>פסטרמה גחלים 400 גרם</ManufacturerItemDescription>
      <UnitQty>לא ידוע</UnitQty>
      <Quantity>400.00</Quantity>
      <UnitOfMeasure>לא ידוע</UnitOfMeasure>
      <bIsWeighted>0</bIsWeighted>
      <QtyInPackage>לא ידוע</QtyInPackage>
      <ItemPrice>37.90</ItemPrice>
      <UnitOfMeasurePrice>0.0947</UnitOfMeasurePrice>
      <AllowDiscount>1</AllowDiscount>
      <ItemStatus>1</ItemStatus>
      <ItemId>156066</ItemId>
    </Item>
    <Item>
      <PriceUpdateDate>2024-12-31 12:11:37</PriceUpdateDate>
      <ItemCode>7290003229147</ItemCode>
      <ItemType>1</ItemType>
      <ItemName>סלמי איטלקי 300 גרם</ItemName>
      <ManufacturerName>לא ידוע</ManufacturerName>
      <ManufactureCountry>לא ידוע</ManufactureCountry>
      <ManufacturerItemDescription>סלמי איטלקי 300 גרם</ManufacturerItemDescription>
      <UnitQty>לא ידוע</UnitQty>
      <Quantity>300.00</Quantity>
      <UnitOfMeasure>לא ידוע</UnitOfMeasure>
      <bIsWeighted>0</bIsWeighted>
      <QtyInPackage>לא ידוע</QtyInPackage>
      <ItemPrice>34.90</ItemPrice>
      <UnitOfMeasurePrice>0.1163</UnitOfMeasurePrice>
      <AllowDiscount>1</AllowDiscount>
      <ItemStatus>1</ItemStatus>
      <ItemId>156067</ItemId>
    </Item>
    <Item>
      <PriceUpdateDate>2025-11-10 10:05:22</PriceUpdateDate>
      <ItemCode>7290013145642</ItemCode>
      <ItemType>1</ItemType>
      <ItemName>תמצית וניל טהור 30 מ</ItemName>
      <ManufacturerName>לא ידוע</ManufacturerName>
      <ManufactureCountry>לא ידוע</ManufactureCountry>
      <ManufacturerItemDescription>תמצית וניל טהור 30 מ</ManufacturerItemDescription>
      <UnitQty>לא ידוע</UnitQty>
      <Quantity>30.00</Quantity>
      <UnitOfMeasure>לא ידוע</UnitOfMeasure>
      <bIsWeighted>0</bIsWeighted>
      <QtyInPackage>לא ידוע</QtyInPackage>
      <ItemPrice>31.90</ItemPrice>
      <UnitOfMeasurePrice>1.0633</UnitOfMeasurePrice>
      <AllowDiscount>1</AllowDiscount>
      <ItemStatus>1</ItemStatus>
      <ItemId>256394</ItemId>
    </Item>
    <Item>
      <PriceUpdateDate>2025-08-26 16:06:10</PriceUpdateDate>
      <ItemCode>7613030979647</ItemCode>
      <ItemType>1</ItemType>
      <ItemName>טריקס 480 גרם</ItemName>
      <ManufacturerName>לא ידוע</ManufacturerName>
      <ManufactureCountry>לא ידוע</ManufactureCountry>
      <ManufacturerItemDescription>טריקס 480 גרם</ManufacturerItemDescription>
      <UnitQty>לא ידוע</UnitQty>
      <Quantity>480.00</Quantity>
      <UnitOfMeasure>לא ידוע</UnitOfMeasure>
      <bIsWeighted>0</bIsWeighted>
      <QtyInPackage>לא ידוע</QtyInPackage>
      <ItemPrice>24.90</ItemPrice>
      <UnitOfMeasurePrice>0.0519</UnitOfMeasurePrice>
      <AllowDiscount>1</AllowDiscount>
      <ItemStatus>1</ItemStatus>
      <ItemId>211475</ItemId>
    </Item>
    <Item>
      <PriceUpdateDate>2025-08-21 11:20:17</PriceUpdateDate>
      <ItemCode>7290013927637</ItemCode>
      <ItemType>1</ItemType>
      <ItemName>חלווה ללא תוספת סוכר</ItemName>
      <ManufacturerName>לא ידוע</ManufacturerName>
      <ManufactureCountry>לא ידוע</ManufactureCountry>
      <ManufacturerItemDescription>חלווה ללא תוספת סוכר</ManufacturerItemDescription>
      <UnitQty>לא ידוע</UnitQty>
      <Quantity>400.00</Quantity>
      <UnitOfMeasure>לא ידוע</UnitOfMeasure>
      <bIsWeighted>0</bIsWeighted>
      <QtyInPackage>לא ידוע</QtyInPackage>
      <ItemPrice>15.90</ItemPrice>
      <UnitOfMeasurePrice>0.0398</UnitOfMeasurePrice>
      <AllowDiscount>1</AllowDiscount>
      <ItemStatus>1</ItemStatus>
      <ItemId>212957</ItemId>
    </Item>
    <Item>
      <PriceUpdateDate>2025-09-08 07:54:46</PriceUpdateDate>
      <ItemCode>7290019673187</ItemCode>
      <ItemType>1</ItemType>
      <ItemName>מיכל אחסון 500מ"ל עם</ItemName>
      <ManufacturerName>לא ידוע</ManufacturerName>
      <ManufactureCountry>לא ידוע</ManufactureCountry>
      <ManufacturerItemDescription>מיכל אחסון 500מ"ל עם</ManufacturerItemDescription>
      <UnitQty>יחידה   </UnitQty>
      <Quantity>0.00</Quantity>
      <UnitOfMeasure>יחידה   </UnitOfMeasure>
      <bIsWeighted>0</bIsWeighted>
      <QtyInPackage>לא ידוע</QtyInPackage>
      <ItemPrice>11.90</ItemPrice>
      <UnitOfMeasurePrice>0.0000</UnitOfMeasurePrice>
      <AllowDiscount>1</AllowDiscount>
      <ItemStatus>1</ItemStatus>
      <ItemId>252597</ItemId>
    </Item>
    <Item>
      <PriceUpdateDate>2025-08-25 13:16:45</PriceUpdateDate>
      <ItemCode>7290005317194</ItemCode>
      <ItemType>1</ItemType>
      <ItemName>בסקוויט פתי בר מתוק</ItemName>
      <ManufacturerName>קריות זול</ManufacturerName>
      <ManufactureCountry>לא ידוע</ManufactureCountry>
      <ManufacturerItemDescription>בסקוויט פתי בר מתוק</ManufacturerItemDescription>
      <UnitQty>לא ידוע</UnitQty>
      <Quantity>110.00</Quantity>
      <UnitOfMeasure>לא ידוע</UnitOfMeasure>
      <bIsWeighted>0</bIsWeighted>
      <QtyInPackage>לא ידוע</QtyInPackage>
      <ItemPrice>4.90</ItemPrice>
      <UnitOfMeasurePrice>0.0445</UnitOfMeasurePrice>
      <AllowDiscount>1</AllowDiscount>
      <ItemStatus>1</ItemStatus>
      <ItemId>156635</ItemId>
    </Item>
    <Item>
      <PriceUpdateDate>2025-08-25 13:16:46</PriceUpdateDate>
      <ItemCode>7290011489601</ItemCode>
      <ItemType>1</ItemType>
      <ItemName>קרקר טופז בצל 110גר</ItemName>
      <ManufacturerName>לא ידוע</ManufacturerName>
      <ManufactureCountry>לא ידוע</ManufactureCountry>
      <ManufacturerItemDescription>קרקר טופז בצל 110גר</ManufacturerItemDescription>
      <UnitQty>לא ידוע</UnitQty>
      <Quantity>110.00</Quantity>
      <UnitOfMeasure>לא ידוע</UnitOfMeasure>
      <bIsWeighted>0</bIsWeighted>
      <QtyInPackage>לא ידוע</QtyInPackage>
      <ItemPrice>4.90</ItemPrice>
      <UnitOfMeasurePrice>0.0445</UnitOfMeasurePrice>
      <AllowDiscount>1</AllowDiscount>
      <ItemStatus>1</ItemStatus>
      <ItemId>156662</ItemId>
    </Item>
    <Item>
      <PriceUpdateDate>2025-09-08 07:54:46</PriceUpdateDate>
      <ItemCode>7290019673194</ItemCode>
      <ItemType>1</ItemType>
      <ItemName>מיכל אחסון 750 מ"ל ע</ItemName>
      <ManufacturerName>לא ידוע</ManufacturerName>
      <ManufactureCountry>לא ידוע</ManufactureCountry>
      <ManufacturerItemDescription>מיכל אחסון 750 מ"ל ע</ManufacturerItemDescription>
      <UnitQty>יחידה   </UnitQty>
      <Quantity>0.00</Quantity>
      <UnitOfMeasure>יחידה   </UnitOfMeasure>
      <bIsWeighted>0</bIsWeighted>
      <QtyInPackage>לא ידוע</QtyInPackage>
      <ItemPrice>11.90</ItemPrice>
      <UnitOfMeasurePrice>0.0000</UnitOfMeasurePrice>
      <AllowDiscount>1</AllowDiscount>
      <ItemStatus>1</ItemStatus>
      <ItemId>252598</ItemId>
    </Item>
    <Item>
      <PriceUpdateDate>2025-09-05 13:22:03</PriceUpdateDate>
      <ItemCode>7290103700225</ItemCode>
      <ItemType>1</ItemType>
      <ItemName>שאפו רדיד אלומיניום</ItemName>
      <ManufacturerName>לא ידוע</ManufacturerName>
      <ManufactureCountry>לא ידוע</ManufactureCountry>
      <ManufacturerItemDescription>שאפו רדיד אלומיניום</ManufacturerItemDescription>
      <UnitQty>יחידה   </UnitQty>
      <Quantity>0.00</Quantity>
      <UnitOfMeasure>יחידה   </UnitOfMeasure>
      <bIsWeighted>0</bIsWeighted>
      <QtyInPackage>לא ידוע</QtyInPackage>
      <ItemPrice>14.90</ItemPrice>
      <UnitOfMeasurePrice>0.0000</UnitOfMeasurePrice>
      <AllowDiscount>1</AllowDiscount>
      <ItemStatus>1</ItemStatus>
      <ItemId>156758</ItemId>
    </Item>
    <Item>
      <PriceUpdateDate>2025-09-05 13:22:04</PriceUpdateDate>
      <ItemCode>7290103700331</ItemCode>
      <ItemType>1</ItemType>
      <ItemName>שאפו שקית אוכל רב תכ</ItemName>
      <ManufacturerName>לא ידוע</ManufacturerName>
      <ManufactureCountry>לא ידוע</ManufactureCountry>
      <ManufacturerItemDescription>שאפו שקית אוכל רב תכ</ManufacturerItemDescription>
      <UnitQty>יחידה   </UnitQty>
      <Quantity>0.00</Quantity>
      <UnitOfMeasure>יחידה   </UnitOfMeasure>
      <bIsWeighted>0</bIsWeighted>
      <QtyInPackage>לא ידוע</QtyInPackage>
      <ItemPrice>12.90</ItemPrice>
      <UnitOfMeasurePrice>0.0000</UnitOfMeasurePrice>
      <AllowDiscount>1</AllowDiscount>
      <ItemStatus>1</ItemStatus>
      <ItemId>156761</ItemId>
    </Item>
    <Item>
      <PriceUpdateDate>2025-09-05 13:22:05</PriceUpdateDate>
      <ItemCode>7290103701017</ItemCode>
      <ItemType>1</ItemType>
      <ItemName>נייר אפייה טאצ" 50 י</ItemName>
      <ManufacturerName>לא ידוע</ManufacturerName>
      <ManufactureCountry>לא ידוע</ManufactureCountry>
      <ManufacturerItemDescription>נייר אפייה טאצ" 50 י</ManufacturerItemDescription>
      <UnitQty>יחידה   </UnitQty>
      <Quantity>0.00</Quantity>
      <UnitOfMeasure>יחידה   </UnitOfMeasure>
      <bIsWeighted>0</bIsWeighted>
      <QtyInPackage>לא ידוע</QtyInPackage>
      <ItemPrice>11.90</ItemPrice>
      <UnitOfMeasurePrice>0.0000</UnitOfMeasurePrice>
      <AllowDiscount>1</AllowDiscount>
      <ItemStatus>1</ItemStatus>
      <ItemId>156772</ItemId>
    </Item>
    <Item>
      <PriceUpdateDate>2025-11-17 15:20:27</PriceUpdateDate>
      <ItemCode>7290019233251</ItemCode>
      <ItemType>1</ItemType>
      <ItemName>ממרח סקורדיליה ים תי</ItemName>
      <ManufacturerName>לא ידוע</ManufacturerName>
      <ManufactureCountry>לא ידוע</ManufactureCountry>
      <ManufacturerItemDescription>ממרח סקורדיליה ים תי</ManufacturerItemDescription>
      <UnitQty>לא ידוע</UnitQty>
      <Quantity>180.00</Quantity>
      <UnitOfMeasure>לא ידוע</UnitOfMeasure>
      <bIsWeighted>0</bIsWeighted>
      <QtyInPackage>לא ידוע</QtyInPackage>
      <ItemPrice>18.90</ItemPrice>
      <UnitOfMeasurePrice>0.1050</UnitOfMeasurePrice>
      <AllowDiscount>1</AllowDiscount>
      <ItemStatus>1</ItemStatus>
      <ItemId>256457</ItemId>
    </Item>
    <Item>
      <PriceUpdateDate>2025-08-20 10:10:49</PriceUpdateDate>
      <ItemCode>7290000416021</ItemCode>
      <ItemType>1</ItemType>
      <ItemName>השחר העולה 500 ג חלב</ItemName>
      <ManufacturerName>קריות זול</ManufacturerName>
      <ManufactureCountry>לא ידוע</ManufactureCountry>
      <ManufacturerItemDescription>השחר העולה 500 ג חלב</ManufacturerItemDescription>
      <UnitQty>לא ידוע</UnitQty>
      <Quantity>500.00</Quantity>
      <UnitOfMeasure>לא ידוע</UnitOfMeasure>
      <bIsWeighted>0</bIsWeighted>
      <QtyInPackage>לא ידוע</QtyInPackage>
      <ItemPrice>14.90</ItemPrice>
      <UnitOfMeasurePrice>0.0298</UnitOfMeasurePrice>
      <AllowDiscount>1</AllowDiscount>
      <ItemStatus>1</ItemStatus>
      <ItemId>156821</ItemId>
    </Item>
    <Item>
      <PriceUpdateDate>2025-08-31 08:42:34</PriceUpdateDate>
      <ItemCode>7290001041260</ItemCode>
      <ItemType>1</ItemType>
      <ItemName>שומשום 400 גרם</ItemName>
      <ManufacturerName>לא ידוע</ManufacturerName>
      <ManufactureCountry>לא ידוע</ManufactureCountry>
      <ManufacturerItemDescription>שומשום 400 גרם</ManufacturerItemDescription>
      <UnitQty>לא ידוע</UnitQty>
      <Quantity>400.00</Quantity>
      <UnitOfMeasure>לא ידוע</UnitOfMeasure>
      <bIsWeighted>0</bIsWeighted>
      <QtyInPackage>לא ידוע</QtyInPackage>
      <ItemPrice>14.90</ItemPrice>
      <UnitOfMeasurePrice>0.0373</UnitOfMeasurePrice>
      <AllowDiscount>1</AllowDiscount>
      <ItemStatus>1</ItemStatus>
      <ItemId>156984</ItemId>
    </Item>
    <Item>
      <PriceUpdateDate>2025-08-31 08:42:36</PriceUpdateDate>
      <ItemCode>7290002319016</ItemCode>
      <ItemType>1</ItemType>
      <ItemName>אבקת אפיה 10*10גרם</ItemName>
      <ManufacturerName>לא ידוע</ManufacturerName>
      <ManufactureCountry>לא ידוע</ManufactureCountry>
      <ManufacturerItemDescription>אבקת אפיה 10*10גרם</ManufacturerItemDescription>
      <UnitQty>לא ידוע</UnitQty>
      <Quantity>100.00</Quantity>
      <UnitOfMeasure>לא ידוע</UnitOfMeasure>
      <bIsWeighted>0</bIsWeighted>
      <QtyInPackage>לא ידוע</QtyInPackage>
      <ItemPrice>3.50</ItemPrice>
      <UnitOfMeasurePrice>0.0350</UnitOfMeasurePrice>
      <AllowDiscount>1</AllowDiscount>
      <ItemStatus>1</ItemStatus>
      <ItemId>156987</ItemId>
    </Item>
    <Item>
      <PriceUpdateDate>2025-08-31 08:42:36</PriceUpdateDate>
      <ItemCode>7290002319023</ItemCode>
      <ItemType>1</ItemType>
      <ItemName>סוכר וניל מיה 10*10ג</ItemName>
      <ManufacturerName>לא ידוע</ManufacturerName>
      <ManufactureCountry>לא ידוע</ManufactureCountry>
      <ManufacturerItemDescription>סוכר וניל מיה 10*10ג</ManufacturerItemDescription>
      <UnitQty>לא ידוע</UnitQty>
      <Quantity>100.00</Quantity>
      <UnitOfMeasure>לא ידוע</UnitOfMeasure>
      <bIsWeighted>0</bIsWeighted>
      <QtyInPackage>לא ידוע</QtyInPackage>
      <ItemPrice>3.50</ItemPrice>
      <UnitOfMeasurePrice>0.0350</UnitOfMeasurePrice>
      <AllowDiscount>1</AllowDiscount>
      <ItemStatus>1</ItemStatus>
      <ItemId>156988</ItemId>
    </Item>
    <Item>
      <PriceUpdateDate>2025-08-31 08:42:36</PriceUpdateDate>
      <ItemCode>7290002319054</ItemCode>
      <ItemType>1</ItemType>
      <ItemName>פרג טחון 100 גרם מיה</ItemName>
      <ManufacturerName>לא ידוע</ManufacturerName>
      <ManufactureCountry>לא ידוע</ManufactureCountry>
      <ManufacturerItemDescription>פרג טחון 100 גרם מיה</ManufacturerItemDescription>
      <UnitQty>לא ידוע</UnitQty>
      <Quantity>100.00</Quantity>
      <UnitOfMeasure>לא ידוע</UnitOfMeasure>
      <bIsWeighted>0</bIsWeighted>
      <QtyInPackage>לא ידוע</QtyInPackage>
      <ItemPrice>7.90</ItemPrice>
      <UnitOfMeasurePrice>0.0790</UnitOfMeasurePrice>
      <AllowDiscount>1</AllowDiscount>
      <ItemStatus>1</ItemStatus>
      <ItemId>156989</ItemId>
    </Item>
    <Item>
      <PriceUpdateDate>2025-08-31 08:42:38</PriceUpdateDate>
      <ItemCode>7290002319160</ItemCode>
      <ItemType>1</ItemType>
      <ItemName>אפונה מאה 500 גר</ItemName>
      <ManufacturerName>לא ידוע</ManufacturerName>
      <ManufactureCountry>לא ידוע</ManufactureCountry>
      <ManufacturerItemDescription>אפונה מאה 500 גר</ManufacturerItemDescription>
      <UnitQty>לא ידוע</UnitQty>
      <Quantity>500.00</Quantity>
      <UnitOfMeasure>לא ידוע</UnitOfMeasure>
      <bIsWeighted>0</bIsWeighted>
      <QtyInPackage>לא ידוע</QtyInPackage>
      <ItemPrice>8.90</ItemPrice>
      <UnitOfMeasurePrice>0.0178</UnitOfMeasurePrice>
      <AllowDiscount>1</AllowDiscount>
      <ItemStatus>1</ItemStatus>
      <ItemId>156996</ItemId>
    </Item>
    <Item>
      <PriceUpdateDate>2025-08-31 08:42:39</PriceUpdateDate>
      <ItemCode>7290002319221</ItemCode>
      <ItemType>1</ItemType>
      <ItemName>חיטה מיה 500 גר</ItemName>
      <ManufacturerName>לא ידוע</ManufacturerName>
      <ManufactureCountry>לא ידוע</ManufactureCountry>
      <ManufacturerItemDescription>חיטה מיה 500 גר</ManufacturerItemDescription>
      <UnitQty>לא ידוע</UnitQty>
      <Quantity>500.00</Quantity>
      <UnitOfMeasure>לא ידוע</UnitOfMeasure>
      <bIsWeighted>0</bIsWeighted>
      <QtyInPackage>לא ידוע</QtyInPackage>
      <ItemPrice>8.90</ItemPrice>
      <UnitOfMeasurePrice>0.0178</UnitOfMeasurePrice>
      <AllowDiscount>1</AllowDiscount>
      <ItemStatus>1</ItemStatus>
      <ItemId>157002</ItemId>
    </Item>
    <Item>
      <PriceUpdateDate>2025-08-31 08:42:39</PriceUpdateDate>
      <ItemCode>7290002319375</ItemCode>
      <ItemType>1</ItemType>
      <ItemName>קורנפלור 200 גרם</ItemName>
      <ManufacturerName>לא ידוע</ManufacturerName>
      <ManufactureCountry>לא ידוע</ManufactureCountry>
      <ManufacturerItemDescription>קורנפלור 200 גרם</ManufacturerItemDescription>
      <UnitQty>לא ידוע</UnitQty>
      <Quantity>200.00</Quantity>
      <UnitOfMeasure>לא ידוע</UnitOfMeasure>
      <bIsWeighted>0</bIsWeighted>
      <QtyInPackage>לא ידוע</QtyInPackage>
      <ItemPrice>5.00</ItemPrice>
      <UnitOfMeasurePrice>0.0250</UnitOfMeasurePrice>
      <AllowDiscount>1</AllowDiscount>
      <ItemStatus>1</ItemStatus>
      <ItemId>157003</ItemId>
    </Item>
    <Item>
      <PriceUpdateDate>2025-08-31 08:42:41</PriceUpdateDate>
      <ItemCode>7290002319771</ItemCode>
      <ItemType>1</ItemType>
      <ItemName>תמצית אפיה וניל 50מ"</ItemName>
      <ManufacturerName>לא ידוע</ManufacturerName>
      <ManufactureCountry>לא ידוע</ManufactureCountry>
      <ManufacturerItemDescription>תמצית אפיה וניל 50מ"</ManufacturerItemDescription>
      <UnitQty>לא ידוע</UnitQty>
      <Quantity>50.00</Quantity>
      <UnitOfMeasure>לא ידוע</UnitOfMeasure>
      <bIsWeighted>0</bIsWeighted>
      <QtyInPackage>לא ידוע</QtyInPackage>
      <ItemPrice>4.90</ItemPrice>
      <UnitOfMeasurePrice>0.0980</UnitOfMeasurePrice>
      <AllowDiscount>1</AllowDiscount>
      <ItemStatus>1</ItemStatus>
      <ItemId>157007</ItemId>
    </Item>
    <Item>
      <PriceUpdateDate>2025-08-31 08:42:41</PriceUpdateDate>
      <ItemCode>7290002319825</ItemCode>
      <ItemType>1</ItemType>
      <ItemName>אבקת סוכר מיה 100גרם</ItemName>
      <ManufacturerName>לא ידוע</ManufacturerName>
      <ManufactureCountry>לא ידוע</ManufactureCountry>
      <ManufacturerItemDescription>אבקת סוכר מיה 100גרם</ManufacturerItemDescription>
      <UnitQty>לא ידוע</UnitQty>
      <Quantity>100.00</Quantity>
      <UnitOfMeasure>לא ידוע</UnitOfMeasure>
      <bIsWeighted>0</bIsWeighted>
      <QtyInPackage>לא ידוע</QtyInPackage>
      <ItemPrice>3.50</ItemPrice>
      <UnitOfMeasurePrice>0.0350</UnitOfMeasurePrice>
      <AllowDiscount>1</AllowDiscount>
      <ItemStatus>1</ItemStatus>
      <ItemId>157010</ItemId>
    </Item>
    <Item>
      <PriceUpdateDate>2025-08-31 08:42:43</PriceUpdateDate>
      <ItemCode>7290003681716</ItemCode>
      <ItemType>1</ItemType>
      <ItemName>גריסי פנינה 500 גרם</ItemName>
      <ManufacturerName>לא ידוע</ManufacturerName>
      <ManufactureCountry>לא ידוע</ManufactureCountry>
      <ManufacturerItemDescription>גריסי פנינה 500 גרם</ManufacturerItemDescription>
      <UnitQty>לא ידוע</UnitQty>
      <Quantity>500.00</Quantity>
      <UnitOfMeasure>לא ידוע</UnitOfMeasure>
      <bIsWeighted>0</bIsWeighted>
      <QtyInPackage>לא ידוע</QtyInPackage>
      <ItemPrice>5.90</ItemPrice>
      <UnitOfMeasurePrice>0.0118</UnitOfMeasurePrice>
      <AllowDiscount>1</AllowDiscount>
      <ItemStatus>1</ItemStatus>
      <ItemId>157016</ItemId>
    </Item>
    <Item>
      <PriceUpdateDate>2025-08-31 08:42:47</PriceUpdateDate>
      <ItemCode>7290010153510</ItemCode>
      <ItemType>1</ItemType>
      <ItemName>בורגול מיה 500 גר</ItemName>
      <ManufacturerName>לא ידוע</ManufacturerName>
      <ManufactureCountry>לא ידוע</ManufactureCountry>
      <ManufacturerItemDescription>בורגול מיה 500 גר</ManufacturerItemDescription>
      <UnitQty>לא ידוע</UnitQty>
      <Quantity>500.00</Quantity>
      <UnitOfMeasure>לא ידוע</UnitOfMeasure>
      <bIsWeighted>0</bIsWeighted>
      <QtyInPackage>לא ידוע</QtyInPackage>
      <ItemPrice>8.90</ItemPrice>
      <UnitOfMeasurePrice>0.0178</UnitOfMeasurePrice>
      <AllowDiscount>1</AllowDiscount>
      <ItemStatus>1</ItemStatus>
      <ItemId>157025</ItemId>
    </Item>
    <Item>
      <PriceUpdateDate>2025-08-31 08:42:47</PriceUpdateDate>
      <ItemCode>7290010153527</ItemCode>
      <ItemType>1</ItemType>
      <ItemName>ג'ריש מיה 500 גר</ItemName>
      <ManufacturerName>לא ידוע</ManufacturerName>
      <ManufactureCountry>לא ידוע</ManufactureCountry>
      <ManufacturerItemDescription>ג'ריש מיה 500 גר</ManufacturerItemDescription>
      <UnitQty>לא ידוע</UnitQty>
      <Quantity>500.00</Quantity>
      <UnitOfMeasure>לא ידוע</UnitOfMeasure>
      <bIsWeighted>0</bIsWeighted>
      <QtyInPackage>לא ידוע</QtyInPackage>
      <ItemPrice>8.90</ItemPrice>
      <UnitOfMeasurePrice>0.0178</UnitOfMeasurePrice>
      <AllowDiscount>1</AllowDiscount>
      <ItemStatus>1</ItemStatus>
      <ItemId>157026</ItemId>
    </Item>
    <Item>
      <PriceUpdateDate>2025-05-07 12:53:51</PriceUpdateDate>
      <ItemCode>7290011254001</ItemCode>
      <ItemType>1</ItemType>
      <ItemName>זרעי פשתן 450 גר</ItemName>
      <ManufacturerName>לא ידוע</ManufacturerName>
      <ManufactureCountry>לא ידוע</ManufactureCountry>
      <ManufacturerItemDescription>זרעי פשתן 450 גר</ManufacturerItemDescription>
      <UnitQty>לא ידוע</UnitQty>
      <Quantity>450.00</Quantity>
      <UnitOfMeasure>לא ידוע</UnitOfMeasure>
      <bIsWeighted>0</bIsWeighted>
      <QtyInPackage>לא ידוע</QtyInPackage>
      <ItemPrice>8.90</ItemPrice>
      <UnitOfMeasurePrice>0.0198</UnitOfMeasurePrice>
      <AllowDiscount>1</AllowDiscount>
      <ItemStatus>1</ItemStatus>
      <ItemId>157032</ItemId>
    </Item>
    <Item>
      <PriceUpdateDate>2025-01-06 12:33:51</PriceUpdateDate>
      <ItemCode>7290001230331</ItemCode>
      <ItemType>1</ItemType>
      <ItemName>כאמל בוקס</ItemName>
      <ManufacturerName>לא ידוע</ManufacturerName>
      <ManufactureCountry>לא ידוע</ManufactureCountry>
      <ManufacturerItemDescription>כאמל בוקס</ManufacturerItemDescription>
      <UnitQty>יחידה   </UnitQty>
      <Quantity>0.00</Quantity>
      <UnitOfMeasure>יחידה   </UnitOfMeasure>
      <bIsWeighted>0</bIsWeighted>
      <QtyInPackage>לא ידוע</QtyInPackage>
      <ItemPrice>39.90</ItemPrice>
      <UnitOfMeasurePrice>0.0000</UnitOfMeasurePrice>
      <AllowDiscount>0</AllowDiscount>
      <ItemStatus>1</ItemStatus>
      <ItemId>157067</ItemId>
    </Item>
    <Item>
      <PriceUpdateDate>2025-01-06 12:33:57</PriceUpdateDate>
      <ItemCode>7290001231932</ItemCode>
      <ItemType>1</ItemType>
      <ItemName>וינסטון כחול בוקס</ItemName>
      <ManufacturerName>לא ידוע</ManufacturerName>
      <ManufactureCountry>לא ידוע</ManufactureCountry>
      <ManufacturerItemDescription>וינסטון כחול בוקס</ManufacturerItemDescription>
      <UnitQty>יחידה   </UnitQty>
      <Quantity>0.00</Quantity>
      <UnitOfMeasure>יחידה   </UnitOfMeasure>
      <bIsWeighted>0</bIsWeighted>
      <QtyInPackage>לא ידוע</QtyInPackage>
      <ItemPrice>41.90</ItemPrice>
      <UnitOfMeasurePrice>0.0000</UnitOfMeasurePrice>
      <AllowDiscount>0</AllowDiscount>
      <ItemStatus>1</ItemStatus>
      <ItemId>157072</ItemId>
    </Item>
    <Item>
      <PriceUpdateDate>2025-01-06 12:34:32</PriceUpdateDate>
      <ItemCode>4033100024146</ItemCode>
      <ItemType>1</ItemType>
      <ItemName>וינסטון קוד</ItemName>
      <ManufacturerName>לא ידוע</ManufacturerName>
      <ManufactureCountry>לא ידוע</ManufactureCountry>
      <ManufacturerItemDescription>וינסטון קוד</ManufacturerItemDescription>
      <UnitQty>יחידה   </UnitQty>
      <Quantity>0.00</Quantity>
      <UnitOfMeasure>יחידה   </UnitOfMeasure>
      <bIsWeighted>0</bIsWeighted>
      <QtyInPackage>לא ידוע</QtyInPackage>
      <ItemPrice>39.90</ItemPrice>
      <UnitOfMeasurePrice>0.0000</UnitOfMeasurePrice>
      <AllowDiscount>0</AllowDiscount>
      <ItemStatus>1</ItemStatus>
      <ItemId>157121</ItemId>
    </Item>
    <Item>
      <PriceUpdateDate>2025-01-06 12:34:36</PriceUpdateDate>
      <ItemCode>4033100024252</ItemCode>
      <ItemType>1</ItemType>
      <ItemName>וינסטון קוד אקווה</ItemName>
      <ManufacturerName>לא ידוע</ManufacturerName>
      <ManufactureCountry>לא ידוע</ManufactureCountry>
      <ManufacturerItemDescription>וינסטון קוד אקווה</ManufacturerItemDescription>
      <UnitQty>יחידה   </UnitQty>
      <Quantity>0.00</Quantity>
      <UnitOfMeasure>יחידה   </UnitOfMeasure>
      <bIsWeighted>0</bIsWeighted>
      <QtyInPackage>לא ידוע</QtyInPackage>
      <ItemPrice>39.90</ItemPrice>
      <UnitOfMeasurePrice>0.0000</UnitOfMeasurePrice>
      <AllowDiscount>0</AllowDiscount>
      <ItemStatus>1</ItemStatus>
      <ItemId>157123</ItemId>
    </Item>
    <Item>
      <PriceUpdateDate>2025-09-08 07:57:53</PriceUpdateDate>
      <ItemCode>7290117389102</ItemCode>
      <ItemType>1</ItemType>
      <ItemName>קוקי שקיות לצלייה 5</ItemName>
      <ManufacturerName>קריות זול</ManufacturerName>
      <ManufactureCountry>לא ידוע</ManufactureCountry>
      <ManufacturerItemDescription>קוקי שקיות לצלייה 5</ManufacturerItemDescription>
      <UnitQty>יחידה   </UnitQty>
      <Quantity>0.00</Quantity>
      <UnitOfMeasure>יחידה   </UnitOfMeasure>
      <bIsWeighted>0</bIsWeighted>
      <QtyInPackage>לא ידוע</QtyInPackage>
      <ItemPrice>12.90</ItemPrice>
      <UnitOfMeasurePrice>0.0000</UnitOfMeasurePrice>
      <AllowDiscount>1</AllowDiscount>
      <ItemStatus>1</ItemStatus>
      <ItemId>248249</ItemId>
    </Item>
    <Item>
      <PriceUpdateDate>2025-08-18 14:33:47</PriceUpdateDate>
      <ItemCode>5601217129420</ItemCode>
      <ItemType>1</ItemType>
      <ItemName>ווליט דפים לשמירת צב</ItemName>
      <ManufacturerName>לא ידוע</ManufacturerName>
      <ManufactureCountry>לא ידוע</ManufactureCountry>
      <ManufacturerItemDescription>ווליט דפים לשמירת צב</ManufacturerItemDescription>
      <UnitQty>יחידה   </UnitQty>
      <Quantity>0.00</Quantity>
      <UnitOfMeasure>יחידה   </UnitOfMeasure>
      <bIsWeighted>0</bIsWeighted>
      <QtyInPackage>לא ידוע</QtyInPackage>
      <ItemPrice>23.90</ItemPrice>
      <UnitOfMeasurePrice>0.0000</UnitOfMeasurePrice>
      <AllowDiscount>1</AllowDiscount>
      <ItemStatus>1</ItemStatus>
      <ItemId>247585</ItemId>
    </Item>
    <Item>
      <PriceUpdateDate>2025-01-07 15:53:15</PriceUpdateDate>
      <ItemCode>8697530910743</ItemCode>
      <ItemType>1</ItemType>
      <ItemName>פאל מאל כחול קצר</ItemName>
      <ManufacturerName>לא ידוע</ManufacturerName>
      <ManufactureCountry>לא ידוע</ManufactureCountry>
      <ManufacturerItemDescription>פאל מאל כחול קצר</ManufacturerItemDescription>
      <UnitQty>יחידה   </UnitQty>
      <Quantity>0.00</Quantity>
      <UnitOfMeasure>יחידה   </UnitOfMeasure>
      <bIsWeighted>0</bIsWeighted>
      <QtyInPackage>לא ידוע</QtyInPackage>
      <ItemPrice>39.00</ItemPrice>
      <UnitOfMeasurePrice>0.0000</UnitOfMeasurePrice>
      <AllowDiscount>0</AllowDiscount>
      <ItemStatus>1</ItemStatus>
      <ItemId>157175</ItemId>
    </Item>
    <Item>
      <PriceUpdateDate>2025-01-07 15:53:17</PriceUpdateDate>
      <ItemCode>8697530911276</ItemCode>
      <ItemType>1</ItemType>
      <ItemName>קנט קצר</ItemName>
      <ManufacturerName>גלוברנדס</ManufacturerName>
      <ManufactureCountry>לא ידוע</ManufactureCountry>
      <ManufacturerItemDescription>קנט קצר</ManufacturerItemDescription>
      <UnitQty>יחידה   </UnitQty>
      <Quantity>0.00</Quantity>
      <UnitOfMeasure>יחידה   </UnitOfMeasure>
      <bIsWeighted>0</bIsWeighted>
      <QtyInPackage>לא ידוע</QtyInPackage>
      <ItemPrice>47.00</ItemPrice>
      <UnitOfMeasurePrice>0.0000</UnitOfMeasurePrice>
      <AllowDiscount>0</AllowDiscount>
      <ItemStatus>1</ItemStatus>
      <ItemId>157189</ItemId>
    </Item>
    <Item>
      <PriceUpdateDate>2025-09-07 10:41:41</PriceUpdateDate>
      <ItemCode>7290108354317</ItemCode>
      <ItemType>1</ItemType>
      <ItemName>אנטי קאלק מקלחון 1 ל</ItemName>
      <ManufacturerName>קריות זול</ManufacturerName>
      <ManufactureCountry>לא ידוע</ManufactureCountry>
      <ManufacturerItemDescription>אנטי קאלק מקלחון 1 ל</ManufacturerItemDescription>
      <UnitQty>לא ידוע</UnitQty>
      <Quantity>1000.00</Quantity>
      <UnitOfMeasure>לא ידוע</UnitOfMeasure>
      <bIsWeighted>0</bIsWeighted>
      <QtyInPackage>לא ידוע</QtyInPackage>
      <ItemPrice>21.90</ItemPrice>
      <UnitOfMeasurePrice>0.0219</UnitOfMeasurePrice>
      <AllowDiscount>1</AllowDiscount>
      <ItemStatus>1</ItemStatus>
      <ItemId>251759</ItemId>
    </Item>
    <Item>
      <PriceUpdateDate>2025-09-08 07:55:13</PriceUpdateDate>
      <ItemCode>7290019401018</ItemCode>
      <ItemType>1</ItemType>
      <ItemName>חטיף פרוטאין מקס  קר</ItemName>
      <ManufacturerName>פרוטאין מקס</ManufacturerName>
      <ManufactureCountry>לא ידוע</ManufactureCountry>
      <ManufacturerItemDescription>חטיף פרוטאין מקס  קר</ManufacturerItemDescription>
      <UnitQty>לא ידוע</UnitQty>
      <Quantity>62.00</Quantity>
      <UnitOfMeasure>לא ידוע</UnitOfMeasure>
      <bIsWeighted>0</bIsWeighted>
      <QtyInPackage>לא ידוע</QtyInPackage>
      <ItemPrice>15.90</ItemPrice>
      <UnitOfMeasurePrice>0.2565</UnitOfMeasurePrice>
      <AllowDiscount>1</AllowDiscount>
      <ItemStatus>1</ItemStatus>
      <ItemId>247889</ItemId>
    </Item>
    <Item>
      <PriceUpdateDate>2025-08-26 11:44:46</PriceUpdateDate>
      <ItemCode>7290110579302</ItemCode>
      <ItemType>1</ItemType>
      <ItemName>קפה פלטינום סטרונג 2</ItemName>
      <ManufacturerName>לא ידוע</ManufacturerName>
      <ManufactureCountry>לא ידוע</ManufactureCountry>
      <ManufacturerItemDescription>קפה פלטינום סטרונג 2</ManufacturerItemDescription>
      <UnitQty>לא ידוע</UnitQty>
      <Quantity>200.00</Quantity>
      <UnitOfMeasure>לא ידוע</UnitOfMeasure>
      <bIsWeighted>0</bIsWeighted>
      <QtyInPackage>לא ידוע</QtyInPackage>
      <ItemPrice>36.90</ItemPrice>
      <UnitOfMeasurePrice>0.1845</UnitOfMeasurePrice>
      <AllowDiscount>1</AllowDiscount>
      <ItemStatus>1</ItemStatus>
      <ItemId>246714</ItemId>
    </Item>
    <Item>
      <PriceUpdateDate>2025-09-08 07:57:27</PriceUpdateDate>
      <ItemCode>8715700117805</ItemCode>
      <ItemType>1</ItemType>
      <ItemName>היינץ קטשופ 400 מ"ל</ItemName>
      <ManufacturerName>לא ידוע</ManufacturerName>
      <ManufactureCountry>לא ידוע</ManufactureCountry>
      <ManufacturerItemDescription>היינץ קטשופ 400 מ"ל</ManufacturerItemDescription>
      <UnitQty>לא ידוע</UnitQty>
      <Quantity>400.00</Quantity>
      <UnitOfMeasure>לא ידוע</UnitOfMeasure>
      <bIsWeighted>0</bIsWeighted>
      <QtyInPackage>לא ידוע</QtyInPackage>
      <ItemPrice>13.90</ItemPrice>
      <UnitOfMeasurePrice>0.0348</UnitOfMeasurePrice>
      <AllowDiscount>1</AllowDiscount>
      <ItemStatus>1</ItemStatus>
      <ItemId>237305</ItemId>
    </Item>
    <Item>
      <PriceUpdateDate>2025-08-19 11:43:54</PriceUpdateDate>
      <ItemCode>4005900138842</ItemCode>
      <ItemType>1</ItemType>
      <ItemName>ניוואה תחליב רחצה סמ</ItemName>
      <ManufacturerName>לא ידוע</ManufacturerName>
      <ManufactureCountry>לא ידוע</ManufactureCountry>
      <ManufacturerItemDescription>ניוואה תחליב רחצה סמ</ManufacturerItemDescription>
      <UnitQty>לא ידוע</UnitQty>
      <Quantity>750.00</Quantity>
      <UnitOfMeasure>לא ידוע</UnitOfMeasure>
      <bIsWeighted>0</bIsWeighted>
      <QtyInPackage>לא ידוע</QtyInPackage>
      <ItemPrice>19.90</ItemPrice>
      <UnitOfMeasurePrice>0.0265</UnitOfMeasurePrice>
      <AllowDiscount>1</AllowDiscount>
      <ItemStatus>1</ItemStatus>
      <ItemId>235387</ItemId>
    </Item>
    <Item>
      <PriceUpdateDate>2025-12-29 15:00:12</PriceUpdateDate>
      <ItemCode>7290112498915</ItemCode>
      <ItemType>1</ItemType>
      <ItemName>מאגדת מיני מגנום שקד</ItemName>
      <ManufacturerName>לא ידוע</ManufacturerName>
      <ManufactureCountry>לא ידוע</ManufactureCountry>
      <ManufacturerItemDescription>מאגדת מיני מגנום שקד</ManufacturerItemDescription>
      <UnitQty>לא ידוע</UnitQty>
      <Quantity>250.00</Quantity>
      <UnitOfMeasure>לא ידוע</UnitOfMeasure>
      <bIsWeighted>0</bIsWeighted>
      <QtyInPackage>לא ידוע</QtyInPackage>
      <ItemPrice>36.90</ItemPrice>
      <UnitOfMeasurePrice>0.1476</UnitOfMeasurePrice>
      <AllowDiscount>1</AllowDiscount>
      <ItemStatus>1</ItemStatus>
      <ItemId>234644</ItemId>
    </Item>
    <Item>
      <PriceUpdateDate>2025-09-08 12:05:26</PriceUpdateDate>
      <ItemCode>7290110578466</ItemCode>
      <ItemType>1</ItemType>
      <ItemName>טעמי קרם אגוזים עם ב</ItemName>
      <ManufacturerName>קריות זול</ManufacturerName>
      <ManufactureCountry>לא ידוע</ManufactureCountry>
      <ManufacturerItemDescription>טעמי קרם אגוזים עם ב</ManufacturerItemDescription>
      <UnitQty>לא ידוע</UnitQty>
      <Quantity>36.00</Quantity>
      <UnitOfMeasure>לא ידוע</UnitOfMeasure>
      <bIsWeighted>0</bIsWeighted>
      <QtyInPackage>לא ידוע</QtyInPackage>
      <ItemPrice>6.90</ItemPrice>
      <UnitOfMeasurePrice>0.1917</UnitOfMeasurePrice>
      <AllowDiscount>1</AllowDiscount>
      <ItemStatus>1</ItemStatus>
      <ItemId>255828</ItemId>
    </Item>
    <Item>
      <PriceUpdateDate>2025-09-03 13:43:58</PriceUpdateDate>
      <ItemCode>7290015251181</ItemCode>
      <ItemType>1</ItemType>
      <ItemName>נובו אל סבון כחול של</ItemName>
      <ManufacturerName>לא ידוע</ManufacturerName>
      <ManufactureCountry>לא ידוע</ManufactureCountry>
      <ManufacturerItemDescription>נובו אל סבון כחול של</ManufacturerItemDescription>
      <UnitQty>לא ידוע</UnitQty>
      <Quantity>1500.00</Quantity>
      <UnitOfMeasure>לא ידוע</UnitOfMeasure>
      <bIsWeighted>0</bIsWeighted>
      <QtyInPackage>לא ידוע</QtyInPackage>
      <ItemPrice>14.90</ItemPrice>
      <UnitOfMeasurePrice>0.0099</UnitOfMeasurePrice>
      <AllowDiscount>1</AllowDiscount>
      <ItemStatus>1</ItemStatus>
      <ItemId>157506</ItemId>
    </Item>
    <Item>
      <PriceUpdateDate>2025-09-03 13:43:58</PriceUpdateDate>
      <ItemCode>7290015251198</ItemCode>
      <ItemType>1</ItemType>
      <ItemName>נובו אל סבון סגול של</ItemName>
      <ManufacturerName>לא ידוע</ManufacturerName>
      <ManufactureCountry>לא ידוע</ManufactureCountry>
      <ManufacturerItemDescription>נובו אל סבון סגול של</ManufacturerItemDescription>
      <UnitQty>לא ידוע</UnitQty>
      <Quantity>1500.00</Quantity>
      <UnitOfMeasure>לא ידוע</UnitOfMeasure>
      <bIsWeighted>0</bIsWeighted>
      <QtyInPackage>לא ידוע</QtyInPackage>
      <ItemPrice>14.90</ItemPrice>
      <UnitOfMeasurePrice>0.0099</UnitOfMeasurePrice>
      <AllowDiscount>1</AllowDiscount>
      <ItemStatus>1</ItemStatus>
      <ItemId>157507</ItemId>
    </Item>
    <Item>
      <PriceUpdateDate>2025-09-03 13:43:59</PriceUpdateDate>
      <ItemCode>7290015251204</ItemCode>
      <ItemType>1</ItemType>
      <ItemName>נובו אל סבון ורוד של</ItemName>
      <ManufacturerName>לא ידוע</ManufacturerName>
      <ManufactureCountry>לא ידוע</ManufactureCountry>
      <ManufacturerItemDescription>נובו אל סבון ורוד של</ManufacturerItemDescription>
      <UnitQty>לא ידוע</UnitQty>
      <Quantity>1500.00</Quantity>
      <UnitOfMeasure>לא ידוע</UnitOfMeasure>
      <bIsWeighted>0</bIsWeighted>
      <QtyInPackage>לא ידוע</QtyInPackage>
      <ItemPrice>14.90</ItemPrice>
      <UnitOfMeasurePrice>0.0099</UnitOfMeasurePrice>
      <AllowDiscount>1</AllowDiscount>
      <ItemStatus>1</ItemStatus>
      <ItemId>157508</ItemId>
    </Item>
    <Item>
      <PriceUpdateDate>2025-08-20 12:27:26</PriceUpdateDate>
      <ItemCode>7290000131023</ItemCode>
      <ItemType>1</ItemType>
      <ItemName>בצק עלים שחף 1קג</ItemName>
      <ManufacturerName>לא ידוע</ManufacturerName>
      <ManufactureCountry>לא ידוע</ManufactureCountry>
      <ManufacturerItemDescription>בצק עלים שחף 1קג</ManufacturerItemDescription>
      <UnitQty>לא ידוע</UnitQty>
      <Quantity>1000.00</Quantity>
      <UnitOfMeasure>לא ידוע</UnitOfMeasure>
      <bIsWeighted>0</bIsWeighted>
      <QtyInPackage>לא ידוע</QtyInPackage>
      <ItemPrice>16.90</ItemPrice>
      <UnitOfMeasurePrice>0.0169</UnitOfMeasurePrice>
      <AllowDiscount>1</AllowDiscount>
      <ItemStatus>1</ItemStatus>
      <ItemId>157533</ItemId>
    </Item>
    <Item>
      <PriceUpdateDate>2025-08-20 12:27:26</PriceUpdateDate>
      <ItemCode>7290000131122</ItemCode>
      <ItemType>1</ItemType>
      <ItemName>בצק עלים שחף 1.5קג</ItemName>
      <ManufacturerName>לא ידוע</ManufacturerName>
      <ManufactureCountry>לא ידוע</ManufactureCountry>
      <ManufacturerItemDescription>בצק עלים שחף 1.5קג</ManufacturerItemDescription>
      <UnitQty>לא ידוע</UnitQty>
      <Quantity>1500.00</Quantity>
      <UnitOfMeasure>לא ידוע</UnitOfMeasure>
      <bIsWeighted>0</bIsWeighted>
      <QtyInPackage>לא ידוע</QtyInPackage>
      <ItemPrice>21.90</ItemPrice>
      <UnitOfMeasurePrice>0.0146</UnitOfMeasurePrice>
      <AllowDiscount>1</AllowDiscount>
      <ItemStatus>1</ItemStatus>
      <ItemId>157534</ItemId>
    </Item>
    <Item>
      <PriceUpdateDate>2025-08-20 12:27:33</PriceUpdateDate>
      <ItemCode>7290006243577</ItemCode>
      <ItemType>1</ItemType>
      <ItemName>בורקס תפו"א שחף 800ג</ItemName>
      <ManufacturerName>לא ידוע</ManufacturerName>
      <ManufactureCountry>לא ידוע</ManufactureCountry>
      <ManufacturerItemDescription>בורקס תפו"א שחף 800ג</ManufacturerItemDescription>
      <UnitQty>לא ידוע</UnitQty>
      <Quantity>800.00</Quantity>
      <UnitOfMeasure>לא ידוע</UnitOfMeasure>
      <bIsWeighted>0</bIsWeighted>
      <QtyInPackage>לא ידוע</QtyInPackage>
      <ItemPrice>16.90</ItemPrice>
      <UnitOfMeasurePrice>0.0211</UnitOfMeasurePrice>
      <AllowDiscount>1</AllowDiscount>
      <ItemStatus>1</ItemStatus>
      <ItemId>157536</ItemId>
    </Item>
    <Item>
      <PriceUpdateDate>2025-08-21 11:20:03</PriceUpdateDate>
      <ItemCode>7290000572529</ItemCode>
      <ItemType>1</ItemType>
      <ItemName>חלבה פיסטוק אחווה 40</ItemName>
      <ManufacturerName>לא ידוע</ManufacturerName>
      <ManufactureCountry>לא ידוע</ManufactureCountry>
      <ManufacturerItemDescription>חלבה פיסטוק אחווה 40</ManufacturerItemDescription>
      <UnitQty>לא ידוע</UnitQty>
      <Quantity>400.00</Quantity>
      <UnitOfMeasure>לא ידוע</UnitOfMeasure>
      <bIsWeighted>0</bIsWeighted>
      <QtyInPackage>לא ידוע</QtyInPackage>
      <ItemPrice>18.90</ItemPrice>
      <UnitOfMeasurePrice>0.0472</UnitOfMeasurePrice>
      <AllowDiscount>1</AllowDiscount>
      <ItemStatus>1</ItemStatus>
      <ItemId>157608</ItemId>
    </Item>
    <Item>
      <PriceUpdateDate>2025-08-21 11:20:03</PriceUpdateDate>
      <ItemCode>7290000572536</ItemCode>
      <ItemType>1</ItemType>
      <ItemName>חלבה וניל אחווה 400</ItemName>
      <ManufacturerName>לא ידוע</ManufacturerName>
      <ManufactureCountry>לא ידוע</ManufactureCountry>
      <ManufacturerItemDescription>חלבה וניל אחווה 400</ManufacturerItemDescription>
      <UnitQty>לא ידוע</UnitQty>
      <Quantity>400.00</Quantity>
      <UnitOfMeasure>לא ידוע</UnitOfMeasure>
      <bIsWeighted>0</bIsWeighted>
      <QtyInPackage>לא ידוע</QtyInPackage>
      <ItemPrice>15.90</ItemPrice>
      <UnitOfMeasurePrice>0.0398</UnitOfMeasurePrice>
      <AllowDiscount>1</AllowDiscount>
      <ItemStatus>1</ItemStatus>
      <ItemId>157609</ItemId>
    </Item>
    <Item>
      <PriceUpdateDate>2025-08-21 11:20:04</PriceUpdateDate>
      <ItemCode>7290000572628</ItemCode>
      <ItemType>1</ItemType>
      <ItemName>חטיף חלבה ללא סוכר 1</ItemName>
      <ManufacturerName>לא ידוע</ManufacturerName>
      <ManufactureCountry>לא ידוע</ManufactureCountry>
      <ManufacturerItemDescription>חטיף חלבה ללא סוכר 1</ManufacturerItemDescription>
      <UnitQty>לא ידוע</UnitQty>
      <Quantity>275.00</Quantity>
      <UnitOfMeasure>לא ידוע</UnitOfMeasure>
      <bIsWeighted>0</bIsWeighted>
      <QtyInPackage>לא ידוע</QtyInPackage>
      <ItemPrice>15.90</ItemPrice>
      <UnitOfMeasurePrice>0.0578</UnitOfMeasurePrice>
      <AllowDiscount>1</AllowDiscount>
      <ItemStatus>1</ItemStatus>
      <ItemId>157611</ItemId>
    </Item>
    <Item>
      <PriceUpdateDate>2025-08-21 11:20:04</PriceUpdateDate>
      <ItemCode>7290000572673</ItemCode>
      <ItemType>1</ItemType>
      <ItemName>חטיף חלבה אחווה 12*2</ItemName>
      <ManufacturerName>לא ידוע</ManufacturerName>
      <ManufactureCountry>לא ידוע</ManufactureCountry>
      <ManufacturerItemDescription>חטיף חלבה אחווה 12*2</ManufacturerItemDescription>
      <UnitQty>לא ידוע</UnitQty>
      <Quantity>300.00</Quantity>
      <UnitOfMeasure>לא ידוע</UnitOfMeasure>
      <bIsWeighted>0</bIsWeighted>
      <QtyInPackage>לא ידוע</QtyInPackage>
      <ItemPrice>15.90</ItemPrice>
      <UnitOfMeasurePrice>0.0530</UnitOfMeasurePrice>
      <AllowDiscount>1</AllowDiscount>
      <ItemStatus>1</ItemStatus>
      <ItemId>157613</ItemId>
    </Item>
    <Item>
      <PriceUpdateDate>2025-08-21 11:20:05</PriceUpdateDate>
      <ItemCode>7290006775023</ItemCode>
      <ItemType>1</ItemType>
      <ItemName>עוגת אנגלית 450גר</ItemName>
      <ManufacturerName>לא ידוע</ManufacturerName>
      <ManufactureCountry>לא ידוע</ManufactureCountry>
      <ManufacturerItemDescription>עוגת אנגלית 450גר</ManufacturerItemDescription>
      <UnitQty>לא ידוע</UnitQty>
      <Quantity>450.00</Quantity>
      <UnitOfMeasure>לא ידוע</UnitOfMeasure>
      <bIsWeighted>0</bIsWeighted>
      <QtyInPackage>לא ידוע</QtyInPackage>
      <ItemPrice>12.90</ItemPrice>
      <UnitOfMeasurePrice>0.0287</UnitOfMeasurePrice>
      <AllowDiscount>1</AllowDiscount>
      <ItemStatus>1</ItemStatus>
      <ItemId>157615</ItemId>
    </Item>
    <Item>
      <PriceUpdateDate>2025-08-21 11:20:06</PriceUpdateDate>
      <ItemCode>7290006775047</ItemCode>
      <ItemType>1</ItemType>
      <ItemName>עוגת שוקולד 450גר</ItemName>
      <ManufacturerName>לא ידוע</ManufacturerName>
      <ManufactureCountry>לא ידוע</ManufactureCountry>
      <ManufacturerItemDescription>עוגת שוקולד 450גר</ManufacturerItemDescription>
      <UnitQty>לא ידוע</UnitQty>
      <Quantity>450.00</Quantity>
      <UnitOfMeasure>לא ידוע</UnitOfMeasure>
      <bIsWeighted>0</bIsWeighted>
      <QtyInPackage>לא ידוע</QtyInPackage>
      <ItemPrice>12.90</ItemPrice>
      <UnitOfMeasurePrice>0.0287</UnitOfMeasurePrice>
      <AllowDiscount>1</AllowDiscount>
      <ItemStatus>1</ItemStatus>
      <ItemId>157617</ItemId>
    </Item>
    <Item>
      <PriceUpdateDate>2025-08-21 11:20:07</PriceUpdateDate>
      <ItemCode>7290006775191</ItemCode>
      <ItemType>1</ItemType>
      <ItemName>מאפין ממולא שוקולד 5</ItemName>
      <ManufacturerName>לא ידוע</ManufacturerName>
      <ManufactureCountry>לא ידוע</ManufactureCountry>
      <ManufacturerItemDescription>מאפין ממולא שוקולד 5</ManufacturerItemDescription>
      <UnitQty>לא ידוע</UnitQty>
      <Quantity>50.00</Quantity>
      <UnitOfMeasure>לא ידוע</UnitOfMeasure>
      <bIsWeighted>0</bIsWeighted>
      <QtyInPackage>לא ידוע</QtyInPackage>
      <ItemPrice>3.50</ItemPrice>
      <UnitOfMeasurePrice>0.0700</UnitOfMeasurePrice>
      <AllowDiscount>1</AllowDiscount>
      <ItemStatus>1</ItemStatus>
      <ItemId>157621</ItemId>
    </Item>
    <Item>
      <PriceUpdateDate>2025-08-21 11:20:07</PriceUpdateDate>
      <ItemCode>7290006775306</ItemCode>
      <ItemType>1</ItemType>
      <ItemName>מאפין ממולא תות 50גר</ItemName>
      <ManufacturerName>לא ידוע</ManufacturerName>
      <ManufactureCountry>לא ידוע</ManufactureCountry>
      <ManufacturerItemDescription>מאפין ממולא תות 50גר</ManufacturerItemDescription>
      <UnitQty>לא ידוע</UnitQty>
      <Quantity>50.00</Quantity>
      <UnitOfMeasure>לא ידוע</UnitOfMeasure>
      <bIsWeighted>0</bIsWeighted>
      <QtyInPackage>לא ידוע</QtyInPackage>
      <ItemPrice>3.50</ItemPrice>
      <UnitOfMeasurePrice>0.0700</UnitOfMeasurePrice>
      <AllowDiscount>1</AllowDiscount>
      <ItemStatus>1</ItemStatus>
      <ItemId>157622</ItemId>
    </Item>
    <Item>
      <PriceUpdateDate>2025-08-21 11:20:08</PriceUpdateDate>
      <ItemCode>7290006775764</ItemCode>
      <ItemType>1</ItemType>
      <ItemName>עוגת שוקוציפס ללא סו</ItemName>
      <ManufacturerName>לא ידוע</ManufacturerName>
      <ManufactureCountry>לא ידוע</ManufactureCountry>
      <ManufacturerItemDescription>עוגת שוקוציפס ללא סו</ManufacturerItemDescription>
      <UnitQty>לא ידוע</UnitQty>
      <Quantity>400.00</Quantity>
      <UnitOfMeasure>לא ידוע</UnitOfMeasure>
      <bIsWeighted>0</bIsWeighted>
      <QtyInPackage>לא ידוע</QtyInPackage>
      <ItemPrice>15.50</ItemPrice>
      <UnitOfMeasurePrice>0.0388</UnitOfMeasurePrice>
      <AllowDiscount>1</AllowDiscount>
      <ItemStatus>1</ItemStatus>
      <ItemId>157630</ItemId>
    </Item>
    <Item>
      <PriceUpdateDate>2025-08-21 11:20:08</PriceUpdateDate>
      <ItemCode>7290006775801</ItemCode>
      <ItemType>1</ItemType>
      <ItemName>רוגעלך 400 גרם</ItemName>
      <ManufacturerName>לא ידוע</ManufacturerName>
      <ManufactureCountry>לא ידוע</ManufactureCountry>
      <ManufacturerItemDescription>רוגעלך 400 גרם</ManufacturerItemDescription>
      <UnitQty>לא ידוע</UnitQty>
      <Quantity>400.00</Quantity>
      <UnitOfMeasure>לא ידוע</UnitOfMeasure>
      <bIsWeighted>0</bIsWeighted>
      <QtyInPackage>לא ידוע</QtyInPackage>
      <ItemPrice>14.50</ItemPrice>
      <UnitOfMeasurePrice>0.0363</UnitOfMeasurePrice>
      <AllowDiscount>1</AllowDiscount>
      <ItemStatus>1</ItemStatus>
      <ItemId>157632</ItemId>
    </Item>
    <Item>
      <PriceUpdateDate>2025-08-21 11:20:08</PriceUpdateDate>
      <ItemCode>7290006775894</ItemCode>
      <ItemType>1</ItemType>
      <ItemName>עוגה שיש ללא סוכר 40</ItemName>
      <ManufacturerName>לא ידוע</ManufacturerName>
      <ManufactureCountry>לא ידוע</ManufactureCountry>
      <ManufacturerItemDescription>עוגה שיש ללא סוכר 40</ManufacturerItemDescription>
      <UnitQty>לא ידוע</UnitQty>
      <Quantity>400.00</Quantity>
      <UnitOfMeasure>לא ידוע</UnitOfMeasure>
      <bIsWeighted>0</bIsWeighted>
      <QtyInPackage>לא ידוע</QtyInPackage>
      <ItemPrice>15.50</ItemPrice>
      <UnitOfMeasurePrice>0.0388</UnitOfMeasurePrice>
      <AllowDiscount>1</AllowDiscount>
      <ItemStatus>1</ItemStatus>
      <ItemId>157633</ItemId>
    </Item>
    <Item>
      <PriceUpdateDate>2025-08-21 11:20:09</PriceUpdateDate>
      <ItemCode>7290010328246</ItemCode>
      <ItemType>1</ItemType>
      <ItemName>טחינה אחוה משומשום מ</ItemName>
      <ManufacturerName>לא ידוע</ManufacturerName>
      <ManufactureCountry>לא ידוע</ManufactureCountry>
      <ManufacturerItemDescription>טחינה אחוה משומשום מ</ManufacturerItemDescription>
      <UnitQty>לא ידוע</UnitQty>
      <Quantity>500.00</Quantity>
      <UnitOfMeasure>לא ידוע</UnitOfMeasure>
      <bIsWeighted>0</bIsWeighted>
      <QtyInPackage>לא ידוע</QtyInPackage>
      <ItemPrice>14.90</ItemPrice>
      <UnitOfMeasurePrice>0.0298</UnitOfMeasurePrice>
      <AllowDiscount>1</AllowDiscount>
      <ItemStatus>1</ItemStatus>
      <ItemId>157637</ItemId>
    </Item>
    <Item>
      <PriceUpdateDate>2025-08-21 11:20:09</PriceUpdateDate>
      <ItemCode>7290010328253</ItemCode>
      <ItemType>1</ItemType>
      <ItemName>טחינה אחוה גולמית 50</ItemName>
      <ManufacturerName>לא ידוע</ManufacturerName>
      <ManufactureCountry>לא ידוע</ManufactureCountry>
      <ManufacturerItemDescription>טחינה אחוה גולמית 50</ManufacturerItemDescription>
      <UnitQty>לא ידוע</UnitQty>
      <Quantity>500.00</Quantity>
      <UnitOfMeasure>לא ידוע</UnitOfMeasure>
      <bIsWeighted>0</bIsWeighted>
      <QtyInPackage>לא ידוע</QtyInPackage>
      <ItemPrice>14.90</ItemPrice>
      <UnitOfMeasurePrice>0.0298</UnitOfMeasurePrice>
      <AllowDiscount>1</AllowDiscount>
      <ItemStatus>1</ItemStatus>
      <ItemId>157638</ItemId>
    </Item>
    <Item>
      <PriceUpdateDate>2025-08-21 11:20:09</PriceUpdateDate>
      <ItemCode>7290010328345</ItemCode>
      <ItemType>1</ItemType>
      <ItemName>חלבה 50גר</ItemName>
      <ManufacturerName>לא ידוע</ManufacturerName>
      <ManufactureCountry>לא ידוע</ManufactureCountry>
      <ManufacturerItemDescription>חלבה 50גר</ManufacturerItemDescription>
      <UnitQty>לא ידוע</UnitQty>
      <Quantity>350.00</Quantity>
      <UnitOfMeasure>לא ידוע</UnitOfMeasure>
      <bIsWeighted>0</bIsWeighted>
      <QtyInPackage>לא ידוע</QtyInPackage>
      <ItemPrice>4.00</ItemPrice>
      <UnitOfMeasurePrice>0.0114</UnitOfMeasurePrice>
      <AllowDiscount>1</AllowDiscount>
      <ItemStatus>1</ItemStatus>
      <ItemId>157639</ItemId>
    </Item>
    <Item>
      <PriceUpdateDate>2025-08-21 11:20:10</PriceUpdateDate>
      <ItemCode>7290010328505</ItemCode>
      <ItemType>1</ItemType>
      <ItemName>חטיפי מיני חלבה ללא</ItemName>
      <ManufacturerName>לא ידוע</ManufacturerName>
      <ManufactureCountry>לא ידוע</ManufactureCountry>
      <ManufacturerItemDescription>חטיפי מיני חלבה ללא</ManufacturerItemDescription>
      <UnitQty>לא ידוע</UnitQty>
      <Quantity>15.00</Quantity>
      <UnitOfMeasure>לא ידוע</UnitOfMeasure>
      <bIsWeighted>0</bIsWeighted>
      <QtyInPackage>לא ידוע</QtyInPackage>
      <ItemPrice>13.90</ItemPrice>
      <UnitOfMeasurePrice>0.9267</UnitOfMeasurePrice>
      <AllowDiscount>1</AllowDiscount>
      <ItemStatus>1</ItemStatus>
      <ItemId>157642</ItemId>
    </Item>
    <Item>
      <PriceUpdateDate>2025-08-21 11:20:10</PriceUpdateDate>
      <ItemCode>7290010328680</ItemCode>
      <ItemType>1</ItemType>
      <ItemName>עוגת שוקולד עם שוקוצ</ItemName>
      <ManufacturerName>לא ידוע</ManufacturerName>
      <ManufactureCountry>לא ידוע</ManufactureCountry>
      <ManufacturerItemDescription>עוגת שוקולד עם שוקוצ</ManufacturerItemDescription>
      <UnitQty>לא ידוע</UnitQty>
      <Quantity>450.00</Quantity>
      <UnitOfMeasure>לא ידוע</UnitOfMeasure>
      <bIsWeighted>0</bIsWeighted>
      <QtyInPackage>לא ידוע</QtyInPackage>
      <ItemPrice>12.90</ItemPrice>
      <UnitOfMeasurePrice>0.0287</UnitOfMeasurePrice>
      <AllowDiscount>1</AllowDiscount>
      <ItemStatus>1</ItemStatus>
      <ItemId>157648</ItemId>
    </Item>
    <Item>
      <PriceUpdateDate>2025-08-21 11:20:11</PriceUpdateDate>
      <ItemCode>7290010328734</ItemCode>
      <ItemType>1</ItemType>
      <ItemName>ממרח טחינה עם סילאן</ItemName>
      <ManufacturerName>לא ידוע</ManufacturerName>
      <ManufactureCountry>לא ידוע</ManufactureCountry>
      <ManufacturerItemDescription>ממרח טחינה עם סילאן</ManufacturerItemDescription>
      <UnitQty>לא ידוע</UnitQty>
      <Quantity>400.00</Quantity>
      <UnitOfMeasure>לא ידוע</UnitOfMeasure>
      <bIsWeighted>0</bIsWeighted>
      <QtyInPackage>לא ידוע</QtyInPackage>
      <ItemPrice>13.90</ItemPrice>
      <UnitOfMeasurePrice>0.0348</UnitOfMeasurePrice>
      <AllowDiscount>1</AllowDiscount>
      <ItemStatus>1</ItemStatus>
      <ItemId>157652</ItemId>
    </Item>
    <Item>
      <PriceUpdateDate>2025-08-21 11:20:14</PriceUpdateDate>
      <ItemCode>7290013927101</ItemCode>
      <ItemType>1</ItemType>
      <ItemName>עוגת תפוחים ללא תוספ</ItemName>
      <ManufacturerName>לא ידוע</ManufacturerName>
      <ManufactureCountry>לא ידוע</ManufactureCountry>
      <ManufacturerItemDescription>עוגת תפוחים ללא תוספ</ManufacturerItemDescription>
      <UnitQty>לא ידוע</UnitQty>
      <Quantity>450.00</Quantity>
      <UnitOfMeasure>לא ידוע</UnitOfMeasure>
      <bIsWeighted>0</bIsWeighted>
      <QtyInPackage>לא ידוע</QtyInPackage>
      <ItemPrice>15.90</ItemPrice>
      <UnitOfMeasurePrice>0.0353</UnitOfMeasurePrice>
      <AllowDiscount>1</AllowDiscount>
      <ItemStatus>1</ItemStatus>
      <ItemId>157661</ItemId>
    </Item>
    <Item>
      <PriceUpdateDate>2025-08-31 08:46:15</PriceUpdateDate>
      <ItemCode>4000522009747</ItemCode>
      <ItemType>1</ItemType>
      <ItemName>ציו חטיף תפוחי אדמה</ItemName>
      <ManufacturerName>לא ידוע</ManufacturerName>
      <ManufactureCountry>לא ידוע</ManufactureCountry>
      <ManufacturerItemDescription>ציו חטיף תפוחי אדמה</ManufacturerItemDescription>
      <UnitQty>לא ידוע</UnitQty>
      <Quantity>80.00</Quantity>
      <UnitOfMeasure>לא ידוע</UnitOfMeasure>
      <bIsWeighted>0</bIsWeighted>
      <QtyInPackage>לא ידוע</QtyInPackage>
      <ItemPrice>7.50</ItemPrice>
      <UnitOfMeasurePrice>0.0938</UnitOfMeasurePrice>
      <AllowDiscount>1</AllowDiscount>
      <ItemStatus>1</ItemStatus>
      <ItemId>157711</ItemId>
    </Item>
    <Item>
      <PriceUpdateDate>2025-08-31 08:46:15</PriceUpdateDate>
      <ItemCode>4000522061752</ItemCode>
      <ItemType>1</ItemType>
      <ItemName>בייגלה צ'יו מקלות 10</ItemName>
      <ManufacturerName>לא ידוע</ManufacturerName>
      <ManufactureCountry>לא ידוע</ManufactureCountry>
      <ManufacturerItemDescription>בייגלה צ'יו מקלות 10</ManufacturerItemDescription>
      <UnitQty>לא ידוע</UnitQty>
      <Quantity>100.00</Quantity>
      <UnitOfMeasure>לא ידוע</UnitOfMeasure>
      <bIsWeighted>0</bIsWeighted>
      <QtyInPackage>לא ידוע</QtyInPackage>
      <ItemPrice>7.50</ItemPrice>
      <UnitOfMeasurePrice>0.0750</UnitOfMeasurePrice>
      <AllowDiscount>1</AllowDiscount>
      <ItemStatus>1</ItemStatus>
      <ItemId>157712</ItemId>
    </Item>
    <Item>
      <PriceUpdateDate>2016-09-04 23:32:04</PriceUpdateDate>
      <ItemCode>8686868600105</ItemCode>
      <ItemType>1</ItemType>
      <ItemName>אביזרי שיער מברשות ה</ItemName>
      <ManufacturerName>לא ידוע</ManufacturerName>
      <ManufactureCountry>לא ידוע</ManufactureCountry>
      <ManufacturerItemDescription>אביזרי שיער מברשות ה</ManufacturerItemDescription>
      <UnitQty>יחידה   </UnitQty>
      <Quantity>0.00</Quantity>
      <UnitOfMeasure>יחידה   </UnitOfMeasure>
      <bIsWeighted>0</bIsWeighted>
      <QtyInPackage>לא ידוע</QtyInPackage>
      <ItemPrice>12.90</ItemPrice>
      <UnitOfMeasurePrice>0.0000</UnitOfMeasurePrice>
      <AllowDiscount>1</AllowDiscount>
      <ItemStatus>1</ItemStatus>
      <ItemId>157776</ItemId>
    </Item>
    <Item>
      <PriceUpdateDate>2025-09-08 07:55:00</PriceUpdateDate>
      <ItemCode>7290019627715</ItemCode>
      <ItemType>1</ItemType>
      <ItemName>נר נשמה 48 שעות בכוס</ItemName>
      <ManufacturerName>לא ידוע</ManufacturerName>
      <ManufactureCountry>לא ידוע</ManufactureCountry>
      <ManufacturerItemDescription>נר נשמה 48 שעות בכוס</ManufacturerItemDescription>
      <UnitQty>יחידה   </UnitQty>
      <Quantity>0.00</Quantity>
      <UnitOfMeasure>יחידה   </UnitOfMeasure>
      <bIsWeighted>0</bIsWeighted>
      <QtyInPackage>לא ידוע</QtyInPackage>
      <ItemPrice>5.90</ItemPrice>
      <UnitOfMeasurePrice>0.0000</UnitOfMeasurePrice>
      <AllowDiscount>1</AllowDiscount>
      <ItemStatus>1</ItemStatus>
      <ItemId>254251</ItemId>
    </Item>
    <Item>
      <PriceUpdateDate>2025-05-06 15:47:47</PriceUpdateDate>
      <ItemCode>7613037012095</ItemCode>
      <ItemType>1</ItemType>
      <ItemName>פיטנס סופר גרנולה שו</ItemName>
      <ManufacturerName>לא ידוע</ManufacturerName>
      <ManufactureCountry>לא ידוע</ManufactureCountry>
      <ManufacturerItemDescription>פיטנס סופר גרנולה שו</ManufacturerItemDescription>
      <UnitQty>לא ידוע</UnitQty>
      <Quantity>300.00</Quantity>
      <UnitOfMeasure>לא ידוע</UnitOfMeasure>
      <bIsWeighted>0</bIsWeighted>
      <QtyInPackage>לא ידוע</QtyInPackage>
      <ItemPrice>17.90</ItemPrice>
      <UnitOfMeasurePrice>0.0597</UnitOfMeasurePrice>
      <AllowDiscount>1</AllowDiscount>
      <ItemStatus>1</ItemStatus>
      <ItemId>213571</ItemId>
    </Item>
    <Item>
      <PriceUpdateDate>2025-08-26 16:05:25</PriceUpdateDate>
      <ItemCode>7290115202434</ItemCode>
      <ItemType>1</ItemType>
      <ItemName>צבר חומוס עם זעתר 37</ItemName>
      <ManufacturerName>לא ידוע</ManufacturerName>
      <ManufactureCountry>לא ידוע</ManufactureCountry>
      <ManufacturerItemDescription>צבר חומוס עם זעתר 37</ManufacturerItemDescription>
      <UnitQty>לא ידוע</UnitQty>
      <Quantity>375.00</Quantity>
      <UnitOfMeasure>לא ידוע</UnitOfMeasure>
      <bIsWeighted>0</bIsWeighted>
      <QtyInPackage>לא ידוע</QtyInPackage>
      <ItemPrice>15.90</ItemPrice>
      <UnitOfMeasurePrice>0.0424</UnitOfMeasurePrice>
      <AllowDiscount>1</AllowDiscount>
      <ItemStatus>1</ItemStatus>
      <ItemId>234328</ItemId>
    </Item>
    <Item>
      <PriceUpdateDate>2025-08-18 14:32:25</PriceUpdateDate>
      <ItemCode>4084500088917</ItemCode>
      <ItemType>1</ItemType>
      <ItemName>פיירי נוזל לכלים צהו</ItemName>
      <ManufacturerName>לא ידוע</ManufacturerName>
      <ManufactureCountry>לא ידוע</ManufactureCountry>
      <ManufacturerItemDescription>פיירי נוזל לכלים צהו</ManufacturerItemDescription>
      <UnitQty>לא ידוע</UnitQty>
      <Quantity>650.00</Quantity>
      <UnitOfMeasure>לא ידוע</UnitOfMeasure>
      <bIsWeighted>0</bIsWeighted>
      <QtyInPackage>לא ידוע</QtyInPackage>
      <ItemPrice>13.90</ItemPrice>
      <UnitOfMeasurePrice>0.0214</UnitOfMeasurePrice>
      <AllowDiscount>1</AllowDiscount>
      <ItemStatus>1</ItemStatus>
      <ItemId>158061</ItemId>
    </Item>
    <Item>
      <PriceUpdateDate>2025-08-18 14:32:26</PriceUpdateDate>
      <ItemCode>4084500853553</ItemCode>
      <ItemType>1</ItemType>
      <ItemName>פיירי נוזל לכלים ירו</ItemName>
      <ManufacturerName>לא ידוע</ManufacturerName>
      <ManufactureCountry>לא ידוע</ManufactureCountry>
      <ManufacturerItemDescription>פיירי נוזל לכלים ירו</ManufacturerItemDescription>
      <UnitQty>לא ידוע</UnitQty>
      <Quantity>650.00</Quantity>
      <UnitOfMeasure>לא ידוע</UnitOfMeasure>
      <bIsWeighted>0</bIsWeighted>
      <QtyInPackage>לא ידוע</QtyInPackage>
      <ItemPrice>13.90</ItemPrice>
      <UnitOfMeasurePrice>0.0214</UnitOfMeasurePrice>
      <AllowDiscount>1</AllowDiscount>
      <ItemStatus>1</ItemStatus>
      <ItemId>158071</ItemId>
    </Item>
    <Item>
      <PriceUpdateDate>2025-08-26 11:17:53</PriceUpdateDate>
      <ItemCode>7290002515333</ItemCode>
      <ItemType>1</ItemType>
      <ItemName>קמיל בלו סנסטיב אל ס</ItemName>
      <ManufacturerName>לא ידוע</ManufacturerName>
      <ManufactureCountry>לא ידוע</ManufactureCountry>
      <ManufacturerItemDescription>קמיל בלו סנסטיב אל ס</ManufacturerItemDescription>
      <UnitQty>לא ידוע</UnitQty>
      <Quantity>500.00</Quantity>
      <UnitOfMeasure>לא ידוע</UnitOfMeasure>
      <bIsWeighted>0</bIsWeighted>
      <QtyInPackage>לא ידוע</QtyInPackage>
      <ItemPrice>23.90</ItemPrice>
      <UnitOfMeasurePrice>0.0478</UnitOfMeasurePrice>
      <AllowDiscount>1</AllowDiscount>
      <ItemStatus>1</ItemStatus>
      <ItemId>158519</ItemId>
    </Item>
    <Item>
      <PriceUpdateDate>2025-08-26 11:17:55</PriceUpdateDate>
      <ItemCode>7290003026029</ItemCode>
      <ItemType>1</ItemType>
      <ItemName>קמיל בלו סנסטיב שמפו</ItemName>
      <ManufacturerName>לא ידוע</ManufacturerName>
      <ManufactureCountry>לא ידוע</ManufactureCountry>
      <ManufacturerItemDescription>קמיל בלו סנסטיב שמפו</ManufacturerItemDescription>
      <UnitQty>לא ידוע</UnitQty>
      <Quantity>500.00</Quantity>
      <UnitOfMeasure>לא ידוע</UnitOfMeasure>
      <bIsWeighted>0</bIsWeighted>
      <QtyInPackage>לא ידוע</QtyInPackage>
      <ItemPrice>23.90</ItemPrice>
      <UnitOfMeasurePrice>0.0478</UnitOfMeasurePrice>
      <AllowDiscount>1</AllowDiscount>
      <ItemStatus>1</ItemStatus>
      <ItemId>158521</ItemId>
    </Item>
    <Item>
      <PriceUpdateDate>2025-08-26 11:18:04</PriceUpdateDate>
      <ItemCode>7290011525712</ItemCode>
      <ItemType>1</ItemType>
      <ItemName>קמיל בלו סנסיטיב לפנ</ItemName>
      <ManufacturerName>לא ידוע</ManufacturerName>
      <ManufactureCountry>לא ידוע</ManufactureCountry>
      <ManufacturerItemDescription>קמיל בלו סנסיטיב לפנ</ManufacturerItemDescription>
      <UnitQty>לא ידוע</UnitQty>
      <Quantity>1000.00</Quantity>
      <UnitOfMeasure>לא ידוע</UnitOfMeasure>
      <bIsWeighted>0</bIsWeighted>
      <QtyInPackage>לא ידוע</QtyInPackage>
      <ItemPrice>34.90</ItemPrice>
      <UnitOfMeasurePrice>0.0349</UnitOfMeasurePrice>
      <AllowDiscount>1</AllowDiscount>
      <ItemStatus>1</ItemStatus>
      <ItemId>158576</ItemId>
    </Item>
    <Item>
      <PriceUpdateDate>2025-08-18 11:13:18</PriceUpdateDate>
      <ItemCode>5410291022738</ItemCode>
      <ItemType>1</ItemType>
      <ItemName>ממרח דואו צ'וקטה 350</ItemName>
      <ManufacturerName>לא ידוע</ManufacturerName>
      <ManufactureCountry>לא ידוע</ManufactureCountry>
      <ManufacturerItemDescription>ממרח דואו צ'וקטה 350</ManufacturerItemDescription>
      <UnitQty>לא ידוע</UnitQty>
      <Quantity>350.00</Quantity>
      <UnitOfMeasure>לא ידוע</UnitOfMeasure>
      <bIsWeighted>0</bIsWeighted>
      <QtyInPackage>לא ידוע</QtyInPackage>
      <ItemPrice>16.90</ItemPrice>
      <UnitOfMeasurePrice>0.0483</UnitOfMeasurePrice>
      <AllowDiscount>1</AllowDiscount>
      <ItemStatus>1</ItemStatus>
      <ItemId>207953</ItemId>
    </Item>
    <Item>
      <PriceUpdateDate>2025-01-06 11:34:12</PriceUpdateDate>
      <ItemCode>72991374</ItemCode>
      <ItemType>1</ItemType>
      <ItemName>טיים קצר</ItemName>
      <ManufacturerName>לא ידוע</ManufacturerName>
      <ManufactureCountry>לא ידוע</ManufactureCountry>
      <ManufacturerItemDescription>טיים קצר</ManufacturerItemDescription>
      <UnitQty>יחידה   </UnitQty>
      <Quantity>0.00</Quantity>
      <UnitOfMeasure>יחידה   </UnitOfMeasure>
      <bIsWeighted>0</bIsWeighted>
      <QtyInPackage>לא ידוע</QtyInPackage>
      <ItemPrice>42.00</ItemPrice>
      <UnitOfMeasurePrice>0.0000</UnitOfMeasurePrice>
      <AllowDiscount>0</AllowDiscount>
      <ItemStatus>1</ItemStatus>
      <ItemId>158984</ItemId>
    </Item>
    <Item>
      <PriceUpdateDate>2025-07-01 16:32:46</PriceUpdateDate>
      <ItemCode>7290115203172</ItemCode>
      <ItemType>1</ItemType>
      <ItemName>במבה פרו 80 גרם</ItemName>
      <ManufacturerName>קריות זול</ManufacturerName>
      <ManufactureCountry>לא ידוע</ManufactureCountry>
      <ManufacturerItemDescription>במבה פרו 80 גרם</ManufacturerItemDescription>
      <UnitQty>לא ידוע</UnitQty>
      <Quantity>80.00</Quantity>
      <UnitOfMeasure>לא ידוע</UnitOfMeasure>
      <bIsWeighted>0</bIsWeighted>
      <QtyInPackage>לא ידוע</QtyInPackage>
      <ItemPrice>6.90</ItemPrice>
      <UnitOfMeasurePrice>0.0863</UnitOfMeasurePrice>
      <AllowDiscount>1</AllowDiscount>
      <ItemStatus>1</ItemStatus>
      <ItemId>238935</ItemId>
    </Item>
    <Item>
      <PriceUpdateDate>2025-08-28 13:55:36</PriceUpdateDate>
      <ItemCode>7290000518336</ItemCode>
      <ItemType>1</ItemType>
      <ItemName>מווש צמר גפן מתוק 10</ItemName>
      <ManufacturerName>לא ידוע</ManufacturerName>
      <ManufactureCountry>לא ידוע</ManufactureCountry>
      <ManufacturerItemDescription>מווש צמר גפן מתוק 10</ManufacturerItemDescription>
      <UnitQty>לא ידוע</UnitQty>
      <Quantity>10.00</Quantity>
      <UnitOfMeasure>לא ידוע</UnitOfMeasure>
      <bIsWeighted>0</bIsWeighted>
      <QtyInPackage>לא ידוע</QtyInPackage>
      <ItemPrice>6.50</ItemPrice>
      <UnitOfMeasurePrice>0.6500</UnitOfMeasurePrice>
      <AllowDiscount>1</AllowDiscount>
      <ItemStatus>1</ItemStatus>
      <ItemId>239364</ItemId>
    </Item>
    <Item>
      <PriceUpdateDate>2025-08-19 11:27:47</PriceUpdateDate>
      <ItemCode>7290000367217</ItemCode>
      <ItemType>1</ItemType>
      <ItemName>נקניקיות פרגיות טירת</ItemName>
      <ManufacturerName>לא ידוע</ManufacturerName>
      <ManufactureCountry>לא ידוע</ManufactureCountry>
      <ManufacturerItemDescription>נקניקיות פרגיות טירת</ManufacturerItemDescription>
      <UnitQty>לא ידוע</UnitQty>
      <Quantity>840.00</Quantity>
      <UnitOfMeasure>לא ידוע</UnitOfMeasure>
      <bIsWeighted>0</bIsWeighted>
      <QtyInPackage>לא ידוע</QtyInPackage>
      <ItemPrice>33.90</ItemPrice>
      <UnitOfMeasurePrice>0.0404</UnitOfMeasurePrice>
      <AllowDiscount>1</AllowDiscount>
      <ItemStatus>1</ItemStatus>
      <ItemId>251163</ItemId>
    </Item>
    <Item>
      <PriceUpdateDate>2020-01-31 08:51:11</PriceUpdateDate>
      <ItemCode>7290000995410</ItemCode>
      <ItemType>1</ItemType>
      <ItemName>נבטים סיניים נבטי הע</ItemName>
      <ManufacturerName>לא ידוע</ManufacturerName>
      <ManufactureCountry>ישראל</ManufactureCountry>
      <ManufacturerItemDescription>נבטים סיניים נבטי הע</ManufacturerItemDescription>
      <UnitQty>יחידה   </UnitQty>
      <Quantity>0.00</Quantity>
      <UnitOfMeasure>יחידה   </UnitOfMeasure>
      <bIsWeighted>0</bIsWeighted>
      <QtyInPackage>לא ידוע</QtyInPackage>
      <ItemPrice>7.90</ItemPrice>
      <UnitOfMeasurePrice>0.0000</UnitOfMeasurePrice>
      <AllowDiscount>1</AllowDiscount>
      <ItemStatus>1</ItemStatus>
      <ItemId>159171</ItemId>
    </Item>
    <Item>
      <PriceUpdateDate>2021-11-28 13:40:47</PriceUpdateDate>
      <ItemCode>7290010051021</ItemCode>
      <ItemType>1</ItemType>
      <ItemName>בזיליקום</ItemName>
      <ManufacturerName>לא ידוע</ManufacturerName>
      <ManufactureCountry>ישראל</ManufactureCountry>
      <ManufacturerItemDescription>בזיליקום</ManufacturerItemDescription>
      <UnitQty>יחידה   </UnitQty>
      <Quantity>0.00</Quantity>
      <UnitOfMeasure>יחידה   </UnitOfMeasure>
      <bIsWeighted>0</bIsWeighted>
      <QtyInPackage>לא ידוע</QtyInPackage>
      <ItemPrice>5.90</ItemPrice>
      <UnitOfMeasurePrice>0.0000</UnitOfMeasurePrice>
      <AllowDiscount>1</AllowDiscount>
      <ItemStatus>1</ItemStatus>
      <ItemId>159191</ItemId>
    </Item>
    <Item>
      <PriceUpdateDate>2016-09-04 23:33:03</PriceUpdateDate>
      <ItemCode>7290010051045</ItemCode>
      <ItemType>1</ItemType>
      <ItemName>סלט ביבי מיקס בנספק</ItemName>
      <ManufacturerName>לא ידוע</ManufacturerName>
      <ManufactureCountry>ישראל</ManufactureCountry>
      <ManufacturerItemDescription>סלט ביבי מיקס בנספק</ManufacturerItemDescription>
      <UnitQty>יחידה   </UnitQty>
      <Quantity>0.00</Quantity>
      <UnitOfMeasure>יחידה   </UnitOfMeasure>
      <bIsWeighted>0</bIsWeighted>
      <QtyInPackage>לא ידוע</QtyInPackage>
      <ItemPrice>8.90</ItemPrice>
      <UnitOfMeasurePrice>0.0000</UnitOfMeasurePrice>
      <AllowDiscount>1</AllowDiscount>
      <ItemStatus>1</ItemStatus>
      <ItemId>159193</ItemId>
    </Item>
    <Item>
      <PriceUpdateDate>2016-09-04 23:33:03</PriceUpdateDate>
      <ItemCode>7290010051052</ItemCode>
      <ItemType>1</ItemType>
      <ItemName>פטרוזליה</ItemName>
      <ManufacturerName>לא ידוע</ManufacturerName>
      <ManufactureCountry>ישראל</ManufactureCountry>
      <ManufacturerItemDescription>פטרוזליה</ManufacturerItemDescription>
      <UnitQty>יחידה   </UnitQty>
      <Quantity>0.00</Quantity>
      <UnitOfMeasure>יחידה   </UnitOfMeasure>
      <bIsWeighted>0</bIsWeighted>
      <QtyInPackage>לא ידוע</QtyInPackage>
      <ItemPrice>3.90</ItemPrice>
      <UnitOfMeasurePrice>0.0000</UnitOfMeasurePrice>
      <AllowDiscount>1</AllowDiscount>
      <ItemStatus>1</ItemStatus>
      <ItemId>159194</ItemId>
    </Item>
    <Item>
      <PriceUpdateDate>2024-01-03 11:50:12</PriceUpdateDate>
      <ItemCode>7290010051076</ItemCode>
      <ItemType>1</ItemType>
      <ItemName>לבבות חסה</ItemName>
      <ManufacturerName>לא ידוע</ManufacturerName>
      <ManufactureCountry>ישראל</ManufactureCountry>
      <ManufacturerItemDescription>לבבות חסה</ManufacturerItemDescription>
      <UnitQty>יחידה   </UnitQty>
      <Quantity>0.00</Quantity>
      <UnitOfMeasure>יחידה   </UnitOfMeasure>
      <bIsWeighted>0</bIsWeighted>
      <QtyInPackage>לא ידוע</QtyInPackage>
      <ItemPrice>10.90</ItemPrice>
      <UnitOfMeasurePrice>0.0000</UnitOfMeasurePrice>
      <AllowDiscount>1</AllowDiscount>
      <ItemStatus>1</ItemStatus>
      <ItemId>159196</ItemId>
    </Item>
    <Item>
      <PriceUpdateDate>2021-11-28 15:09:41</PriceUpdateDate>
      <ItemCode>7290010051113</ItemCode>
      <ItemType>1</ItemType>
      <ItemName>קורנית (טימין)</ItemName>
      <ManufacturerName>לא ידוע</ManufacturerName>
      <ManufactureCountry>ישראל</ManufactureCountry>
      <ManufacturerItemDescription>קורנית (טימין)</ManufacturerItemDescription>
      <UnitQty>יחידה   </UnitQty>
      <Quantity>0.00</Quantity>
      <UnitOfMeasure>יחידה   </UnitOfMeasure>
      <bIsWeighted>0</bIsWeighted>
      <QtyInPackage>לא ידוע</QtyInPackage>
      <ItemPrice>5.90</ItemPrice>
      <UnitOfMeasurePrice>0.0000</UnitOfMeasurePrice>
      <AllowDiscount>1</AllowDiscount>
      <ItemStatus>1</ItemStatus>
      <ItemId>159198</ItemId>
    </Item>
    <Item>
      <PriceUpdateDate>2022-07-04 12:57:06</PriceUpdateDate>
      <ItemCode>7290010051144</ItemCode>
      <ItemType>1</ItemType>
      <ItemName>תרד עלים 110 גרם</ItemName>
      <ManufacturerName>לא ידוע</ManufacturerName>
      <ManufactureCountry>ישראל</ManufactureCountry>
      <ManufacturerItemDescription>תרד עלים 110 גרם</ManufacturerItemDescription>
      <UnitQty>לא ידוע</UnitQty>
      <Quantity>180.00</Quantity>
      <UnitOfMeasure>לא ידוע</UnitOfMeasure>
      <bIsWeighted>0</bIsWeighted>
      <QtyInPackage>לא ידוע</QtyInPackage>
      <ItemPrice>8.90</ItemPrice>
      <UnitOfMeasurePrice>0.0494</UnitOfMeasurePrice>
      <AllowDiscount>1</AllowDiscount>
      <ItemStatus>1</ItemStatus>
      <ItemId>159201</ItemId>
    </Item>
    <Item>
      <PriceUpdateDate>2024-04-09 11:16:34</PriceUpdateDate>
      <ItemCode>7290010051151</ItemCode>
      <ItemType>1</ItemType>
      <ItemName>חסה רומית</ItemName>
      <ManufacturerName>לא ידוע</ManufacturerName>
      <ManufactureCountry>ישראל</ManufactureCountry>
      <ManufacturerItemDescription>חסה רומית</ManufacturerItemDescription>
      <UnitQty>יחידה   </UnitQty>
      <Quantity>0.00</Quantity>
      <UnitOfMeasure>יחידה   </UnitOfMeasure>
      <bIsWeighted>0</bIsWeighted>
      <QtyInPackage>לא ידוע</QtyInPackage>
      <ItemPrice>9.90</ItemPrice>
      <UnitOfMeasurePrice>0.0000</UnitOfMeasurePrice>
      <AllowDiscount>1</AllowDiscount>
      <ItemStatus>1</ItemStatus>
      <ItemId>159202</ItemId>
    </Item>
    <Item>
      <PriceUpdateDate>2024-01-26 11:26:07</PriceUpdateDate>
      <ItemCode>7290010051168</ItemCode>
      <ItemType>1</ItemType>
      <ItemName>כוסברה</ItemName>
      <ManufacturerName>לא ידוע</ManufacturerName>
      <ManufactureCountry>ישראל</ManufactureCountry>
      <ManufacturerItemDescription>כוסברה</ManufacturerItemDescription>
      <UnitQty>יחידה   </UnitQty>
      <Quantity>0.00</Quantity>
      <UnitOfMeasure>יחידה   </UnitOfMeasure>
      <bIsWeighted>0</bIsWeighted>
      <QtyInPackage>לא ידוע</QtyInPackage>
      <ItemPrice>3.90</ItemPrice>
      <UnitOfMeasurePrice>0.0000</UnitOfMeasurePrice>
      <AllowDiscount>1</AllowDiscount>
      <ItemStatus>1</ItemStatus>
      <ItemId>159203</ItemId>
    </Item>
    <Item>
      <PriceUpdateDate>2016-09-04 23:33:03</PriceUpdateDate>
      <ItemCode>7290010051175</ItemCode>
      <ItemType>1</ItemType>
      <ItemName>כוסברה/שמיר ארוז</ItemName>
      <ManufacturerName>לא ידוע</ManufacturerName>
      <ManufactureCountry>ישראל</ManufactureCountry>
      <ManufacturerItemDescription>כוסברה/שמיר ארוז</ManufacturerItemDescription>
      <UnitQty>לא ידוע</UnitQty>
      <Quantity>1000.00</Quantity>
      <UnitOfMeasure>לא ידוע</UnitOfMeasure>
      <bIsWeighted>0</bIsWeighted>
      <QtyInPackage>לא ידוע</QtyInPackage>
      <ItemPrice>3.90</ItemPrice>
      <UnitOfMeasurePrice>0.0039</UnitOfMeasurePrice>
      <AllowDiscount>1</AllowDiscount>
      <ItemStatus>1</ItemStatus>
      <ItemId>159205</ItemId>
    </Item>
    <Item>
      <PriceUpdateDate>2016-09-04 23:33:03</PriceUpdateDate>
      <ItemCode>7290010051182</ItemCode>
      <ItemType>1</ItemType>
      <ItemName>נענע ארוזה</ItemName>
      <ManufacturerName>לא ידוע</ManufacturerName>
      <ManufactureCountry>ישראל</ManufactureCountry>
      <ManufacturerItemDescription>נענע ארוזה</ManufacturerItemDescription>
      <UnitQty>יחידה   </UnitQty>
      <Quantity>0.00</Quantity>
      <UnitOfMeasure>יחידה   </UnitOfMeasure>
      <bIsWeighted>0</bIsWeighted>
      <QtyInPackage>לא ידוע</QtyInPackage>
      <ItemPrice>3.90</ItemPrice>
      <UnitOfMeasurePrice>0.0000</UnitOfMeasurePrice>
      <AllowDiscount>1</AllowDiscount>
      <ItemStatus>1</ItemStatus>
      <ItemId>159206</ItemId>
    </Item>
    <Item>
      <PriceUpdateDate>2024-01-03 11:50:12</PriceUpdateDate>
      <ItemCode>7290010051199</ItemCode>
      <ItemType>1</ItemType>
      <ItemName>שורש פטרוזיליה</ItemName>
      <ManufacturerName>לא ידוע</ManufacturerName>
      <ManufactureCountry>ישראל</ManufactureCountry>
      <ManufacturerItemDescription>שורש פטרוזיליה</ManufacturerItemDescription>
      <UnitQty>יחידה   </UnitQty>
      <Quantity>0.00</Quantity>
      <UnitOfMeasure>יחידה   </UnitOfMeasure>
      <bIsWeighted>0</bIsWeighted>
      <QtyInPackage>לא ידוע</QtyInPackage>
      <ItemPrice>5.90</ItemPrice>
      <UnitOfMeasurePrice>0.0000</UnitOfMeasurePrice>
      <AllowDiscount>1</AllowDiscount>
      <ItemStatus>1</ItemStatus>
      <ItemId>159207</ItemId>
    </Item>
    <Item>
      <PriceUpdateDate>2025-09-29 08:15:33</PriceUpdateDate>
      <ItemCode>7290010051205</ItemCode>
      <ItemType>1</ItemType>
      <ItemName>סלרי אמריקאי.</ItemName>
      <ManufacturerName>לא ידוע</ManufacturerName>
      <ManufactureCountry>ישראל</ManufactureCountry>
      <ManufacturerItemDescription>סלרי אמריקאי.</ManufacturerItemDescription>
      <UnitQty>לא ידוע</UnitQty>
      <Quantity>200.00</Quantity>
      <UnitOfMeasure>לא ידוע</UnitOfMeasure>
      <bIsWeighted>0</bIsWeighted>
      <QtyInPackage>לא ידוע</QtyInPackage>
      <ItemPrice>6.90</ItemPrice>
      <UnitOfMeasurePrice>0.0345</UnitOfMeasurePrice>
      <AllowDiscount>1</AllowDiscount>
      <ItemStatus>1</ItemStatus>
      <ItemId>159208</ItemId>
    </Item>
    <Item>
      <PriceUpdateDate>2021-11-29 07:53:51</PriceUpdateDate>
      <ItemCode>7290010051212</ItemCode>
      <ItemType>1</ItemType>
      <ItemName>סלרי ראש</ItemName>
      <ManufacturerName>לא ידוע</ManufacturerName>
      <ManufactureCountry>ישראל</ManufactureCountry>
      <ManufacturerItemDescription>סלרי ראש</ManufacturerItemDescription>
      <UnitQty>יחידה   </UnitQty>
      <Quantity>0.00</Quantity>
      <UnitOfMeasure>יחידה   </UnitOfMeasure>
      <bIsWeighted>0</bIsWeighted>
      <QtyInPackage>לא ידוע</QtyInPackage>
      <ItemPrice>5.90</ItemPrice>
      <UnitOfMeasurePrice>0.0000</UnitOfMeasurePrice>
      <AllowDiscount>1</AllowDiscount>
      <ItemStatus>1</ItemStatus>
      <ItemId>159209</ItemId>
    </Item>
    <Item>
      <PriceUpdateDate>2023-07-02 10:46:59</PriceUpdateDate>
      <ItemCode>7290010051267</ItemCode>
      <ItemType>1</ItemType>
      <ItemName>פרסה לוף שלם</ItemName>
      <ManufacturerName>לא ידוע</ManufacturerName>
      <ManufactureCountry>ישראל</ManufactureCountry>
      <ManufacturerItemDescription>פרסה לוף שלם</ManufacturerItemDescription>
      <UnitQty>יחידה   </UnitQty>
      <Quantity>0.00</Quantity>
      <UnitOfMeasure>יחידה   </UnitOfMeasure>
      <bIsWeighted>0</bIsWeighted>
      <QtyInPackage>לא ידוע</QtyInPackage>
      <ItemPrice>8.90</ItemPrice>
      <UnitOfMeasurePrice>0.0000</UnitOfMeasurePrice>
      <AllowDiscount>1</AllowDiscount>
      <ItemStatus>1</ItemStatus>
      <ItemId>159214</ItemId>
    </Item>
    <Item>
      <PriceUpdateDate>2022-07-04 12:57:07</PriceUpdateDate>
      <ItemCode>7290010051298</ItemCode>
      <ItemType>1</ItemType>
      <ItemName>סלק עלים ארוז</ItemName>
      <ManufacturerName>לא ידוע</ManufacturerName>
      <ManufactureCountry>ישראל</ManufactureCountry>
      <ManufacturerItemDescription>סלק עלים ארוז</ManufacturerItemDescription>
      <UnitQty>יחידה   </UnitQty>
      <Quantity>0.00</Quantity>
      <UnitOfMeasure>יחידה   </UnitOfMeasure>
      <bIsWeighted>0</bIsWeighted>
      <QtyInPackage>לא ידוע</QtyInPackage>
      <ItemPrice>6.90</ItemPrice>
      <UnitOfMeasurePrice>0.0000</UnitOfMeasurePrice>
      <AllowDiscount>1</AllowDiscount>
      <ItemStatus>1</ItemStatus>
      <ItemId>159216</ItemId>
    </Item>
    <Item>
      <PriceUpdateDate>2022-07-04 10:30:33</PriceUpdateDate>
      <ItemCode>7290010051335</ItemCode>
      <ItemType>1</ItemType>
      <ItemName>בצל ירוק</ItemName>
      <ManufacturerName>לא ידוע</ManufacturerName>
      <ManufactureCountry>ישראל</ManufactureCountry>
      <ManufacturerItemDescription>בצל ירוק</ManufacturerItemDescription>
      <UnitQty>לא ידוע</UnitQty>
      <Quantity>110.00</Quantity>
      <UnitOfMeasure>לא ידוע</UnitOfMeasure>
      <bIsWeighted>0</bIsWeighted>
      <QtyInPackage>לא ידוע</QtyInPackage>
      <ItemPrice>5.90</ItemPrice>
      <UnitOfMeasurePrice>0.0536</UnitOfMeasurePrice>
      <AllowDiscount>1</AllowDiscount>
      <ItemStatus>1</ItemStatus>
      <ItemId>159217</ItemId>
    </Item>
    <Item>
      <PriceUpdateDate>2021-11-29 07:53:55</PriceUpdateDate>
      <ItemCode>7290010051403</ItemCode>
      <ItemType>1</ItemType>
      <ItemName>שיבה</ItemName>
      <ManufacturerName>לא ידוע</ManufacturerName>
      <ManufactureCountry>ישראל</ManufactureCountry>
      <ManufacturerItemDescription>שיבה</ManufacturerItemDescription>
      <UnitQty>יחידה   </UnitQty>
      <Quantity>0.00</Quantity>
      <UnitOfMeasure>יחידה   </UnitOfMeasure>
      <bIsWeighted>0</bIsWeighted>
      <QtyInPackage>לא ידוע</QtyInPackage>
      <ItemPrice>5.90</ItemPrice>
      <UnitOfMeasurePrice>0.0000</UnitOfMeasurePrice>
      <AllowDiscount>1</AllowDiscount>
      <ItemStatus>1</ItemStatus>
      <ItemId>159218</ItemId>
    </Item>
    <Item>
      <PriceUpdateDate>2023-07-02 11:42:04</PriceUpdateDate>
      <ItemCode>7290015855013</ItemCode>
      <ItemType>1</ItemType>
      <ItemName>פלפל טינקרבל ארוז</ItemName>
      <ManufacturerName>לא ידוע</ManufacturerName>
      <ManufactureCountry>ישראל</ManufactureCountry>
      <ManufacturerItemDescription>פלפל טינקרבל ארוז</ManufacturerItemDescription>
      <UnitQty>יחידה   </UnitQty>
      <Quantity>0.00</Quantity>
      <UnitOfMeasure>יחידה   </UnitOfMeasure>
      <bIsWeighted>0</bIsWeighted>
      <QtyInPackage>לא ידוע</QtyInPackage>
      <ItemPrice>8.90</ItemPrice>
      <UnitOfMeasurePrice>0.0000</UnitOfMeasurePrice>
      <AllowDiscount>1</AllowDiscount>
      <ItemStatus>1</ItemStatus>
      <ItemId>159256</ItemId>
    </Item>
    <Item>
      <PriceUpdateDate>2020-01-31 08:51:14</PriceUpdateDate>
      <ItemCode>7290015855037</ItemCode>
      <ItemType>1</ItemType>
      <ItemName>פלפל צ'ילי.</ItemName>
      <ManufacturerName>לא ידוע</ManufacturerName>
      <ManufactureCountry>ישראל</ManufactureCountry>
      <ManufacturerItemDescription>פלפל צ'ילי.</ManufacturerItemDescription>
      <UnitQty>יחידה   </UnitQty>
      <Quantity>0.00</Quantity>
      <UnitOfMeasure>יחידה   </UnitOfMeasure>
      <bIsWeighted>0</bIsWeighted>
      <QtyInPackage>לא ידוע</QtyInPackage>
      <ItemPrice>6.90</ItemPrice>
      <UnitOfMeasurePrice>0.0000</UnitOfMeasurePrice>
      <AllowDiscount>1</AllowDiscount>
      <ItemStatus>1</ItemStatus>
      <ItemId>159258</ItemId>
    </Item>
    <Item>
      <PriceUpdateDate>2021-11-29 07:53:46</PriceUpdateDate>
      <ItemCode>7290015855051</ItemCode>
      <ItemType>1</ItemType>
      <ItemName>מלפפון מיני ארוז</ItemName>
      <ManufacturerName>לא ידוע</ManufacturerName>
      <ManufactureCountry>ישראל</ManufactureCountry>
      <ManufacturerItemDescription>מלפפון מיני ארוז</ManufacturerItemDescription>
      <UnitQty>יחידה   </UnitQty>
      <Quantity>0.00</Quantity>
      <UnitOfMeasure>יחידה   </UnitOfMeasure>
      <bIsWeighted>0</bIsWeighted>
      <QtyInPackage>לא ידוע</QtyInPackage>
      <ItemPrice>8.90</ItemPrice>
      <UnitOfMeasurePrice>0.0000</UnitOfMeasurePrice>
      <AllowDiscount>1</AllowDiscount>
      <ItemStatus>1</ItemStatus>
      <ItemId>159259</ItemId>
    </Item>
    <Item>
      <PriceUpdateDate>2025-05-15 07:46:43</PriceUpdateDate>
      <ItemCode>8112100298</ItemCode>
      <ItemType>1</ItemType>
      <ItemName>שמן שומשום טהור 185מ</ItemName>
      <ManufacturerName>לא ידוע</ManufacturerName>
      <ManufactureCountry>לא ידוע</ManufactureCountry>
      <ManufacturerItemDescription>שמן שומשום טהור 185מ</ManufacturerItemDescription>
      <UnitQty>לא ידוע</UnitQty>
      <Quantity>185.00</Quantity>
      <UnitOfMeasure>לא ידוע</UnitOfMeasure>
      <bIsWeighted>0</bIsWeighted>
      <QtyInPackage>לא ידוע</QtyInPackage>
      <ItemPrice>17.90</ItemPrice>
      <UnitOfMeasurePrice>0.0968</UnitOfMeasurePrice>
      <AllowDiscount>1</AllowDiscount>
      <ItemStatus>1</ItemStatus>
      <ItemId>159386</ItemId>
    </Item>
    <Item>
      <PriceUpdateDate>2025-08-31 08:42:56</PriceUpdateDate>
      <ItemCode>6910191800287</ItemCode>
      <ItemType>1</ItemType>
      <ItemName>דפי סושי אצות נורי ב</ItemName>
      <ManufacturerName>לא ידוע</ManufacturerName>
      <ManufactureCountry>לא ידוע</ManufactureCountry>
      <ManufacturerItemDescription>דפי סושי אצות נורי ב</ManufacturerItemDescription>
      <UnitQty>לא ידוע</UnitQty>
      <Quantity>10.00</Quantity>
      <UnitOfMeasure>לא ידוע</UnitOfMeasure>
      <bIsWeighted>0</bIsWeighted>
      <QtyInPackage>לא ידוע</QtyInPackage>
      <ItemPrice>14.90</ItemPrice>
      <UnitOfMeasurePrice>1.4900</UnitOfMeasurePrice>
      <AllowDiscount>1</AllowDiscount>
      <ItemStatus>1</ItemStatus>
      <ItemId>159423</ItemId>
    </Item>
    <Item>
      <PriceUpdateDate>2025-08-31 08:42:57</PriceUpdateDate>
      <ItemCode>6912977000140</ItemCode>
      <ItemType>1</ItemType>
      <ItemName>אטריות שעועית 250גר</ItemName>
      <ManufacturerName>לא ידוע</ManufacturerName>
      <ManufactureCountry>לא ידוע</ManufactureCountry>
      <ManufacturerItemDescription>אטריות שעועית 250גר</ManufacturerItemDescription>
      <UnitQty>לא ידוע</UnitQty>
      <Quantity>250.00</Quantity>
      <UnitOfMeasure>לא ידוע</UnitOfMeasure>
      <bIsWeighted>0</bIsWeighted>
      <QtyInPackage>לא ידוע</QtyInPackage>
      <ItemPrice>11.90</ItemPrice>
      <UnitOfMeasurePrice>0.0476</UnitOfMeasurePrice>
      <AllowDiscount>1</AllowDiscount>
      <ItemStatus>1</ItemStatus>
      <ItemId>159424</ItemId>
    </Item>
    <Item>
      <PriceUpdateDate>2025-08-31 08:42:58</PriceUpdateDate>
      <ItemCode>6936745600462</ItemCode>
      <ItemType>1</ItemType>
      <ItemName>מירין דאניינג 500מל</ItemName>
      <ManufacturerName>לא ידוע</ManufacturerName>
      <ManufactureCountry>לא ידוע</ManufactureCountry>
      <ManufacturerItemDescription>מירין דאניינג 500מל</ManufacturerItemDescription>
      <UnitQty>לא ידוע</UnitQty>
      <Quantity>500.00</Quantity>
      <UnitOfMeasure>לא ידוע</UnitOfMeasure>
      <bIsWeighted>0</bIsWeighted>
      <QtyInPackage>לא ידוע</QtyInPackage>
      <ItemPrice>23.90</ItemPrice>
      <UnitOfMeasurePrice>0.0478</UnitOfMeasurePrice>
      <AllowDiscount>1</AllowDiscount>
      <ItemStatus>1</ItemStatus>
      <ItemId>159446</ItemId>
    </Item>
    <Item>
      <PriceUpdateDate>2025-08-31 08:42:59</PriceUpdateDate>
      <ItemCode>7290010513703</ItemCode>
      <ItemType>1</ItemType>
      <ItemName>מקלות צ'ופסטיקס 20יח</ItemName>
      <ManufacturerName>לא ידוע</ManufacturerName>
      <ManufactureCountry>לא ידוע</ManufactureCountry>
      <ManufacturerItemDescription>מקלות צ'ופסטיקס 20יח</ManufacturerItemDescription>
      <UnitQty>יחידה   </UnitQty>
      <Quantity>0.00</Quantity>
      <UnitOfMeasure>יחידה   </UnitOfMeasure>
      <bIsWeighted>0</bIsWeighted>
      <QtyInPackage>לא ידוע</QtyInPackage>
      <ItemPrice>9.90</ItemPrice>
      <UnitOfMeasurePrice>0.0000</UnitOfMeasurePrice>
      <AllowDiscount>1</AllowDiscount>
      <ItemStatus>1</ItemStatus>
      <ItemId>159452</ItemId>
    </Item>
    <Item>
      <PriceUpdateDate>2025-08-31 10:23:35</PriceUpdateDate>
      <ItemCode>7290015603188</ItemCode>
      <ItemType>1</ItemType>
      <ItemName>אטריות ביצים 454גר</ItemName>
      <ManufacturerName>לא ידוע</ManufacturerName>
      <ManufactureCountry>לא ידוע</ManufactureCountry>
      <ManufacturerItemDescription>אטריות ביצים 454גר</ManufacturerItemDescription>
      <UnitQty>לא ידוע</UnitQty>
      <Quantity>454.00</Quantity>
      <UnitOfMeasure>לא ידוע</UnitOfMeasure>
      <bIsWeighted>0</bIsWeighted>
      <QtyInPackage>לא ידוע</QtyInPackage>
      <ItemPrice>12.90</ItemPrice>
      <UnitOfMeasurePrice>0.0284</UnitOfMeasurePrice>
      <AllowDiscount>1</AllowDiscount>
      <ItemStatus>1</ItemStatus>
      <ItemId>159460</ItemId>
    </Item>
    <Item>
      <PriceUpdateDate>2025-09-07 08:42:01</PriceUpdateDate>
      <ItemCode>7290015603638</ItemCode>
      <ItemType>1</ItemType>
      <ItemName>אורז קלרוז 1קג</ItemName>
      <ManufacturerName>לא ידוע</ManufacturerName>
      <ManufactureCountry>לא ידוע</ManufactureCountry>
      <ManufacturerItemDescription>אורז קלרוז 1קג</ManufacturerItemDescription>
      <UnitQty>לא ידוע</UnitQty>
      <Quantity>1000.00</Quantity>
      <UnitOfMeasure>לא ידוע</UnitOfMeasure>
      <bIsWeighted>0</bIsWeighted>
      <QtyInPackage>לא ידוע</QtyInPackage>
      <ItemPrice>13.90</ItemPrice>
      <UnitOfMeasurePrice>0.0139</UnitOfMeasurePrice>
      <AllowDiscount>1</AllowDiscount>
      <ItemStatus>1</ItemStatus>
      <ItemId>159468</ItemId>
    </Item>
    <Item>
      <PriceUpdateDate>2025-09-07 08:45:12</PriceUpdateDate>
      <ItemCode>8858271002870</ItemCode>
      <ItemType>1</ItemType>
      <ItemName>רוטב פאד תאי 250מל</ItemName>
      <ManufacturerName>לא ידוע</ManufacturerName>
      <ManufactureCountry>לא ידוע</ManufactureCountry>
      <ManufacturerItemDescription>רוטב פאד תאי 250מל</ManufacturerItemDescription>
      <UnitQty>לא ידוע</UnitQty>
      <Quantity>2500.00</Quantity>
      <UnitOfMeasure>לא ידוע</UnitOfMeasure>
      <bIsWeighted>0</bIsWeighted>
      <QtyInPackage>לא ידוע</QtyInPackage>
      <ItemPrice>13.90</ItemPrice>
      <UnitOfMeasurePrice>0.0056</UnitOfMeasurePrice>
      <AllowDiscount>1</AllowDiscount>
      <ItemStatus>1</ItemStatus>
      <ItemId>159485</ItemId>
    </Item>
    <Item>
      <PriceUpdateDate>2025-09-07 08:45:12</PriceUpdateDate>
      <ItemCode>8858271002887</ItemCode>
      <ItemType>1</ItemType>
      <ItemName>רוטב טריאקי 250מל</ItemName>
      <ManufacturerName>לא ידוע</ManufacturerName>
      <ManufactureCountry>לא ידוע</ManufactureCountry>
      <ManufacturerItemDescription>רוטב טריאקי 250מל</ManufacturerItemDescription>
      <UnitQty>לא ידוע</UnitQty>
      <Quantity>250.00</Quantity>
      <UnitOfMeasure>לא ידוע</UnitOfMeasure>
      <bIsWeighted>0</bIsWeighted>
      <QtyInPackage>לא ידוע</QtyInPackage>
      <ItemPrice>13.90</ItemPrice>
      <UnitOfMeasurePrice>0.0556</UnitOfMeasurePrice>
      <AllowDiscount>1</AllowDiscount>
      <ItemStatus>1</ItemStatus>
      <ItemId>159486</ItemId>
    </Item>
    <Item>
      <PriceUpdateDate>2025-09-07 08:45:12</PriceUpdateDate>
      <ItemCode>8858271003068</ItemCode>
      <ItemType>1</ItemType>
      <ItemName>רוטב סויה מתוק כהה 2</ItemName>
      <ManufacturerName>לא ידוע</ManufacturerName>
      <ManufactureCountry>לא ידוע</ManufactureCountry>
      <ManufacturerItemDescription>רוטב סויה מתוק כהה 2</ManufacturerItemDescription>
      <UnitQty>לא ידוע</UnitQty>
      <Quantity>250.00</Quantity>
      <UnitOfMeasure>לא ידוע</UnitOfMeasure>
      <bIsWeighted>0</bIsWeighted>
      <QtyInPackage>לא ידוע</QtyInPackage>
      <ItemPrice>13.90</ItemPrice>
      <UnitOfMeasurePrice>0.0556</UnitOfMeasurePrice>
      <AllowDiscount>1</AllowDiscount>
      <ItemStatus>1</ItemStatus>
      <ItemId>159489</ItemId>
    </Item>
    <Item>
      <PriceUpdateDate>2025-09-07 08:45:13</PriceUpdateDate>
      <ItemCode>8858271004126</ItemCode>
      <ItemType>1</ItemType>
      <ItemName>רוטב חמוץ מתוק מקסצא</ItemName>
      <ManufacturerName>לא ידוע</ManufacturerName>
      <ManufactureCountry>לא ידוע</ManufactureCountry>
      <ManufacturerItemDescription>רוטב חמוץ מתוק מקסצא</ManufacturerItemDescription>
      <UnitQty>לא ידוע</UnitQty>
      <Quantity>700.00</Quantity>
      <UnitOfMeasure>לא ידוע</UnitOfMeasure>
      <bIsWeighted>0</bIsWeighted>
      <QtyInPackage>לא ידוע</QtyInPackage>
      <ItemPrice>18.90</ItemPrice>
      <UnitOfMeasurePrice>0.0270</UnitOfMeasurePrice>
      <AllowDiscount>1</AllowDiscount>
      <ItemStatus>1</ItemStatus>
      <ItemId>159498</ItemId>
    </Item>
    <Item>
      <PriceUpdateDate>2025-11-02 11:36:23</PriceUpdateDate>
      <ItemCode>8858271004799</ItemCode>
      <ItemType>1</ItemType>
      <ItemName>רוטב צילי מתוק 700 מ</ItemName>
      <ManufacturerName>לא ידוע</ManufacturerName>
      <ManufactureCountry>לא ידוע</ManufactureCountry>
      <ManufacturerItemDescription>רוטב צילי מתוק 700 מ</ManufacturerItemDescription>
      <UnitQty>לא ידוע</UnitQty>
      <Quantity>700.00</Quantity>
      <UnitOfMeasure>לא ידוע</UnitOfMeasure>
      <bIsWeighted>0</bIsWeighted>
      <QtyInPackage>לא ידוע</QtyInPackage>
      <ItemPrice>15.90</ItemPrice>
      <UnitOfMeasurePrice>0.0227</UnitOfMeasurePrice>
      <AllowDiscount>1</AllowDiscount>
      <ItemStatus>1</ItemStatus>
      <ItemId>159501</ItemId>
    </Item>
    <Item>
      <PriceUpdateDate>2025-09-07 08:45:14</PriceUpdateDate>
      <ItemCode>8858271005451</ItemCode>
      <ItemType>1</ItemType>
      <ItemName>רוטב סויה פורמולה מק</ItemName>
      <ManufacturerName>לא ידוע</ManufacturerName>
      <ManufactureCountry>לא ידוע</ManufactureCountry>
      <ManufacturerItemDescription>רוטב סויה פורמולה מק</ManufacturerItemDescription>
      <UnitQty>לא ידוע</UnitQty>
      <Quantity>250.00</Quantity>
      <UnitOfMeasure>לא ידוע</UnitOfMeasure>
      <bIsWeighted>0</bIsWeighted>
      <QtyInPackage>לא ידוע</QtyInPackage>
      <ItemPrice>13.90</ItemPrice>
      <UnitOfMeasurePrice>0.0556</UnitOfMeasurePrice>
      <AllowDiscount>1</AllowDiscount>
      <ItemStatus>1</ItemStatus>
      <ItemId>159502</ItemId>
    </Item>
    <Item>
      <PriceUpdateDate>2025-09-08 07:57:31</PriceUpdateDate>
      <ItemCode>8850206110476</ItemCode>
      <ItemType>1</ItemType>
      <ItemName>רוטב צ'ילי מתוק 700</ItemName>
      <ManufacturerName>לא ידוע</ManufacturerName>
      <ManufactureCountry>לא ידוע</ManufactureCountry>
      <ManufacturerItemDescription>רוטב צ'ילי מתוק 700</ManufacturerItemDescription>
      <UnitQty>לא ידוע</UnitQty>
      <Quantity>700.00</Quantity>
      <UnitOfMeasure>לא ידוע</UnitOfMeasure>
      <bIsWeighted>0</bIsWeighted>
      <QtyInPackage>לא ידוע</QtyInPackage>
      <ItemPrice>16.90</ItemPrice>
      <UnitOfMeasurePrice>0.0241</UnitOfMeasurePrice>
      <AllowDiscount>1</AllowDiscount>
      <ItemStatus>1</ItemStatus>
      <ItemId>251025</ItemId>
    </Item>
    <Item>
      <PriceUpdateDate>2025-09-03 07:27:25</PriceUpdateDate>
      <ItemCode>7290017088068</ItemCode>
      <ItemType>1</ItemType>
      <ItemName>בייביסיטר סטנדרט 42</ItemName>
      <ManufacturerName>לא ידוע</ManufacturerName>
      <ManufactureCountry>לא ידוע</ManufactureCountry>
      <ManufacturerItemDescription>בייביסיטר סטנדרט 42</ManufacturerItemDescription>
      <UnitQty>לא ידוע</UnitQty>
      <Quantity>0.00</Quantity>
      <UnitOfMeasure>לא ידוע</UnitOfMeasure>
      <bIsWeighted>0</bIsWeighted>
      <QtyInPackage>לא ידוע</QtyInPackage>
      <ItemPrice>35.90</ItemPrice>
      <UnitOfMeasurePrice>0.0000</UnitOfMeasurePrice>
      <AllowDiscount>1</AllowDiscount>
      <ItemStatus>1</ItemStatus>
      <ItemId>240032</ItemId>
    </Item>
    <Item>
      <PriceUpdateDate>2025-09-04 11:57:06</PriceUpdateDate>
      <ItemCode>7290110115869</ItemCode>
      <ItemType>1</ItemType>
      <ItemName>קוקה-קולה זירו 1.5 ל</ItemName>
      <ManufacturerName>לא ידוע</ManufacturerName>
      <ManufactureCountry>לא ידוע</ManufactureCountry>
      <ManufacturerItemDescription>קוקה-קולה זירו 1.5 ל</ManufacturerItemDescription>
      <UnitQty>לא ידוע</UnitQty>
      <Quantity>1500.00</Quantity>
      <UnitOfMeasure>לא ידוע</UnitOfMeasure>
      <bIsWeighted>0</bIsWeighted>
      <QtyInPackage>לא ידוע</QtyInPackage>
      <ItemPrice>9.20</ItemPrice>
      <UnitOfMeasurePrice>0.0061</UnitOfMeasurePrice>
      <AllowDiscount>1</AllowDiscount>
      <ItemStatus>1</ItemStatus>
      <ItemId>237070</ItemId>
    </Item>
    <Item>
      <PriceUpdateDate>2025-07-22 11:51:16</PriceUpdateDate>
      <ItemCode>7290110118815</ItemCode>
      <ItemType>1</ItemType>
      <ItemName>סודה נורדיק רביעייה</ItemName>
      <ManufacturerName>קריות זול</ManufacturerName>
      <ManufactureCountry>לא ידוע</ManufactureCountry>
      <ManufacturerItemDescription>סודה נורדיק רביעייה</ManufacturerItemDescription>
      <UnitQty>לא ידוע</UnitQty>
      <Quantity>1000.00</Quantity>
      <UnitOfMeasure>לא ידוע</UnitOfMeasure>
      <bIsWeighted>0</bIsWeighted>
      <QtyInPackage>לא ידוע</QtyInPackage>
      <ItemPrice>14.40</ItemPrice>
      <UnitOfMeasurePrice>0.0144</UnitOfMeasurePrice>
      <AllowDiscount>1</AllowDiscount>
      <ItemStatus>1</ItemStatus>
      <ItemId>255317</ItemId>
    </Item>
    <Item>
      <PriceUpdateDate>2025-08-31 10:14:31</PriceUpdateDate>
      <ItemCode>7290109580036</ItemCode>
      <ItemType>1</ItemType>
      <ItemName>שניצל תירס זוגלובק 1</ItemName>
      <ManufacturerName>לא ידוע</ManufacturerName>
      <ManufactureCountry>לא ידוע</ManufactureCountry>
      <ManufacturerItemDescription>שניצל תירס זוגלובק 1</ManufacturerItemDescription>
      <UnitQty>לא ידוע</UnitQty>
      <Quantity>1250.00</Quantity>
      <UnitOfMeasure>לא ידוע</UnitOfMeasure>
      <bIsWeighted>0</bIsWeighted>
      <QtyInPackage>לא ידוע</QtyInPackage>
      <ItemPrice>45.90</ItemPrice>
      <UnitOfMeasurePrice>0.0367</UnitOfMeasurePrice>
      <AllowDiscount>1</AllowDiscount>
      <ItemStatus>1</ItemStatus>
      <ItemId>255026</ItemId>
    </Item>
    <Item>
      <PriceUpdateDate>2025-08-26 11:16:10</PriceUpdateDate>
      <ItemCode>7290114313094</ItemCode>
      <ItemType>1</ItemType>
      <ItemName>מולר פרופ יוגורט מוק</ItemName>
      <ManufacturerName>לא ידוע</ManufacturerName>
      <ManufactureCountry>לא ידוע</ManufactureCountry>
      <ManufacturerItemDescription>מולר פרופ יוגורט מוק</ManufacturerItemDescription>
      <UnitQty>לא ידוע</UnitQty>
      <Quantity>97.00</Quantity>
      <UnitOfMeasure>לא ידוע</UnitOfMeasure>
      <bIsWeighted>0</bIsWeighted>
      <QtyInPackage>לא ידוע</QtyInPackage>
      <ItemPrice>6.50</ItemPrice>
      <UnitOfMeasurePrice>0.0670</UnitOfMeasurePrice>
      <AllowDiscount>1</AllowDiscount>
      <ItemStatus>1</ItemStatus>
      <ItemId>254976</ItemId>
    </Item>
    <Item>
      <PriceUpdateDate>2025-09-08 08:08:46</PriceUpdateDate>
      <ItemCode>7290011593087</ItemCode>
      <ItemType>1</ItemType>
      <ItemName>שמן זית סבא חביב בלד</ItemName>
      <ManufacturerName>לא ידוע</ManufacturerName>
      <ManufactureCountry>לא ידוע</ManufactureCountry>
      <ManufacturerItemDescription>שמן זית סבא חביב בלד</ManufacturerItemDescription>
      <UnitQty>לא ידוע</UnitQty>
      <Quantity>750.00</Quantity>
      <UnitOfMeasure>לא ידוע</UnitOfMeasure>
      <bIsWeighted>0</bIsWeighted>
      <QtyInPackage>לא ידוע</QtyInPackage>
      <ItemPrice>36.90</ItemPrice>
      <UnitOfMeasurePrice>0.0492</UnitOfMeasurePrice>
      <AllowDiscount>1</AllowDiscount>
      <ItemStatus>1</ItemStatus>
      <ItemId>160357</ItemId>
    </Item>
    <Item>
      <PriceUpdateDate>2025-01-08 07:28:17</PriceUpdateDate>
      <ItemCode>7290004063016</ItemCode>
      <ItemType>1</ItemType>
      <ItemName>מלח שולחן 1קג</ItemName>
      <ManufacturerName>קריות זול</ManufacturerName>
      <ManufactureCountry>לא ידוע</ManufactureCountry>
      <ManufacturerItemDescription>מלח שולחן 1קג</ManufacturerItemDescription>
      <UnitQty>לא ידוע</UnitQty>
      <Quantity>1000.00</Quantity>
      <UnitOfMeasure>לא ידוע</UnitOfMeasure>
      <bIsWeighted>0</bIsWeighted>
      <QtyInPackage>לא ידוע</QtyInPackage>
      <ItemPrice>2.09</ItemPrice>
      <UnitOfMeasurePrice>0.0021</UnitOfMeasurePrice>
      <AllowDiscount>1</AllowDiscount>
      <ItemStatus>1</ItemStatus>
      <ItemId>160383</ItemId>
    </Item>
    <Item>
      <PriceUpdateDate>2025-01-08 07:28:17</PriceUpdateDate>
      <ItemCode>7290004063115</ItemCode>
      <ItemType>1</ItemType>
      <ItemName>מלח למליחות בשר וביש</ItemName>
      <ManufacturerName>קריות זול</ManufacturerName>
      <ManufactureCountry>לא ידוע</ManufactureCountry>
      <ManufacturerItemDescription>מלח למליחות בשר וביש</ManufacturerItemDescription>
      <UnitQty>לא ידוע</UnitQty>
      <Quantity>1000.00</Quantity>
      <UnitOfMeasure>לא ידוע</UnitOfMeasure>
      <bIsWeighted>0</bIsWeighted>
      <QtyInPackage>לא ידוע</QtyInPackage>
      <ItemPrice>2.09</ItemPrice>
      <UnitOfMeasurePrice>0.0021</UnitOfMeasurePrice>
      <AllowDiscount>1</AllowDiscount>
      <ItemStatus>1</ItemStatus>
      <ItemId>160384</ItemId>
    </Item>
    <Item>
      <PriceUpdateDate>2025-08-28 13:55:35</PriceUpdateDate>
      <ItemCode>7290000518169</ItemCode>
      <ItemType>1</ItemType>
      <ItemName>מתוק וקל 1000 טבליות</ItemName>
      <ManufacturerName>קריות זול</ManufacturerName>
      <ManufactureCountry>לא ידוע</ManufactureCountry>
      <ManufacturerItemDescription>מתוק וקל 1000 טבליות</ManufacturerItemDescription>
      <UnitQty>לא ידוע</UnitQty>
      <Quantity>1000.00</Quantity>
      <UnitOfMeasure>לא ידוע</UnitOfMeasure>
      <bIsWeighted>0</bIsWeighted>
      <QtyInPackage>לא ידוע</QtyInPackage>
      <ItemPrice>11.90</ItemPrice>
      <UnitOfMeasurePrice>0.0119</UnitOfMeasurePrice>
      <AllowDiscount>1</AllowDiscount>
      <ItemStatus>1</ItemStatus>
      <ItemId>160389</ItemId>
    </Item>
    <Item>
      <PriceUpdateDate>2025-08-28 13:55:35</PriceUpdateDate>
      <ItemCode>7290000518176</ItemCode>
      <ItemType>1</ItemType>
      <ItemName>מתוק וקל ענק 250 שקי</ItemName>
      <ManufacturerName>קריות זול</ManufacturerName>
      <ManufactureCountry>לא ידוע</ManufactureCountry>
      <ManufacturerItemDescription>מתוק וקל ענק 250 שקי</ManufacturerItemDescription>
      <UnitQty>לא ידוע</UnitQty>
      <Quantity>250.00</Quantity>
      <UnitOfMeasure>לא ידוע</UnitOfMeasure>
      <bIsWeighted>0</bIsWeighted>
      <QtyInPackage>לא ידוע</QtyInPackage>
      <ItemPrice>23.90</ItemPrice>
      <UnitOfMeasurePrice>0.0956</UnitOfMeasurePrice>
      <AllowDiscount>1</AllowDiscount>
      <ItemStatus>1</ItemStatus>
      <ItemId>160390</ItemId>
    </Item>
    <Item>
      <PriceUpdateDate>2025-08-18 11:43:25</PriceUpdateDate>
      <ItemCode>32147230</ItemCode>
      <ItemType>1</ItemType>
      <ItemName>מיץ לימון סיצילייה 2</ItemName>
      <ManufacturerName>קריות זול</ManufacturerName>
      <ManufactureCountry>לא ידוע</ManufactureCountry>
      <ManufacturerItemDescription>מיץ לימון סיצילייה 2</ManufacturerItemDescription>
      <UnitQty>לא ידוע</UnitQty>
      <Quantity>200.00</Quantity>
      <UnitOfMeasure>לא ידוע</UnitOfMeasure>
      <bIsWeighted>0</bIsWeighted>
      <QtyInPackage>לא ידוע</QtyInPackage>
      <ItemPrice>10.90</ItemPrice>
      <UnitOfMeasurePrice>0.0545</UnitOfMeasurePrice>
      <AllowDiscount>1</AllowDiscount>
      <ItemStatus>1</ItemStatus>
      <ItemId>160410</ItemId>
    </Item>
    <Item>
      <PriceUpdateDate>2025-04-28 07:38:31</PriceUpdateDate>
      <ItemCode>7290012009105</ItemCode>
      <ItemType>1</ItemType>
      <ItemName>אוכמניות</ItemName>
      <ManufacturerName>לא ידוע</ManufacturerName>
      <ManufactureCountry>ישראל</ManufactureCountry>
      <ManufacturerItemDescription>אוכמניות</ManufacturerItemDescription>
      <UnitQty>יחידה   </UnitQty>
      <Quantity>0.00</Quantity>
      <UnitOfMeasure>יחידה   </UnitOfMeasure>
      <bIsWeighted>0</bIsWeighted>
      <QtyInPackage>לא ידוע</QtyInPackage>
      <ItemPrice>16.90</ItemPrice>
      <UnitOfMeasurePrice>0.0000</UnitOfMeasurePrice>
      <AllowDiscount>1</AllowDiscount>
      <ItemStatus>1</ItemStatus>
      <ItemId>247590</ItemId>
    </Item>
    <Item>
      <PriceUpdateDate>2025-09-08 08:00:52</PriceUpdateDate>
      <ItemCode>7290119500192</ItemCode>
      <ItemType>1</ItemType>
      <ItemName>מגבונים פרשוואנס מאר</ItemName>
      <ManufacturerName>לא ידוע</ManufacturerName>
      <ManufactureCountry>לא ידוע</ManufactureCountry>
      <ManufacturerItemDescription>מגבונים פרשוואנס מאר</ManufacturerItemDescription>
      <UnitQty>יחידה   </UnitQty>
      <Quantity>0.00</Quantity>
      <UnitOfMeasure>יחידה   </UnitOfMeasure>
      <bIsWeighted>0</bIsWeighted>
      <QtyInPackage>לא ידוע</QtyInPackage>
      <ItemPrice>22.90</ItemPrice>
      <UnitOfMeasurePrice>0.0000</UnitOfMeasurePrice>
      <AllowDiscount>1</AllowDiscount>
      <ItemStatus>1</ItemStatus>
      <ItemId>255196</ItemId>
    </Item>
    <Item>
      <PriceUpdateDate>2025-10-22 12:35:23</PriceUpdateDate>
      <ItemCode>7290119375257</ItemCode>
      <ItemType>1</ItemType>
      <ItemName>גמדים סקוויז אפרסק מ</ItemName>
      <ManufacturerName>לא ידוע</ManufacturerName>
      <ManufactureCountry>לא ידוע</ManufactureCountry>
      <ManufacturerItemDescription>גמדים סקוויז אפרסק מ</ManufacturerItemDescription>
      <UnitQty>לא ידוע</UnitQty>
      <Quantity>100.00</Quantity>
      <UnitOfMeasure>לא ידוע</UnitOfMeasure>
      <bIsWeighted>0</bIsWeighted>
      <QtyInPackage>לא ידוע</QtyInPackage>
      <ItemPrice>6.50</ItemPrice>
      <UnitOfMeasurePrice>0.0650</UnitOfMeasurePrice>
      <AllowDiscount>1</AllowDiscount>
      <ItemStatus>1</ItemStatus>
      <ItemId>256211</ItemId>
    </Item>
    <Item>
      <PriceUpdateDate>2025-08-19 09:34:32</PriceUpdateDate>
      <ItemCode>4011800628512</ItemCode>
      <ItemType>1</ItemType>
      <ItemName>קורני חטיף דגנים עם</ItemName>
      <ManufacturerName>לא ידוע</ManufacturerName>
      <ManufactureCountry>לא ידוע</ManufactureCountry>
      <ManufacturerItemDescription>קורני חטיף דגנים עם</ManufacturerItemDescription>
      <UnitQty>לא ידוע</UnitQty>
      <Quantity>150.00</Quantity>
      <UnitOfMeasure>לא ידוע</UnitOfMeasure>
      <bIsWeighted>0</bIsWeighted>
      <QtyInPackage>לא ידוע</QtyInPackage>
      <ItemPrice>18.90</ItemPrice>
      <UnitOfMeasurePrice>0.1260</UnitOfMeasurePrice>
      <AllowDiscount>1</AllowDiscount>
      <ItemStatus>1</ItemStatus>
      <ItemId>160528</ItemId>
    </Item>
    <Item>
      <PriceUpdateDate>2025-08-19 09:34:34</PriceUpdateDate>
      <ItemCode>4011800630515</ItemCode>
      <ItemType>1</ItemType>
      <ItemName>קורני חטיף דגנים עם</ItemName>
      <ManufacturerName>לא ידוע</ManufacturerName>
      <ManufactureCountry>לא ידוע</ManufactureCountry>
      <ManufacturerItemDescription>קורני חטיף דגנים עם</ManufacturerItemDescription>
      <UnitQty>לא ידוע</UnitQty>
      <Quantity>150.00</Quantity>
      <UnitOfMeasure>לא ידוע</UnitOfMeasure>
      <bIsWeighted>0</bIsWeighted>
      <QtyInPackage>לא ידוע</QtyInPackage>
      <ItemPrice>18.90</ItemPrice>
      <UnitOfMeasurePrice>0.1260</UnitOfMeasurePrice>
      <AllowDiscount>1</AllowDiscount>
      <ItemStatus>1</ItemStatus>
      <ItemId>160530</ItemId>
    </Item>
    <Item>
      <PriceUpdateDate>2025-05-05 10:41:31</PriceUpdateDate>
      <ItemCode>5010182997918</ItemCode>
      <ItemType>1</ItemType>
      <ItemName>טואלט דאק ג'ל אסלה ב</ItemName>
      <ManufacturerName>קריות זול</ManufacturerName>
      <ManufactureCountry>לא ידוע</ManufactureCountry>
      <ManufacturerItemDescription>טואלט דאק ג'ל אסלה ב</ManufacturerItemDescription>
      <UnitQty>לא ידוע</UnitQty>
      <Quantity>55.00</Quantity>
      <UnitOfMeasure>לא ידוע</UnitOfMeasure>
      <bIsWeighted>0</bIsWeighted>
      <QtyInPackage>לא ידוע</QtyInPackage>
      <ItemPrice>14.90</ItemPrice>
      <UnitOfMeasurePrice>0.2709</UnitOfMeasurePrice>
      <AllowDiscount>1</AllowDiscount>
      <ItemStatus>1</ItemStatus>
      <ItemId>160591</ItemId>
    </Item>
    <Item>
      <PriceUpdateDate>2025-08-18 14:31:54</PriceUpdateDate>
      <ItemCode>5010182998847</ItemCode>
      <ItemType>1</ItemType>
      <ItemName>טואלט דאק נוזל לאסלה</ItemName>
      <ManufacturerName>לא ידוע</ManufacturerName>
      <ManufactureCountry>לא ידוע</ManufactureCountry>
      <ManufacturerItemDescription>טואלט דאק נוזל לאסלה</ManufacturerItemDescription>
      <UnitQty>לא ידוע</UnitQty>
      <Quantity>750.00</Quantity>
      <UnitOfMeasure>לא ידוע</UnitOfMeasure>
      <bIsWeighted>0</bIsWeighted>
      <QtyInPackage>לא ידוע</QtyInPackage>
      <ItemPrice>14.90</ItemPrice>
      <UnitOfMeasurePrice>0.0199</UnitOfMeasurePrice>
      <AllowDiscount>1</AllowDiscount>
      <ItemStatus>1</ItemStatus>
      <ItemId>160595</ItemId>
    </Item>
    <Item>
      <PriceUpdateDate>2025-08-18 14:32:28</PriceUpdateDate>
      <ItemCode>5010182998861</ItemCode>
      <ItemType>1</ItemType>
      <ItemName>טואלט דאק נוזל לאסלה</ItemName>
      <ManufacturerName>לא ידוע</ManufacturerName>
      <ManufactureCountry>לא ידוע</ManufactureCountry>
      <ManufacturerItemDescription>טואלט דאק נוזל לאסלה</ManufacturerItemDescription>
      <UnitQty>לא ידוע</UnitQty>
      <Quantity>750.00</Quantity>
      <UnitOfMeasure>לא ידוע</UnitOfMeasure>
      <bIsWeighted>0</bIsWeighted>
      <QtyInPackage>לא ידוע</QtyInPackage>
      <ItemPrice>14.90</ItemPrice>
      <UnitOfMeasurePrice>0.0199</UnitOfMeasurePrice>
      <AllowDiscount>1</AllowDiscount>
      <ItemStatus>1</ItemStatus>
      <ItemId>160596</ItemId>
    </Item>
    <Item>
      <PriceUpdateDate>2025-08-19 11:48:55</PriceUpdateDate>
      <ItemCode>7290000420325</ItemCode>
      <ItemType>1</ItemType>
      <ItemName>פופקורן פופסטאר בטעם</ItemName>
      <ManufacturerName>לא ידוע</ManufacturerName>
      <ManufactureCountry>לא ידוע</ManufactureCountry>
      <ManufacturerItemDescription>פופקורן פופסטאר בטעם</ManufacturerItemDescription>
      <UnitQty>לא ידוע</UnitQty>
      <Quantity>500.00</Quantity>
      <UnitOfMeasure>לא ידוע</UnitOfMeasure>
      <bIsWeighted>0</bIsWeighted>
      <QtyInPackage>לא ידוע</QtyInPackage>
      <ItemPrice>19.90</ItemPrice>
      <UnitOfMeasurePrice>0.0398</UnitOfMeasurePrice>
      <AllowDiscount>1</AllowDiscount>
      <ItemStatus>1</ItemStatus>
      <ItemId>160631</ItemId>
    </Item>
    <Item>
      <PriceUpdateDate>2025-08-20 13:21:14</PriceUpdateDate>
      <ItemCode>7290000420332</ItemCode>
      <ItemType>1</ItemType>
      <ItemName>פופקורן פופסטאר בטעם</ItemName>
      <ManufacturerName>לא ידוע</ManufacturerName>
      <ManufactureCountry>לא ידוע</ManufactureCountry>
      <ManufacturerItemDescription>פופקורן פופסטאר בטעם</ManufacturerItemDescription>
      <UnitQty>לא ידוע</UnitQty>
      <Quantity>500.00</Quantity>
      <UnitOfMeasure>לא ידוע</UnitOfMeasure>
      <bIsWeighted>0</bIsWeighted>
      <QtyInPackage>לא ידוע</QtyInPackage>
      <ItemPrice>19.90</ItemPrice>
      <UnitOfMeasurePrice>0.0398</UnitOfMeasurePrice>
      <AllowDiscount>1</AllowDiscount>
      <ItemStatus>1</ItemStatus>
      <ItemId>160632</ItemId>
    </Item>
    <Item>
      <PriceUpdateDate>2025-08-24 11:42:52</PriceUpdateDate>
      <ItemCode>7290000560533</ItemCode>
      <ItemType>1</ItemType>
      <ItemName>אדג גל גילוח ירוק עם</ItemName>
      <ManufacturerName>קריות זול</ManufacturerName>
      <ManufactureCountry>לא ידוע</ManufactureCountry>
      <ManufacturerItemDescription>אדג גל גילוח ירוק עם</ManufacturerItemDescription>
      <UnitQty>לא ידוע</UnitQty>
      <Quantity>198.00</Quantity>
      <UnitOfMeasure>לא ידוע</UnitOfMeasure>
      <bIsWeighted>0</bIsWeighted>
      <QtyInPackage>לא ידוע</QtyInPackage>
      <ItemPrice>20.90</ItemPrice>
      <UnitOfMeasurePrice>0.1056</UnitOfMeasurePrice>
      <AllowDiscount>1</AllowDiscount>
      <ItemStatus>1</ItemStatus>
      <ItemId>160644</ItemId>
    </Item>
    <Item>
      <PriceUpdateDate>2025-08-24 11:42:53</PriceUpdateDate>
      <ItemCode>7290000560540</ItemCode>
      <ItemType>1</ItemType>
      <ItemName>ג'ל גילוח אדג' לעור</ItemName>
      <ManufacturerName>קריות זול</ManufacturerName>
      <ManufactureCountry>לא ידוע</ManufactureCountry>
      <ManufacturerItemDescription>ג'ל גילוח אדג' לעור</ManufacturerItemDescription>
      <UnitQty>לא ידוע</UnitQty>
      <Quantity>198.00</Quantity>
      <UnitOfMeasure>לא ידוע</UnitOfMeasure>
      <bIsWeighted>0</bIsWeighted>
      <QtyInPackage>לא ידוע</QtyInPackage>
      <ItemPrice>20.90</ItemPrice>
      <UnitOfMeasurePrice>0.1056</UnitOfMeasurePrice>
      <AllowDiscount>1</AllowDiscount>
      <ItemStatus>1</ItemStatus>
      <ItemId>160645</ItemId>
    </Item>
    <Item>
      <PriceUpdateDate>2025-08-24 11:42:53</PriceUpdateDate>
      <ItemCode>7290000560557</ItemCode>
      <ItemType>1</ItemType>
      <ItemName>אדג גל גילוח סגול לע</ItemName>
      <ManufacturerName>קריות זול</ManufacturerName>
      <ManufactureCountry>לא ידוע</ManufactureCountry>
      <ManufacturerItemDescription>אדג גל גילוח סגול לע</ManufacturerItemDescription>
      <UnitQty>לא ידוע</UnitQty>
      <Quantity>198.00</Quantity>
      <UnitOfMeasure>לא ידוע</UnitOfMeasure>
      <bIsWeighted>0</bIsWeighted>
      <QtyInPackage>לא ידוע</QtyInPackage>
      <ItemPrice>20.90</ItemPrice>
      <UnitOfMeasurePrice>0.1056</UnitOfMeasurePrice>
      <AllowDiscount>1</AllowDiscount>
      <ItemStatus>1</ItemStatus>
      <ItemId>160646</ItemId>
    </Item>
    <Item>
      <PriceUpdateDate>2025-08-24 11:42:53</PriceUpdateDate>
      <ItemCode>7290001865439</ItemCode>
      <ItemType>1</ItemType>
      <ItemName>פמלי סבון נוזלי וניל</ItemName>
      <ManufacturerName>קריות זול</ManufacturerName>
      <ManufactureCountry>לא ידוע</ManufactureCountry>
      <ManufacturerItemDescription>פמלי סבון נוזלי וניל</ManufacturerItemDescription>
      <UnitQty>לא ידוע</UnitQty>
      <Quantity>1000.00</Quantity>
      <UnitOfMeasure>לא ידוע</UnitOfMeasure>
      <bIsWeighted>0</bIsWeighted>
      <QtyInPackage>לא ידוע</QtyInPackage>
      <ItemPrice>15.90</ItemPrice>
      <UnitOfMeasurePrice>0.0159</UnitOfMeasurePrice>
      <AllowDiscount>1</AllowDiscount>
      <ItemStatus>1</ItemStatus>
      <ItemId>160679</ItemId>
    </Item>
    <Item>
      <PriceUpdateDate>2025-08-20 13:21:29</PriceUpdateDate>
      <ItemCode>7290010195268</ItemCode>
      <ItemType>1</ItemType>
      <ItemName>פופקורן פופסטאר בטעם</ItemName>
      <ManufacturerName>לא ידוע</ManufacturerName>
      <ManufactureCountry>לא ידוע</ManufactureCountry>
      <ManufacturerItemDescription>פופקורן פופסטאר בטעם</ManufacturerItemDescription>
      <UnitQty>לא ידוע</UnitQty>
      <Quantity>425.00</Quantity>
      <UnitOfMeasure>לא ידוע</UnitOfMeasure>
      <bIsWeighted>0</bIsWeighted>
      <QtyInPackage>לא ידוע</QtyInPackage>
      <ItemPrice>19.90</ItemPrice>
      <UnitOfMeasurePrice>0.0468</UnitOfMeasurePrice>
      <AllowDiscount>1</AllowDiscount>
      <ItemStatus>1</ItemStatus>
      <ItemId>160800</ItemId>
    </Item>
    <Item>
      <PriceUpdateDate>2025-08-20 13:21:29</PriceUpdateDate>
      <ItemCode>7290010195275</ItemCode>
      <ItemType>1</ItemType>
      <ItemName>פופקורן פופסטאר בטעם</ItemName>
      <ManufacturerName>לא ידוע</ManufacturerName>
      <ManufactureCountry>לא ידוע</ManufactureCountry>
      <ManufacturerItemDescription>פופקורן פופסטאר בטעם</ManufacturerItemDescription>
      <UnitQty>לא ידוע</UnitQty>
      <Quantity>455.00</Quantity>
      <UnitOfMeasure>לא ידוע</UnitOfMeasure>
      <bIsWeighted>0</bIsWeighted>
      <QtyInPackage>לא ידוע</QtyInPackage>
      <ItemPrice>19.90</ItemPrice>
      <UnitOfMeasurePrice>0.0437</UnitOfMeasurePrice>
      <AllowDiscount>1</AllowDiscount>
      <ItemStatus>1</ItemStatus>
      <ItemId>160801</ItemId>
    </Item>
    <Item>
      <PriceUpdateDate>2025-08-24 11:42:56</PriceUpdateDate>
      <ItemCode>7290010838219</ItemCode>
      <ItemType>1</ItemType>
      <ItemName>סטיביה 100 שק</ItemName>
      <ManufacturerName>לא ידוע</ManufacturerName>
      <ManufactureCountry>לא ידוע</ManufactureCountry>
      <ManufacturerItemDescription>סטיביה 100 שק</ManufacturerItemDescription>
      <UnitQty>יחידה   </UnitQty>
      <Quantity>0.00</Quantity>
      <UnitOfMeasure>יחידה   </UnitOfMeasure>
      <bIsWeighted>0</bIsWeighted>
      <QtyInPackage>לא ידוע</QtyInPackage>
      <ItemPrice>36.90</ItemPrice>
      <UnitOfMeasurePrice>0.0000</UnitOfMeasurePrice>
      <AllowDiscount>1</AllowDiscount>
      <ItemStatus>1</ItemStatus>
      <ItemId>160820</ItemId>
    </Item>
    <Item>
      <PriceUpdateDate>2025-08-24 11:42:58</PriceUpdateDate>
      <ItemCode>7290012193125</ItemCode>
      <ItemType>1</ItemType>
      <ItemName>סוכרלוז מרמולייט 150</ItemName>
      <ManufacturerName>לא ידוע</ManufacturerName>
      <ManufactureCountry>לא ידוע</ManufactureCountry>
      <ManufacturerItemDescription>סוכרלוז מרמולייט 150</ManufacturerItemDescription>
      <UnitQty>לא ידוע</UnitQty>
      <Quantity>150.00</Quantity>
      <UnitOfMeasure>לא ידוע</UnitOfMeasure>
      <bIsWeighted>0</bIsWeighted>
      <QtyInPackage>לא ידוע</QtyInPackage>
      <ItemPrice>35.90</ItemPrice>
      <UnitOfMeasurePrice>0.2393</UnitOfMeasurePrice>
      <AllowDiscount>1</AllowDiscount>
      <ItemStatus>1</ItemStatus>
      <ItemId>160899</ItemId>
    </Item>
    <Item>
      <PriceUpdateDate>2025-08-24 11:42:59</PriceUpdateDate>
      <ItemCode>7290012803215</ItemCode>
      <ItemType>1</ItemType>
      <ItemName>וופל טוסו וופל בלגי</ItemName>
      <ManufacturerName>לא ידוע</ManufacturerName>
      <ManufactureCountry>לא ידוע</ManufactureCountry>
      <ManufacturerItemDescription>וופל טוסו וופל בלגי</ManufacturerItemDescription>
      <UnitQty>לא ידוע</UnitQty>
      <Quantity>200.00</Quantity>
      <UnitOfMeasure>לא ידוע</UnitOfMeasure>
      <bIsWeighted>0</bIsWeighted>
      <QtyInPackage>לא ידוע</QtyInPackage>
      <ItemPrice>12.90</ItemPrice>
      <UnitOfMeasurePrice>0.0645</UnitOfMeasurePrice>
      <AllowDiscount>1</AllowDiscount>
      <ItemStatus>1</ItemStatus>
      <ItemId>160924</ItemId>
    </Item>
    <Item>
      <PriceUpdateDate>2025-08-24 11:43:00</PriceUpdateDate>
      <ItemCode>7290014126343</ItemCode>
      <ItemType>1</ItemType>
      <ItemName>בישקוטים בונומי בטעם</ItemName>
      <ManufacturerName>לא ידוע</ManufacturerName>
      <ManufactureCountry>לא ידוע</ManufactureCountry>
      <ManufacturerItemDescription>בישקוטים בונומי בטעם</ManufacturerItemDescription>
      <UnitQty>לא ידוע</UnitQty>
      <Quantity>200.00</Quantity>
      <UnitOfMeasure>לא ידוע</UnitOfMeasure>
      <bIsWeighted>0</bIsWeighted>
      <QtyInPackage>לא ידוע</QtyInPackage>
      <ItemPrice>9.90</ItemPrice>
      <UnitOfMeasurePrice>0.0495</UnitOfMeasurePrice>
      <AllowDiscount>1</AllowDiscount>
      <ItemStatus>1</ItemStatus>
      <ItemId>160977</ItemId>
    </Item>
    <Item>
      <PriceUpdateDate>2025-09-08 08:00:56</PriceUpdateDate>
      <ItemCode>9322969000046</ItemCode>
      <ItemType>1</ItemType>
      <ItemName>פריכיות תירס עם שומש</ItemName>
      <ManufacturerName>לא ידוע</ManufacturerName>
      <ManufactureCountry>לא ידוע</ManufactureCountry>
      <ManufacturerItemDescription>פריכיות תירס עם שומש</ManufacturerItemDescription>
      <UnitQty>לא ידוע</UnitQty>
      <Quantity>150.00</Quantity>
      <UnitOfMeasure>לא ידוע</UnitOfMeasure>
      <bIsWeighted>0</bIsWeighted>
      <QtyInPackage>לא ידוע</QtyInPackage>
      <ItemPrice>16.90</ItemPrice>
      <UnitOfMeasurePrice>0.1127</UnitOfMeasurePrice>
      <AllowDiscount>1</AllowDiscount>
      <ItemStatus>1</ItemStatus>
      <ItemId>161071</ItemId>
    </Item>
    <Item>
      <PriceUpdateDate>2025-09-07 12:46:29</PriceUpdateDate>
      <ItemCode>8697431925143</ItemCode>
      <ItemType>1</ItemType>
      <ItemName>קונפיטורה פירות יער</ItemName>
      <ManufacturerName>לא ידוע</ManufacturerName>
      <ManufactureCountry>לא ידוע</ManufactureCountry>
      <ManufacturerItemDescription>קונפיטורה פירות יער</ManufacturerItemDescription>
      <UnitQty>לא ידוע</UnitQty>
      <Quantity>450.00</Quantity>
      <UnitOfMeasure>לא ידוע</UnitOfMeasure>
      <bIsWeighted>0</bIsWeighted>
      <QtyInPackage>לא ידוע</QtyInPackage>
      <ItemPrice>17.90</ItemPrice>
      <UnitOfMeasurePrice>0.0398</UnitOfMeasurePrice>
      <AllowDiscount>1</AllowDiscount>
      <ItemStatus>1</ItemStatus>
      <ItemId>215164</ItemId>
    </Item>
    <Item>
      <PriceUpdateDate>2025-08-20 11:44:26</PriceUpdateDate>
      <ItemCode>7290000498256</ItemCode>
      <ItemType>1</ItemType>
      <ItemName>מארז 10יח לחמניות בר</ItemName>
      <ManufacturerName>לא ידוע</ManufacturerName>
      <ManufactureCountry>לא ידוע</ManufactureCountry>
      <ManufacturerItemDescription>מארז 10יח לחמניות בר</ManufacturerItemDescription>
      <UnitQty>יחידה   </UnitQty>
      <Quantity>0.00</Quantity>
      <UnitOfMeasure>יחידה   </UnitOfMeasure>
      <bIsWeighted>0</bIsWeighted>
      <QtyInPackage>לא ידוע</QtyInPackage>
      <ItemPrice>15.90</ItemPrice>
      <UnitOfMeasurePrice>0.0000</UnitOfMeasurePrice>
      <AllowDiscount>1</AllowDiscount>
      <ItemStatus>1</ItemStatus>
      <ItemId>204662</ItemId>
    </Item>
    <Item>
      <PriceUpdateDate>2025-09-03 14:42:26</PriceUpdateDate>
      <ItemCode>5941021000639</ItemCode>
      <ItemType>1</ItemType>
      <ItemName>שוקולד היידי גראנדור</ItemName>
      <ManufacturerName>לא ידוע</ManufacturerName>
      <ManufactureCountry>לא ידוע</ManufactureCountry>
      <ManufacturerItemDescription>שוקולד היידי גראנדור</ManufacturerItemDescription>
      <UnitQty>לא ידוע</UnitQty>
      <Quantity>100.00</Quantity>
      <UnitOfMeasure>לא ידוע</UnitOfMeasure>
      <bIsWeighted>0</bIsWeighted>
      <QtyInPackage>לא ידוע</QtyInPackage>
      <ItemPrice>13.90</ItemPrice>
      <UnitOfMeasurePrice>0.1390</UnitOfMeasurePrice>
      <AllowDiscount>1</AllowDiscount>
      <ItemStatus>1</ItemStatus>
      <ItemId>161489</ItemId>
    </Item>
    <Item>
      <PriceUpdateDate>2025-09-03 14:15:03</PriceUpdateDate>
      <ItemCode>5941021005122</ItemCode>
      <ItemType>1</ItemType>
      <ItemName>שוקולד היידי גראנדור</ItemName>
      <ManufacturerName>לא ידוע</ManufacturerName>
      <ManufactureCountry>לא ידוע</ManufactureCountry>
      <ManufacturerItemDescription>שוקולד היידי גראנדור</ManufacturerItemDescription>
      <UnitQty>לא ידוע</UnitQty>
      <Quantity>80.00</Quantity>
      <UnitOfMeasure>לא ידוע</UnitOfMeasure>
      <bIsWeighted>0</bIsWeighted>
      <QtyInPackage>לא ידוע</QtyInPackage>
      <ItemPrice>13.90</ItemPrice>
      <UnitOfMeasurePrice>0.1738</UnitOfMeasurePrice>
      <AllowDiscount>1</AllowDiscount>
      <ItemStatus>1</ItemStatus>
      <ItemId>161499</ItemId>
    </Item>
    <Item>
      <PriceUpdateDate>2025-09-03 13:37:40</PriceUpdateDate>
      <ItemCode>72909768</ItemCode>
      <ItemType>1</ItemType>
      <ItemName>פסק זמן פור פליי 40ג</ItemName>
      <ManufacturerName>קריות זול</ManufacturerName>
      <ManufactureCountry>לא ידוע</ManufactureCountry>
      <ManufacturerItemDescription>פסק זמן פור פליי 40ג</ManufacturerItemDescription>
      <UnitQty>לא ידוע</UnitQty>
      <Quantity>40.00</Quantity>
      <UnitOfMeasure>לא ידוע</UnitOfMeasure>
      <bIsWeighted>0</bIsWeighted>
      <QtyInPackage>לא ידוע</QtyInPackage>
      <ItemPrice>6.50</ItemPrice>
      <UnitOfMeasurePrice>0.1625</UnitOfMeasurePrice>
      <AllowDiscount>1</AllowDiscount>
      <ItemStatus>1</ItemStatus>
      <ItemId>161538</ItemId>
    </Item>
    <Item>
      <PriceUpdateDate>2025-09-02 11:46:27</PriceUpdateDate>
      <ItemCode>72917329</ItemCode>
      <ItemType>1</ItemType>
      <ItemName>אגוזי 45גר</ItemName>
      <ManufacturerName>קריות זול</ManufacturerName>
      <ManufactureCountry>לא ידוע</ManufactureCountry>
      <ManufacturerItemDescription>אגוזי 45גר</ManufacturerItemDescription>
      <UnitQty>לא ידוע</UnitQty>
      <Quantity>45.00</Quantity>
      <UnitOfMeasure>לא ידוע</UnitOfMeasure>
      <bIsWeighted>0</bIsWeighted>
      <QtyInPackage>לא ידוע</QtyInPackage>
      <ItemPrice>5.50</ItemPrice>
      <UnitOfMeasurePrice>0.1222</UnitOfMeasurePrice>
      <AllowDiscount>1</AllowDiscount>
      <ItemStatus>1</ItemStatus>
      <ItemId>161541</ItemId>
    </Item>
    <Item>
      <PriceUpdateDate>2025-09-03 13:37:40</PriceUpdateDate>
      <ItemCode>72917367</ItemCode>
      <ItemType>1</ItemType>
      <ItemName>טעמי 40 גרם</ItemName>
      <ManufacturerName>קריות זול</ManufacturerName>
      <ManufactureCountry>לא ידוע</ManufactureCountry>
      <ManufacturerItemDescription>טעמי 40 גרם</ManufacturerItemDescription>
      <UnitQty>לא ידוע</UnitQty>
      <Quantity>40.00</Quantity>
      <UnitOfMeasure>לא ידוע</UnitOfMeasure>
      <bIsWeighted>0</bIsWeighted>
      <QtyInPackage>לא ידוע</QtyInPackage>
      <ItemPrice>5.50</ItemPrice>
      <UnitOfMeasurePrice>0.1375</UnitOfMeasurePrice>
      <AllowDiscount>1</AllowDiscount>
      <ItemStatus>1</ItemStatus>
      <ItemId>161542</ItemId>
    </Item>
    <Item>
      <PriceUpdateDate>2025-09-03 13:37:41</PriceUpdateDate>
      <ItemCode>72918388</ItemCode>
      <ItemType>1</ItemType>
      <ItemName>טוויסט 28גר</ItemName>
      <ManufacturerName>קריות זול</ManufacturerName>
      <ManufactureCountry>לא ידוע</ManufactureCountry>
      <ManufacturerItemDescription>טוויסט 28גר</ManufacturerItemDescription>
      <UnitQty>לא ידוע</UnitQty>
      <Quantity>28.00</Quantity>
      <UnitOfMeasure>לא ידוע</UnitOfMeasure>
      <bIsWeighted>0</bIsWeighted>
      <QtyInPackage>לא ידוע</QtyInPackage>
      <ItemPrice>5.50</ItemPrice>
      <UnitOfMeasurePrice>0.1964</UnitOfMeasurePrice>
      <AllowDiscount>1</AllowDiscount>
      <ItemStatus>1</ItemStatus>
      <ItemId>161548</ItemId>
    </Item>
    <Item>
      <PriceUpdateDate>2025-09-03 13:37:41</PriceUpdateDate>
      <ItemCode>72991008</ItemCode>
      <ItemType>1</ItemType>
      <ItemName>פסק זמן חלב מגדים 45</ItemName>
      <ManufacturerName>לא ידוע</ManufacturerName>
      <ManufactureCountry>לא ידוע</ManufactureCountry>
      <ManufacturerItemDescription>פסק זמן חלב מגדים 45</ManufacturerItemDescription>
      <UnitQty>לא ידוע</UnitQty>
      <Quantity>45.00</Quantity>
      <UnitOfMeasure>לא ידוע</UnitOfMeasure>
      <bIsWeighted>0</bIsWeighted>
      <QtyInPackage>לא ידוע</QtyInPackage>
      <ItemPrice>6.50</ItemPrice>
      <UnitOfMeasurePrice>0.1444</UnitOfMeasurePrice>
      <AllowDiscount>1</AllowDiscount>
      <ItemStatus>1</ItemStatus>
      <ItemId>161553</ItemId>
    </Item>
    <Item>
      <PriceUpdateDate>2025-08-26 16:15:55</PriceUpdateDate>
      <ItemCode>7290000065977</ItemCode>
      <ItemType>1</ItemType>
      <ItemName>חטיפי פריכונים תירס</ItemName>
      <ManufacturerName>לא ידוע</ManufacturerName>
      <ManufactureCountry>לא ידוע</ManufactureCountry>
      <ManufacturerItemDescription>חטיפי פריכונים תירס</ManufacturerItemDescription>
      <UnitQty>לא ידוע</UnitQty>
      <Quantity>80.00</Quantity>
      <UnitOfMeasure>לא ידוע</UnitOfMeasure>
      <bIsWeighted>0</bIsWeighted>
      <QtyInPackage>לא ידוע</QtyInPackage>
      <ItemPrice>10.50</ItemPrice>
      <UnitOfMeasurePrice>0.1313</UnitOfMeasurePrice>
      <AllowDiscount>1</AllowDiscount>
      <ItemStatus>1</ItemStatus>
      <ItemId>215177</ItemId>
    </Item>
    <Item>
      <PriceUpdateDate>2025-09-03 13:37:42</PriceUpdateDate>
      <ItemCode>77245110610</ItemCode>
      <ItemType>1</ItemType>
      <ItemName>סוכריות מאסט מנטה על</ItemName>
      <ManufacturerName>קריות זול</ManufacturerName>
      <ManufactureCountry>לא ידוע</ManufactureCountry>
      <ManufacturerItemDescription>סוכריות מאסט מנטה על</ManufacturerItemDescription>
      <UnitQty>לא ידוע</UnitQty>
      <Quantity>80.00</Quantity>
      <UnitOfMeasure>לא ידוע</UnitOfMeasure>
      <bIsWeighted>0</bIsWeighted>
      <QtyInPackage>לא ידוע</QtyInPackage>
      <ItemPrice>10.50</ItemPrice>
      <UnitOfMeasurePrice>0.1313</UnitOfMeasurePrice>
      <AllowDiscount>1</AllowDiscount>
      <ItemStatus>1</ItemStatus>
      <ItemId>161581</ItemId>
    </Item>
    <Item>
      <PriceUpdateDate>2025-08-26 10:49:41</PriceUpdateDate>
      <ItemCode>7290000170053</ItemCode>
      <ItemType>1</ItemType>
      <ItemName>שוקולד פרה חלב 100גר</ItemName>
      <ManufacturerName>קריות זול</ManufacturerName>
      <ManufactureCountry>לא ידוע</ManufactureCountry>
      <ManufacturerItemDescription>שוקולד פרה חלב 100גר</ManufacturerItemDescription>
      <UnitQty>לא ידוע</UnitQty>
      <Quantity>100.00</Quantity>
      <UnitOfMeasure>לא ידוע</UnitOfMeasure>
      <bIsWeighted>0</bIsWeighted>
      <QtyInPackage>לא ידוע</QtyInPackage>
      <ItemPrice>9.50</ItemPrice>
      <UnitOfMeasurePrice>0.0950</UnitOfMeasurePrice>
      <AllowDiscount>1</AllowDiscount>
      <ItemStatus>1</ItemStatus>
      <ItemId>161615</ItemId>
    </Item>
    <Item>
      <PriceUpdateDate>2025-08-26 10:49:45</PriceUpdateDate>
      <ItemCode>7290000170077</ItemCode>
      <ItemType>1</ItemType>
      <ItemName>שוקולד פרה מריר 100ג</ItemName>
      <ManufacturerName>קריות זול</ManufacturerName>
      <ManufactureCountry>לא ידוע</ManufactureCountry>
      <ManufacturerItemDescription>שוקולד פרה מריר 100ג</ManufacturerItemDescription>
      <UnitQty>לא ידוע</UnitQty>
      <Quantity>100.00</Quantity>
      <UnitOfMeasure>לא ידוע</UnitOfMeasure>
      <bIsWeighted>0</bIsWeighted>
      <QtyInPackage>לא ידוע</QtyInPackage>
      <ItemPrice>9.50</ItemPrice>
      <UnitOfMeasurePrice>0.0950</UnitOfMeasurePrice>
      <AllowDiscount>1</AllowDiscount>
      <ItemStatus>1</ItemStatus>
      <ItemId>161616</ItemId>
    </Item>
    <Item>
      <PriceUpdateDate>2025-08-26 10:49:49</PriceUpdateDate>
      <ItemCode>7290000174099</ItemCode>
      <ItemType>1</ItemType>
      <ItemName>בפלות שוקולד 500 גרם</ItemName>
      <ManufacturerName>קריות זול</ManufacturerName>
      <ManufactureCountry>לא ידוע</ManufactureCountry>
      <ManufacturerItemDescription>בפלות שוקולד 500 גרם</ManufacturerItemDescription>
      <UnitQty>לא ידוע</UnitQty>
      <Quantity>500.00</Quantity>
      <UnitOfMeasure>לא ידוע</UnitOfMeasure>
      <bIsWeighted>0</bIsWeighted>
      <QtyInPackage>לא ידוע</QtyInPackage>
      <ItemPrice>18.90</ItemPrice>
      <UnitOfMeasurePrice>0.0378</UnitOfMeasurePrice>
      <AllowDiscount>1</AllowDiscount>
      <ItemStatus>1</ItemStatus>
      <ItemId>161628</ItemId>
    </Item>
    <Item>
      <PriceUpdateDate>2025-08-26 10:49:52</PriceUpdateDate>
      <ItemCode>7290000174723</ItemCode>
      <ItemType>1</ItemType>
      <ItemName>שוקולית אבקת שוקו על</ItemName>
      <ManufacturerName>קריות זול</ManufacturerName>
      <ManufactureCountry>לא ידוע</ManufactureCountry>
      <ManufacturerItemDescription>שוקולית אבקת שוקו על</ManufacturerItemDescription>
      <UnitQty>לא ידוע</UnitQty>
      <Quantity>500.00</Quantity>
      <UnitOfMeasure>לא ידוע</UnitOfMeasure>
      <bIsWeighted>0</bIsWeighted>
      <QtyInPackage>לא ידוע</QtyInPackage>
      <ItemPrice>17.90</ItemPrice>
      <UnitOfMeasurePrice>0.0358</UnitOfMeasurePrice>
      <AllowDiscount>1</AllowDiscount>
      <ItemStatus>1</ItemStatus>
      <ItemId>161629</ItemId>
    </Item>
    <Item>
      <PriceUpdateDate>2025-08-26 10:49:52</PriceUpdateDate>
      <ItemCode>7290000176062</ItemCode>
      <ItemType>1</ItemType>
      <ItemName>קפה טורקי עלית 100 ג</ItemName>
      <ManufacturerName>קריות זול</ManufacturerName>
      <ManufactureCountry>לא ידוע</ManufactureCountry>
      <ManufacturerItemDescription>קפה טורקי עלית 100 ג</ManufacturerItemDescription>
      <UnitQty>לא ידוע</UnitQty>
      <Quantity>100.00</Quantity>
      <UnitOfMeasure>לא ידוע</UnitOfMeasure>
      <bIsWeighted>0</bIsWeighted>
      <QtyInPackage>לא ידוע</QtyInPackage>
      <ItemPrice>11.90</ItemPrice>
      <UnitOfMeasurePrice>0.1190</UnitOfMeasurePrice>
      <AllowDiscount>1</AllowDiscount>
      <ItemStatus>1</ItemStatus>
      <ItemId>161636</ItemId>
    </Item>
    <Item>
      <PriceUpdateDate>2025-08-26 10:49:54</PriceUpdateDate>
      <ItemCode>7290000176079</ItemCode>
      <ItemType>1</ItemType>
      <ItemName>קפה טורקי עם הל עלית</ItemName>
      <ManufacturerName>קריות זול</ManufacturerName>
      <ManufactureCountry>לא ידוע</ManufactureCountry>
      <ManufacturerItemDescription>קפה טורקי עם הל עלית</ManufacturerItemDescription>
      <UnitQty>לא ידוע</UnitQty>
      <Quantity>100.00</Quantity>
      <UnitOfMeasure>לא ידוע</UnitOfMeasure>
      <bIsWeighted>0</bIsWeighted>
      <QtyInPackage>לא ידוע</QtyInPackage>
      <ItemPrice>12.50</ItemPrice>
      <UnitOfMeasurePrice>0.1250</UnitOfMeasurePrice>
      <AllowDiscount>1</AllowDiscount>
      <ItemStatus>1</ItemStatus>
      <ItemId>161637</ItemId>
    </Item>
    <Item>
      <PriceUpdateDate>2025-08-26 10:49:59</PriceUpdateDate>
      <ItemCode>7290000176413</ItemCode>
      <ItemType>1</ItemType>
      <ItemName>קפה נמס עלית 50 גרם</ItemName>
      <ManufacturerName>קריות זול</ManufacturerName>
      <ManufactureCountry>לא ידוע</ManufactureCountry>
      <ManufacturerItemDescription>קפה נמס עלית 50 גרם</ManufacturerItemDescription>
      <UnitQty>לא ידוע</UnitQty>
      <Quantity>50.00</Quantity>
      <UnitOfMeasure>לא ידוע</UnitOfMeasure>
      <bIsWeighted>0</bIsWeighted>
      <QtyInPackage>לא ידוע</QtyInPackage>
      <ItemPrice>13.90</ItemPrice>
      <UnitOfMeasurePrice>0.2780</UnitOfMeasurePrice>
      <AllowDiscount>1</AllowDiscount>
      <ItemStatus>1</ItemStatus>
      <ItemId>161643</ItemId>
    </Item>
    <Item>
      <PriceUpdateDate>2025-11-02 11:35:43</PriceUpdateDate>
      <ItemCode>7290000176420</ItemCode>
      <ItemType>1</ItemType>
      <ItemName>קפה נמס עלית 200 גרם</ItemName>
      <ManufacturerName>קריות זול</ManufacturerName>
      <ManufactureCountry>לא ידוע</ManufactureCountry>
      <ManufacturerItemDescription>קפה נמס עלית 200 גרם</ManufacturerItemDescription>
      <UnitQty>לא ידוע</UnitQty>
      <Quantity>200.00</Quantity>
      <UnitOfMeasure>לא ידוע</UnitOfMeasure>
      <bIsWeighted>0</bIsWeighted>
      <QtyInPackage>לא ידוע</QtyInPackage>
      <ItemPrice>26.90</ItemPrice>
      <UnitOfMeasurePrice>0.1345</UnitOfMeasurePrice>
      <AllowDiscount>1</AllowDiscount>
      <ItemStatus>1</ItemStatus>
      <ItemId>161644</ItemId>
    </Item>
    <Item>
      <PriceUpdateDate>2025-08-26 10:50:00</PriceUpdateDate>
      <ItemCode>7290000176475</ItemCode>
      <ItemType>1</ItemType>
      <ItemName>האג קפה נטול קפאין 2</ItemName>
      <ManufacturerName>קריות זול</ManufacturerName>
      <ManufactureCountry>לא ידוע</ManufactureCountry>
      <ManufacturerItemDescription>האג קפה נטול קפאין 2</ManufacturerItemDescription>
      <UnitQty>לא ידוע</UnitQty>
      <Quantity>200.00</Quantity>
      <UnitOfMeasure>לא ידוע</UnitOfMeasure>
      <bIsWeighted>0</bIsWeighted>
      <QtyInPackage>לא ידוע</QtyInPackage>
      <ItemPrice>43.90</ItemPrice>
      <UnitOfMeasurePrice>0.2195</UnitOfMeasurePrice>
      <AllowDiscount>1</AllowDiscount>
      <ItemStatus>1</ItemStatus>
      <ItemId>161646</ItemId>
    </Item>
    <Item>
      <PriceUpdateDate>2025-08-26 10:50:06</PriceUpdateDate>
      <ItemCode>7290000180212</ItemCode>
      <ItemType>1</ItemType>
      <ItemName>שוקולד פרה מריר עם א</ItemName>
      <ManufacturerName>קריות זול</ManufacturerName>
      <ManufactureCountry>לא ידוע</ManufactureCountry>
      <ManufacturerItemDescription>שוקולד פרה מריר עם א</ManufacturerItemDescription>
      <UnitQty>לא ידוע</UnitQty>
      <Quantity>100.00</Quantity>
      <UnitOfMeasure>לא ידוע</UnitOfMeasure>
      <bIsWeighted>0</bIsWeighted>
      <QtyInPackage>לא ידוע</QtyInPackage>
      <ItemPrice>9.50</ItemPrice>
      <UnitOfMeasurePrice>0.0950</UnitOfMeasurePrice>
      <AllowDiscount>1</AllowDiscount>
      <ItemStatus>1</ItemStatus>
      <ItemId>161654</ItemId>
    </Item>
    <Item>
      <PriceUpdateDate>2025-08-26 10:50:06</PriceUpdateDate>
      <ItemCode>7290000181103</ItemCode>
      <ItemType>1</ItemType>
      <ItemName>עד חצות ביסקוויט פרי</ItemName>
      <ManufacturerName>קריות זול</ManufacturerName>
      <ManufactureCountry>לא ידוע</ManufactureCountry>
      <ManufacturerItemDescription>עד חצות ביסקוויט פרי</ManufacturerItemDescription>
      <UnitQty>לא ידוע</UnitQty>
      <Quantity>200.00</Quantity>
      <UnitOfMeasure>לא ידוע</UnitOfMeasure>
      <bIsWeighted>0</bIsWeighted>
      <QtyInPackage>לא ידוע</QtyInPackage>
      <ItemPrice>18.90</ItemPrice>
      <UnitOfMeasurePrice>0.0945</UnitOfMeasurePrice>
      <AllowDiscount>1</AllowDiscount>
      <ItemStatus>1</ItemStatus>
      <ItemId>161655</ItemId>
    </Item>
    <Item>
      <PriceUpdateDate>2025-08-26 10:50:09</PriceUpdateDate>
      <ItemCode>7290000504025</ItemCode>
      <ItemType>1</ItemType>
      <ItemName>סוכרזית פטריה 300 טב</ItemName>
      <ManufacturerName>קריות זול</ManufacturerName>
      <ManufactureCountry>לא ידוע</ManufactureCountry>
      <ManufacturerItemDescription>סוכרזית פטריה 300 טב</ManufacturerItemDescription>
      <UnitQty>לא ידוע</UnitQty>
      <Quantity>300.00</Quantity>
      <UnitOfMeasure>לא ידוע</UnitOfMeasure>
      <bIsWeighted>0</bIsWeighted>
      <QtyInPackage>לא ידוע</QtyInPackage>
      <ItemPrice>11.90</ItemPrice>
      <UnitOfMeasurePrice>0.0397</UnitOfMeasurePrice>
      <AllowDiscount>1</AllowDiscount>
      <ItemStatus>1</ItemStatus>
      <ItemId>161683</ItemId>
    </Item>
    <Item>
      <PriceUpdateDate>2025-08-26 10:50:10</PriceUpdateDate>
      <ItemCode>7290000504049</ItemCode>
      <ItemType>1</ItemType>
      <ItemName>סוכרזית קנקן 1200 טב</ItemName>
      <ManufacturerName>קריות זול</ManufacturerName>
      <ManufactureCountry>לא ידוע</ManufactureCountry>
      <ManufacturerItemDescription>סוכרזית קנקן 1200 טב</ManufacturerItemDescription>
      <UnitQty>לא ידוע</UnitQty>
      <Quantity>1200.00</Quantity>
      <UnitOfMeasure>לא ידוע</UnitOfMeasure>
      <bIsWeighted>0</bIsWeighted>
      <QtyInPackage>לא ידוע</QtyInPackage>
      <ItemPrice>29.90</ItemPrice>
      <UnitOfMeasurePrice>0.0249</UnitOfMeasurePrice>
      <AllowDiscount>1</AllowDiscount>
      <ItemStatus>1</ItemStatus>
      <ItemId>161685</ItemId>
    </Item>
    <Item>
      <PriceUpdateDate>2025-08-26 10:50:11</PriceUpdateDate>
      <ItemCode>7290000504278</ItemCode>
      <ItemType>1</ItemType>
      <ItemName>סוכרזית פטנט 700 יחי</ItemName>
      <ManufacturerName>קריות זול</ManufacturerName>
      <ManufactureCountry>לא ידוע</ManufactureCountry>
      <ManufacturerItemDescription>סוכרזית פטנט 700 יחי</ManufacturerItemDescription>
      <UnitQty>לא ידוע</UnitQty>
      <Quantity>700.00</Quantity>
      <UnitOfMeasure>לא ידוע</UnitOfMeasure>
      <bIsWeighted>0</bIsWeighted>
      <QtyInPackage>לא ידוע</QtyInPackage>
      <ItemPrice>17.90</ItemPrice>
      <UnitOfMeasurePrice>0.0256</UnitOfMeasurePrice>
      <AllowDiscount>1</AllowDiscount>
      <ItemStatus>1</ItemStatus>
      <ItemId>161688</ItemId>
    </Item>
    <Item>
      <PriceUpdateDate>2025-08-26 10:50:16</PriceUpdateDate>
      <ItemCode>7290002130567</ItemCode>
      <ItemType>1</ItemType>
      <ItemName>דבש טהור יד מרדכי 35</ItemName>
      <ManufacturerName>קריות זול</ManufacturerName>
      <ManufactureCountry>לא ידוע</ManufactureCountry>
      <ManufacturerItemDescription>דבש טהור יד מרדכי 35</ManufacturerItemDescription>
      <UnitQty>לא ידוע</UnitQty>
      <Quantity>350.00</Quantity>
      <UnitOfMeasure>לא ידוע</UnitOfMeasure>
      <bIsWeighted>0</bIsWeighted>
      <QtyInPackage>לא ידוע</QtyInPackage>
      <ItemPrice>21.90</ItemPrice>
      <UnitOfMeasurePrice>0.0626</UnitOfMeasurePrice>
      <AllowDiscount>1</AllowDiscount>
      <ItemStatus>1</ItemStatus>
      <ItemId>161718</ItemId>
    </Item>
    <Item>
      <PriceUpdateDate>2025-08-26 10:50:17</PriceUpdateDate>
      <ItemCode>7290002130581</ItemCode>
      <ItemType>1</ItemType>
      <ItemName>דבש טהור מפרחי בר בז</ItemName>
      <ManufacturerName>קריות זול</ManufacturerName>
      <ManufactureCountry>לא ידוע</ManufactureCountry>
      <ManufacturerItemDescription>דבש טהור מפרחי בר בז</ManufacturerItemDescription>
      <UnitQty>לא ידוע</UnitQty>
      <Quantity>1000.00</Quantity>
      <UnitOfMeasure>לא ידוע</UnitOfMeasure>
      <bIsWeighted>0</bIsWeighted>
      <QtyInPackage>לא ידוע</QtyInPackage>
      <ItemPrice>49.90</ItemPrice>
      <UnitOfMeasurePrice>0.0499</UnitOfMeasurePrice>
      <AllowDiscount>1</AllowDiscount>
      <ItemStatus>1</ItemStatus>
      <ItemId>161720</ItemId>
    </Item>
    <Item>
      <PriceUpdateDate>2025-08-26 10:50:18</PriceUpdateDate>
      <ItemCode>7290003903955</ItemCode>
      <ItemType>1</ItemType>
      <ItemName>שוקולד פרה במילוי קר</ItemName>
      <ManufacturerName>קריות זול</ManufacturerName>
      <ManufactureCountry>לא ידוע</ManufactureCountry>
      <ManufacturerItemDescription>שוקולד פרה במילוי קר</ManufacturerItemDescription>
      <UnitQty>לא ידוע</UnitQty>
      <Quantity>100.00</Quantity>
      <UnitOfMeasure>לא ידוע</UnitOfMeasure>
      <bIsWeighted>0</bIsWeighted>
      <QtyInPackage>לא ידוע</QtyInPackage>
      <ItemPrice>9.50</ItemPrice>
      <UnitOfMeasurePrice>0.0950</UnitOfMeasurePrice>
      <AllowDiscount>1</AllowDiscount>
      <ItemStatus>1</ItemStatus>
      <ItemId>161757</ItemId>
    </Item>
    <Item>
      <PriceUpdateDate>2025-07-01 16:32:21</PriceUpdateDate>
      <ItemCode>7290000071008</ItemCode>
      <ItemType>1</ItemType>
      <ItemName>בייגלה שטוחים מלח אס</ItemName>
      <ManufacturerName>לא ידוע</ManufacturerName>
      <ManufactureCountry>לא ידוע</ManufactureCountry>
      <ManufacturerItemDescription>בייגלה שטוחים מלח אס</ManufacturerItemDescription>
      <UnitQty>לא ידוע</UnitQty>
      <Quantity>60.00</Quantity>
      <UnitOfMeasure>לא ידוע</UnitOfMeasure>
      <bIsWeighted>0</bIsWeighted>
      <QtyInPackage>לא ידוע</QtyInPackage>
      <ItemPrice>5.90</ItemPrice>
      <UnitOfMeasurePrice>0.0983</UnitOfMeasurePrice>
      <AllowDiscount>1</AllowDiscount>
      <ItemStatus>1</ItemStatus>
      <ItemId>215182</ItemId>
    </Item>
    <Item>
      <PriceUpdateDate>2025-08-26 10:50:23</PriceUpdateDate>
      <ItemCode>7290005197758</ItemCode>
      <ItemType>1</ItemType>
      <ItemName>עוגיות חיוכים שוקו 1</ItemName>
      <ManufacturerName>קריות זול</ManufacturerName>
      <ManufactureCountry>לא ידוע</ManufactureCountry>
      <ManufacturerItemDescription>עוגיות חיוכים שוקו 1</ManufacturerItemDescription>
      <UnitQty>לא ידוע</UnitQty>
      <Quantity>150.00</Quantity>
      <UnitOfMeasure>לא ידוע</UnitOfMeasure>
      <bIsWeighted>0</bIsWeighted>
      <QtyInPackage>לא ידוע</QtyInPackage>
      <ItemPrice>7.90</ItemPrice>
      <UnitOfMeasurePrice>0.0527</UnitOfMeasurePrice>
      <AllowDiscount>1</AllowDiscount>
      <ItemStatus>1</ItemStatus>
      <ItemId>161773</ItemId>
    </Item>
    <Item>
      <PriceUpdateDate>2025-08-26 10:50:33</PriceUpdateDate>
      <ItemCode>7290005591761</ItemCode>
      <ItemType>1</ItemType>
      <ItemName>דבש טהור מפרחי בר בל</ItemName>
      <ManufacturerName>קריות זול</ManufacturerName>
      <ManufactureCountry>לא ידוע</ManufactureCountry>
      <ManufacturerItemDescription>דבש טהור מפרחי בר בל</ManufacturerItemDescription>
      <UnitQty>לא ידוע</UnitQty>
      <Quantity>400.00</Quantity>
      <UnitOfMeasure>לא ידוע</UnitOfMeasure>
      <bIsWeighted>0</bIsWeighted>
      <QtyInPackage>לא ידוע</QtyInPackage>
      <ItemPrice>23.90</ItemPrice>
      <UnitOfMeasurePrice>0.0597</UnitOfMeasurePrice>
      <AllowDiscount>1</AllowDiscount>
      <ItemStatus>1</ItemStatus>
      <ItemId>161799</ItemId>
    </Item>
    <Item>
      <PriceUpdateDate>2025-08-26 10:50:36</PriceUpdateDate>
      <ItemCode>7290006374738</ItemCode>
      <ItemType>1</ItemType>
      <ItemName>קונפיטורת תות יד מרד</ItemName>
      <ManufacturerName>קריות זול</ManufacturerName>
      <ManufactureCountry>לא ידוע</ManufactureCountry>
      <ManufacturerItemDescription>קונפיטורת תות יד מרד</ManufacturerItemDescription>
      <UnitQty>לא ידוע</UnitQty>
      <Quantity>340.00</Quantity>
      <UnitOfMeasure>לא ידוע</UnitOfMeasure>
      <bIsWeighted>0</bIsWeighted>
      <QtyInPackage>לא ידוע</QtyInPackage>
      <ItemPrice>18.90</ItemPrice>
      <UnitOfMeasurePrice>0.0556</UnitOfMeasurePrice>
      <AllowDiscount>1</AllowDiscount>
      <ItemStatus>1</ItemStatus>
      <ItemId>161819</ItemId>
    </Item>
    <Item>
      <PriceUpdateDate>2025-08-26 10:50:37</PriceUpdateDate>
      <ItemCode>7290008745345</ItemCode>
      <ItemType>1</ItemType>
      <ItemName>ממרח בטעם שוקולד מגד</ItemName>
      <ManufacturerName>לא ידוע</ManufacturerName>
      <ManufactureCountry>לא ידוע</ManufactureCountry>
      <ManufacturerItemDescription>ממרח בטעם שוקולד מגד</ManufacturerItemDescription>
      <UnitQty>לא ידוע</UnitQty>
      <Quantity>500.00</Quantity>
      <UnitOfMeasure>לא ידוע</UnitOfMeasure>
      <bIsWeighted>0</bIsWeighted>
      <QtyInPackage>לא ידוע</QtyInPackage>
      <ItemPrice>17.50</ItemPrice>
      <UnitOfMeasurePrice>0.0350</UnitOfMeasurePrice>
      <AllowDiscount>1</AllowDiscount>
      <ItemStatus>1</ItemStatus>
      <ItemId>161863</ItemId>
    </Item>
    <Item>
      <PriceUpdateDate>2025-08-26 10:50:43</PriceUpdateDate>
      <ItemCode>7290008748384</ItemCode>
      <ItemType>1</ItemType>
      <ItemName>שוקולד מריר 70% ספלנ</ItemName>
      <ManufacturerName>קריות זול</ManufacturerName>
      <ManufactureCountry>לא ידוע</ManufactureCountry>
      <ManufacturerItemDescription>שוקולד מריר 70% ספלנ</ManufacturerItemDescription>
      <UnitQty>לא ידוע</UnitQty>
      <Quantity>100.00</Quantity>
      <UnitOfMeasure>לא ידוע</UnitOfMeasure>
      <bIsWeighted>0</bIsWeighted>
      <QtyInPackage>לא ידוע</QtyInPackage>
      <ItemPrice>16.90</ItemPrice>
      <UnitOfMeasurePrice>0.1690</UnitOfMeasurePrice>
      <AllowDiscount>1</AllowDiscount>
      <ItemStatus>1</ItemStatus>
      <ItemId>161869</ItemId>
    </Item>
    <Item>
      <PriceUpdateDate>2025-08-26 10:51:06</PriceUpdateDate>
      <ItemCode>7290010116348</ItemCode>
      <ItemType>1</ItemType>
      <ItemName>מיקס מעורב 390 גרם מ</ItemName>
      <ManufacturerName>לא ידוע</ManufacturerName>
      <ManufactureCountry>לא ידוע</ManufactureCountry>
      <ManufacturerItemDescription>מיקס מעורב 390 גרם מ</ManufacturerItemDescription>
      <UnitQty>לא ידוע</UnitQty>
      <Quantity>390.00</Quantity>
      <UnitOfMeasure>לא ידוע</UnitOfMeasure>
      <bIsWeighted>0</bIsWeighted>
      <QtyInPackage>לא ידוע</QtyInPackage>
      <ItemPrice>35.90</ItemPrice>
      <UnitOfMeasurePrice>0.0921</UnitOfMeasurePrice>
      <AllowDiscount>1</AllowDiscount>
      <ItemStatus>1</ItemStatus>
      <ItemId>161908</ItemId>
    </Item>
    <Item>
      <PriceUpdateDate>2025-08-21 09:58:44</PriceUpdateDate>
      <ItemCode>7290010116355</ItemCode>
      <ItemType>1</ItemType>
      <ItemName>פסק זמן מיני מגדים 3</ItemName>
      <ManufacturerName>לא ידוע</ManufacturerName>
      <ManufactureCountry>לא ידוע</ManufactureCountry>
      <ManufacturerItemDescription>פסק זמן מיני מגדים 3</ManufacturerItemDescription>
      <UnitQty>לא ידוע</UnitQty>
      <Quantity>390.00</Quantity>
      <UnitOfMeasure>לא ידוע</UnitOfMeasure>
      <bIsWeighted>0</bIsWeighted>
      <QtyInPackage>לא ידוע</QtyInPackage>
      <ItemPrice>35.90</ItemPrice>
      <UnitOfMeasurePrice>0.0921</UnitOfMeasurePrice>
      <AllowDiscount>1</AllowDiscount>
      <ItemStatus>1</ItemStatus>
      <ItemId>161909</ItemId>
    </Item>
    <Item>
      <PriceUpdateDate>2025-08-26 10:51:07</PriceUpdateDate>
      <ItemCode>7290010116980</ItemCode>
      <ItemType>1</ItemType>
      <ItemName>שוקולית עלית 850גר</ItemName>
      <ManufacturerName>קריות זול</ManufacturerName>
      <ManufactureCountry>לא ידוע</ManufactureCountry>
      <ManufacturerItemDescription>שוקולית עלית 850גר</ManufacturerItemDescription>
      <UnitQty>לא ידוע</UnitQty>
      <Quantity>820.00</Quantity>
      <UnitOfMeasure>לא ידוע</UnitOfMeasure>
      <bIsWeighted>0</bIsWeighted>
      <QtyInPackage>לא ידוע</QtyInPackage>
      <ItemPrice>23.90</ItemPrice>
      <UnitOfMeasurePrice>0.0291</UnitOfMeasurePrice>
      <AllowDiscount>1</AllowDiscount>
      <ItemStatus>1</ItemStatus>
      <ItemId>161915</ItemId>
    </Item>
    <Item>
      <PriceUpdateDate>2025-08-26 10:51:11</PriceUpdateDate>
      <ItemCode>7290011435226</ItemCode>
      <ItemType>1</ItemType>
      <ItemName>דבש מפרחי בר לחיץ 65</ItemName>
      <ManufacturerName>לא ידוע</ManufacturerName>
      <ManufactureCountry>לא ידוע</ManufactureCountry>
      <ManufacturerItemDescription>דבש מפרחי בר לחיץ 65</ManufacturerItemDescription>
      <UnitQty>לא ידוע</UnitQty>
      <Quantity>650.00</Quantity>
      <UnitOfMeasure>לא ידוע</UnitOfMeasure>
      <bIsWeighted>0</bIsWeighted>
      <QtyInPackage>לא ידוע</QtyInPackage>
      <ItemPrice>42.90</ItemPrice>
      <UnitOfMeasurePrice>0.0660</UnitOfMeasurePrice>
      <AllowDiscount>1</AllowDiscount>
      <ItemStatus>1</ItemStatus>
      <ItemId>161983</ItemId>
    </Item>
    <Item>
      <PriceUpdateDate>2025-08-26 11:40:12</PriceUpdateDate>
      <ItemCode>7290100854266</ItemCode>
      <ItemType>1</ItemType>
      <ItemName>שוקולד מריר60% עלית</ItemName>
      <ManufacturerName>לא ידוע</ManufacturerName>
      <ManufactureCountry>לא ידוע</ManufactureCountry>
      <ManufacturerItemDescription>שוקולד מריר60% עלית</ManufacturerItemDescription>
      <UnitQty>לא ידוע</UnitQty>
      <Quantity>100.00</Quantity>
      <UnitOfMeasure>לא ידוע</UnitOfMeasure>
      <bIsWeighted>0</bIsWeighted>
      <QtyInPackage>לא ידוע</QtyInPackage>
      <ItemPrice>13.50</ItemPrice>
      <UnitOfMeasurePrice>0.1350</UnitOfMeasurePrice>
      <AllowDiscount>1</AllowDiscount>
      <ItemStatus>1</ItemStatus>
      <ItemId>162055</ItemId>
    </Item>
    <Item>
      <PriceUpdateDate>2025-08-26 11:40:12</PriceUpdateDate>
      <ItemCode>7290100857045</ItemCode>
      <ItemType>1</ItemType>
      <ItemName>שוקולד ספלנדיד מריר</ItemName>
      <ManufacturerName>לא ידוע</ManufacturerName>
      <ManufactureCountry>לא ידוע</ManufactureCountry>
      <ManufacturerItemDescription>שוקולד ספלנדיד מריר</ManufacturerItemDescription>
      <UnitQty>לא ידוע</UnitQty>
      <Quantity>100.00</Quantity>
      <UnitOfMeasure>לא ידוע</UnitOfMeasure>
      <bIsWeighted>0</bIsWeighted>
      <QtyInPackage>לא ידוע</QtyInPackage>
      <ItemPrice>16.90</ItemPrice>
      <UnitOfMeasurePrice>0.1690</UnitOfMeasurePrice>
      <AllowDiscount>1</AllowDiscount>
      <ItemStatus>1</ItemStatus>
      <ItemId>162073</ItemId>
    </Item>
    <Item>
      <PriceUpdateDate>2025-08-26 11:40:14</PriceUpdateDate>
      <ItemCode>7290100858592</ItemCode>
      <ItemType>1</ItemType>
      <ItemName>קקאו עלית 150גר</ItemName>
      <ManufacturerName>לא ידוע</ManufacturerName>
      <ManufactureCountry>לא ידוע</ManufactureCountry>
      <ManufacturerItemDescription>קקאו עלית 150גר</ManufacturerItemDescription>
      <UnitQty>לא ידוע</UnitQty>
      <Quantity>150.00</Quantity>
      <UnitOfMeasure>לא ידוע</UnitOfMeasure>
      <bIsWeighted>0</bIsWeighted>
      <QtyInPackage>לא ידוע</QtyInPackage>
      <ItemPrice>15.50</ItemPrice>
      <UnitOfMeasurePrice>0.1033</UnitOfMeasurePrice>
      <AllowDiscount>1</AllowDiscount>
      <ItemStatus>1</ItemStatus>
      <ItemId>162082</ItemId>
    </Item>
    <Item>
      <PriceUpdateDate>2025-08-26 11:40:14</PriceUpdateDate>
      <ItemCode>7290100858608</ItemCode>
      <ItemType>1</ItemType>
      <ItemName>קקאו עלית 500גר</ItemName>
      <ManufacturerName>לא ידוע</ManufacturerName>
      <ManufactureCountry>לא ידוע</ManufactureCountry>
      <ManufacturerItemDescription>קקאו עלית 500גר</ManufacturerItemDescription>
      <UnitQty>לא ידוע</UnitQty>
      <Quantity>500.00</Quantity>
      <UnitOfMeasure>לא ידוע</UnitOfMeasure>
      <bIsWeighted>0</bIsWeighted>
      <QtyInPackage>לא ידוע</QtyInPackage>
      <ItemPrice>38.90</ItemPrice>
      <UnitOfMeasurePrice>0.0778</UnitOfMeasurePrice>
      <AllowDiscount>1</AllowDiscount>
      <ItemStatus>1</ItemStatus>
      <ItemId>162083</ItemId>
    </Item>
    <Item>
      <PriceUpdateDate>2025-08-06 11:19:50</PriceUpdateDate>
      <ItemCode>7290100859162</ItemCode>
      <ItemType>1</ItemType>
      <ItemName>שוקולד מריר60% עלית</ItemName>
      <ManufacturerName>לא ידוע</ManufacturerName>
      <ManufactureCountry>לא ידוע</ManufactureCountry>
      <ManufacturerItemDescription>שוקולד מריר60% עלית</ManufacturerItemDescription>
      <UnitQty>לא ידוע</UnitQty>
      <Quantity>200.00</Quantity>
      <UnitOfMeasure>לא ידוע</UnitOfMeasure>
      <bIsWeighted>0</bIsWeighted>
      <QtyInPackage>לא ידוע</QtyInPackage>
      <ItemPrice>22.90</ItemPrice>
      <UnitOfMeasurePrice>0.1145</UnitOfMeasurePrice>
      <AllowDiscount>1</AllowDiscount>
      <ItemStatus>1</ItemStatus>
      <ItemId>162100</ItemId>
    </Item>
    <Item>
      <PriceUpdateDate>2025-08-26 11:40:18</PriceUpdateDate>
      <ItemCode>7290103401429</ItemCode>
      <ItemType>1</ItemType>
      <ItemName>קפה מגורען קצב ברזיל</ItemName>
      <ManufacturerName>לא ידוע</ManufacturerName>
      <ManufactureCountry>לא ידוע</ManufactureCountry>
      <ManufacturerItemDescription>קפה מגורען קצב ברזיל</ManufacturerItemDescription>
      <UnitQty>לא ידוע</UnitQty>
      <Quantity>200.00</Quantity>
      <UnitOfMeasure>לא ידוע</UnitOfMeasure>
      <bIsWeighted>0</bIsWeighted>
      <QtyInPackage>לא ידוע</QtyInPackage>
      <ItemPrice>36.90</ItemPrice>
      <UnitOfMeasurePrice>0.1845</UnitOfMeasurePrice>
      <AllowDiscount>1</AllowDiscount>
      <ItemStatus>1</ItemStatus>
      <ItemId>162217</ItemId>
    </Item>
    <Item>
      <PriceUpdateDate>2025-08-26 11:40:22</PriceUpdateDate>
      <ItemCode>7290104065187</ItemCode>
      <ItemType>1</ItemType>
      <ItemName>קפה נמס בטעם מוקה על</ItemName>
      <ManufacturerName>לא ידוע</ManufacturerName>
      <ManufactureCountry>לא ידוע</ManufactureCountry>
      <ManufacturerItemDescription>קפה נמס בטעם מוקה על</ManufacturerItemDescription>
      <UnitQty>לא ידוע</UnitQty>
      <Quantity>200.00</Quantity>
      <UnitOfMeasure>לא ידוע</UnitOfMeasure>
      <bIsWeighted>0</bIsWeighted>
      <QtyInPackage>לא ידוע</QtyInPackage>
      <ItemPrice>34.90</ItemPrice>
      <UnitOfMeasurePrice>0.1745</UnitOfMeasurePrice>
      <AllowDiscount>1</AllowDiscount>
      <ItemStatus>1</ItemStatus>
      <ItemId>162353</ItemId>
    </Item>
    <Item>
      <PriceUpdateDate>2025-08-26 11:40:23</PriceUpdateDate>
      <ItemCode>7290104067198</ItemCode>
      <ItemType>1</ItemType>
      <ItemName>שוקולד ספלנדיד מריר</ItemName>
      <ManufacturerName>לא ידוע</ManufacturerName>
      <ManufactureCountry>לא ידוע</ManufactureCountry>
      <ManufacturerItemDescription>שוקולד ספלנדיד מריר</ManufacturerItemDescription>
      <UnitQty>לא ידוע</UnitQty>
      <Quantity>100.00</Quantity>
      <UnitOfMeasure>לא ידוע</UnitOfMeasure>
      <bIsWeighted>0</bIsWeighted>
      <QtyInPackage>לא ידוע</QtyInPackage>
      <ItemPrice>16.90</ItemPrice>
      <UnitOfMeasurePrice>0.1690</UnitOfMeasurePrice>
      <AllowDiscount>1</AllowDiscount>
      <ItemStatus>1</ItemStatus>
      <ItemId>162378</ItemId>
    </Item>
    <Item>
      <PriceUpdateDate>2025-08-26 11:40:25</PriceUpdateDate>
      <ItemCode>7290104721762</ItemCode>
      <ItemType>1</ItemType>
      <ItemName>טורקי עלית 3*85ג</ItemName>
      <ManufacturerName>לא ידוע</ManufacturerName>
      <ManufactureCountry>לא ידוע</ManufactureCountry>
      <ManufacturerItemDescription>טורקי עלית 3*85ג</ManufacturerItemDescription>
      <UnitQty>לא ידוע</UnitQty>
      <Quantity>255.00</Quantity>
      <UnitOfMeasure>לא ידוע</UnitOfMeasure>
      <bIsWeighted>0</bIsWeighted>
      <QtyInPackage>לא ידוע</QtyInPackage>
      <ItemPrice>25.90</ItemPrice>
      <UnitOfMeasurePrice>0.1016</UnitOfMeasurePrice>
      <AllowDiscount>1</AllowDiscount>
      <ItemStatus>1</ItemStatus>
      <ItemId>162431</ItemId>
    </Item>
    <Item>
      <PriceUpdateDate>2025-07-16 10:34:08</PriceUpdateDate>
      <ItemCode>7290000313184</ItemCode>
      <ItemType>1</ItemType>
      <ItemName>חברים ביסקויט גן חיו</ItemName>
      <ManufacturerName>קריות זול</ManufacturerName>
      <ManufactureCountry>לא ידוע</ManufactureCountry>
      <ManufacturerItemDescription>חברים ביסקויט גן חיו</ManufacturerItemDescription>
      <UnitQty>לא ידוע</UnitQty>
      <Quantity>250.00</Quantity>
      <UnitOfMeasure>לא ידוע</UnitOfMeasure>
      <bIsWeighted>0</bIsWeighted>
      <QtyInPackage>לא ידוע</QtyInPackage>
      <ItemPrice>12.90</ItemPrice>
      <UnitOfMeasurePrice>0.0516</UnitOfMeasurePrice>
      <AllowDiscount>1</AllowDiscount>
      <ItemStatus>1</ItemStatus>
      <ItemId>215198</ItemId>
    </Item>
    <Item>
      <PriceUpdateDate>2025-08-26 11:40:29</PriceUpdateDate>
      <ItemCode>7290105360335</ItemCode>
      <ItemType>1</ItemType>
      <ItemName>קפסולות מס7 עדין וקט</ItemName>
      <ManufacturerName>לא ידוע</ManufacturerName>
      <ManufactureCountry>לא ידוע</ManufactureCountry>
      <ManufacturerItemDescription>קפסולות מס7 עדין וקט</ManufacturerItemDescription>
      <UnitQty>יחידה   </UnitQty>
      <Quantity>0.00</Quantity>
      <UnitOfMeasure>יחידה   </UnitOfMeasure>
      <bIsWeighted>0</bIsWeighted>
      <QtyInPackage>לא ידוע</QtyInPackage>
      <ItemPrice>21.90</ItemPrice>
      <UnitOfMeasurePrice>0.0000</UnitOfMeasurePrice>
      <AllowDiscount>1</AllowDiscount>
      <ItemStatus>1</ItemStatus>
      <ItemId>162510</ItemId>
    </Item>
    <Item>
      <PriceUpdateDate>2025-08-26 11:40:29</PriceUpdateDate>
      <ItemCode>7290105362377</ItemCode>
      <ItemType>1</ItemType>
      <ItemName>כיף כף חלב מגדים 45</ItemName>
      <ManufacturerName>לא ידוע</ManufacturerName>
      <ManufactureCountry>לא ידוע</ManufactureCountry>
      <ManufacturerItemDescription>כיף כף חלב מגדים 45</ManufacturerItemDescription>
      <UnitQty>לא ידוע</UnitQty>
      <Quantity>45.00</Quantity>
      <UnitOfMeasure>לא ידוע</UnitOfMeasure>
      <bIsWeighted>0</bIsWeighted>
      <QtyInPackage>לא ידוע</QtyInPackage>
      <ItemPrice>5.50</ItemPrice>
      <UnitOfMeasurePrice>0.1222</UnitOfMeasurePrice>
      <AllowDiscount>1</AllowDiscount>
      <ItemStatus>1</ItemStatus>
      <ItemId>162529</ItemId>
    </Item>
    <Item>
      <PriceUpdateDate>2025-08-26 11:40:30</PriceUpdateDate>
      <ItemCode>7290105363572</ItemCode>
      <ItemType>1</ItemType>
      <ItemName>שוקולד פרה ביסקוויט</ItemName>
      <ManufacturerName>לא ידוע</ManufacturerName>
      <ManufactureCountry>לא ידוע</ManufactureCountry>
      <ManufacturerItemDescription>שוקולד פרה ביסקוויט</ManufacturerItemDescription>
      <UnitQty>לא ידוע</UnitQty>
      <Quantity>100.00</Quantity>
      <UnitOfMeasure>לא ידוע</UnitOfMeasure>
      <bIsWeighted>0</bIsWeighted>
      <QtyInPackage>לא ידוע</QtyInPackage>
      <ItemPrice>9.90</ItemPrice>
      <UnitOfMeasurePrice>0.0990</UnitOfMeasurePrice>
      <AllowDiscount>1</AllowDiscount>
      <ItemStatus>1</ItemStatus>
      <ItemId>162542</ItemId>
    </Item>
    <Item>
      <PriceUpdateDate>2025-08-26 11:40:31</PriceUpdateDate>
      <ItemCode>7290105364784</ItemCode>
      <ItemType>1</ItemType>
      <ItemName>פרה קראנץ שוקולד לבן</ItemName>
      <ManufacturerName>לא ידוע</ManufacturerName>
      <ManufactureCountry>לא ידוע</ManufactureCountry>
      <ManufacturerItemDescription>פרה קראנץ שוקולד לבן</ManufacturerItemDescription>
      <UnitQty>לא ידוע</UnitQty>
      <Quantity>100.00</Quantity>
      <UnitOfMeasure>לא ידוע</UnitOfMeasure>
      <bIsWeighted>0</bIsWeighted>
      <QtyInPackage>לא ידוע</QtyInPackage>
      <ItemPrice>9.90</ItemPrice>
      <UnitOfMeasurePrice>0.0990</UnitOfMeasurePrice>
      <AllowDiscount>1</AllowDiscount>
      <ItemStatus>1</ItemStatus>
      <ItemId>162555</ItemId>
    </Item>
    <Item>
      <PriceUpdateDate>2025-08-26 11:40:31</PriceUpdateDate>
      <ItemCode>7290105364883</ItemCode>
      <ItemType>1</ItemType>
      <ItemName>עד חצות לבן 200 גרם</ItemName>
      <ManufacturerName>לא ידוע</ManufacturerName>
      <ManufactureCountry>לא ידוע</ManufactureCountry>
      <ManufacturerItemDescription>עד חצות לבן 200 גרם</ManufacturerItemDescription>
      <UnitQty>לא ידוע</UnitQty>
      <Quantity>200.00</Quantity>
      <UnitOfMeasure>לא ידוע</UnitOfMeasure>
      <bIsWeighted>0</bIsWeighted>
      <QtyInPackage>לא ידוע</QtyInPackage>
      <ItemPrice>18.90</ItemPrice>
      <UnitOfMeasurePrice>0.0945</UnitOfMeasurePrice>
      <AllowDiscount>1</AllowDiscount>
      <ItemStatus>1</ItemStatus>
      <ItemId>162560</ItemId>
    </Item>
    <Item>
      <PriceUpdateDate>2025-06-04 07:29:56</PriceUpdateDate>
      <ItemCode>7290000419107</ItemCode>
      <ItemType>1</ItemType>
      <ItemName>קפה שחור לנדוור המקו</ItemName>
      <ManufacturerName>לא ידוע</ManufacturerName>
      <ManufactureCountry>לא ידוע</ManufactureCountry>
      <ManufacturerItemDescription>קפה שחור לנדוור המקו</ManufacturerItemDescription>
      <UnitQty>לא ידוע</UnitQty>
      <Quantity>100.00</Quantity>
      <UnitOfMeasure>לא ידוע</UnitOfMeasure>
      <bIsWeighted>0</bIsWeighted>
      <QtyInPackage>לא ידוע</QtyInPackage>
      <ItemPrice>11.90</ItemPrice>
      <UnitOfMeasurePrice>0.1190</UnitOfMeasurePrice>
      <AllowDiscount>1</AllowDiscount>
      <ItemStatus>1</ItemStatus>
      <ItemId>215199</ItemId>
    </Item>
    <Item>
      <PriceUpdateDate>2025-08-26 11:40:32</PriceUpdateDate>
      <ItemCode>7290105369147</ItemCode>
      <ItemType>1</ItemType>
      <ItemName>שוקולד ספלנדיד מריר</ItemName>
      <ManufacturerName>לא ידוע</ManufacturerName>
      <ManufactureCountry>לא ידוע</ManufactureCountry>
      <ManufacturerItemDescription>שוקולד ספלנדיד מריר</ManufacturerItemDescription>
      <UnitQty>לא ידוע</UnitQty>
      <Quantity>100.00</Quantity>
      <UnitOfMeasure>לא ידוע</UnitOfMeasure>
      <bIsWeighted>0</bIsWeighted>
      <QtyInPackage>לא ידוע</QtyInPackage>
      <ItemPrice>16.90</ItemPrice>
      <UnitOfMeasurePrice>0.1690</UnitOfMeasurePrice>
      <AllowDiscount>1</AllowDiscount>
      <ItemStatus>1</ItemStatus>
      <ItemId>162584</ItemId>
    </Item>
    <Item>
      <PriceUpdateDate>2025-06-04 07:29:57</PriceUpdateDate>
      <ItemCode>7290000419893</ItemCode>
      <ItemType>1</ItemType>
      <ItemName>קפה לנדוור לבוקר 100</ItemName>
      <ManufacturerName>לא ידוע</ManufacturerName>
      <ManufactureCountry>לא ידוע</ManufactureCountry>
      <ManufacturerItemDescription>קפה לנדוור לבוקר 100</ManufacturerItemDescription>
      <UnitQty>לא ידוע</UnitQty>
      <Quantity>100.00</Quantity>
      <UnitOfMeasure>לא ידוע</UnitOfMeasure>
      <bIsWeighted>0</bIsWeighted>
      <QtyInPackage>לא ידוע</QtyInPackage>
      <ItemPrice>11.90</ItemPrice>
      <UnitOfMeasurePrice>0.1190</UnitOfMeasurePrice>
      <AllowDiscount>1</AllowDiscount>
      <ItemStatus>1</ItemStatus>
      <ItemId>215200</ItemId>
    </Item>
    <Item>
      <PriceUpdateDate>2025-08-26 11:40:33</PriceUpdateDate>
      <ItemCode>7290105961525</ItemCode>
      <ItemType>1</ItemType>
      <ItemName>שוקולד ספלנדיד מריר</ItemName>
      <ManufacturerName>לא ידוע</ManufacturerName>
      <ManufactureCountry>לא ידוע</ManufactureCountry>
      <ManufacturerItemDescription>שוקולד ספלנדיד מריר</ManufacturerItemDescription>
      <UnitQty>לא ידוע</UnitQty>
      <Quantity>100.00</Quantity>
      <UnitOfMeasure>לא ידוע</UnitOfMeasure>
      <bIsWeighted>0</bIsWeighted>
      <QtyInPackage>לא ידוע</QtyInPackage>
      <ItemPrice>16.90</ItemPrice>
      <UnitOfMeasurePrice>0.1690</UnitOfMeasurePrice>
      <AllowDiscount>1</AllowDiscount>
      <ItemStatus>1</ItemStatus>
      <ItemId>162610</ItemId>
    </Item>
    <Item>
      <PriceUpdateDate>2025-08-26 16:16:14</PriceUpdateDate>
      <ItemCode>7290001407813</ItemCode>
      <ItemType>1</ItemType>
      <ItemName>חלבה שאמית פיסטוק בא</ItemName>
      <ManufacturerName>קריות זול</ManufacturerName>
      <ManufactureCountry>לא ידוע</ManufactureCountry>
      <ManufacturerItemDescription>חלבה שאמית פיסטוק בא</ManufacturerItemDescription>
      <UnitQty>לא ידוע</UnitQty>
      <Quantity>350.00</Quantity>
      <UnitOfMeasure>לא ידוע</UnitOfMeasure>
      <bIsWeighted>0</bIsWeighted>
      <QtyInPackage>לא ידוע</QtyInPackage>
      <ItemPrice>20.90</ItemPrice>
      <UnitOfMeasurePrice>0.0597</UnitOfMeasurePrice>
      <AllowDiscount>1</AllowDiscount>
      <ItemStatus>1</ItemStatus>
      <ItemId>215203</ItemId>
    </Item>
    <Item>
      <PriceUpdateDate>2025-08-26 11:40:39</PriceUpdateDate>
      <ItemCode>7290105968777</ItemCode>
      <ItemType>1</ItemType>
      <ItemName>פרכיות 5 דגנים בטעם</ItemName>
      <ManufacturerName>לא ידוע</ManufacturerName>
      <ManufactureCountry>לא ידוע</ManufactureCountry>
      <ManufacturerItemDescription>פרכיות 5 דגנים בטעם</ManufacturerItemDescription>
      <UnitQty>לא ידוע</UnitQty>
      <Quantity>80.00</Quantity>
      <UnitOfMeasure>לא ידוע</UnitOfMeasure>
      <bIsWeighted>0</bIsWeighted>
      <QtyInPackage>לא ידוע</QtyInPackage>
      <ItemPrice>11.50</ItemPrice>
      <UnitOfMeasurePrice>0.1438</UnitOfMeasurePrice>
      <AllowDiscount>1</AllowDiscount>
      <ItemStatus>1</ItemStatus>
      <ItemId>162676</ItemId>
    </Item>
    <Item>
      <PriceUpdateDate>2025-08-26 11:40:39</PriceUpdateDate>
      <ItemCode>7290106520066</ItemCode>
      <ItemType>1</ItemType>
      <ItemName>רבע לשבע גלילי וופל</ItemName>
      <ManufacturerName>לא ידוע</ManufacturerName>
      <ManufactureCountry>לא ידוע</ManufactureCountry>
      <ManufacturerItemDescription>רבע לשבע גלילי וופל</ManufacturerItemDescription>
      <UnitQty>לא ידוע</UnitQty>
      <Quantity>160.00</Quantity>
      <UnitOfMeasure>לא ידוע</UnitOfMeasure>
      <bIsWeighted>0</bIsWeighted>
      <QtyInPackage>לא ידוע</QtyInPackage>
      <ItemPrice>15.90</ItemPrice>
      <UnitOfMeasurePrice>0.0994</UnitOfMeasurePrice>
      <AllowDiscount>1</AllowDiscount>
      <ItemStatus>1</ItemStatus>
      <ItemId>162679</ItemId>
    </Item>
    <Item>
      <PriceUpdateDate>2025-08-26 11:40:48</PriceUpdateDate>
      <ItemCode>7290106525504</ItemCode>
      <ItemType>1</ItemType>
      <ItemName>טעמי עם שברי בייגלה</ItemName>
      <ManufacturerName>לא ידוע</ManufacturerName>
      <ManufactureCountry>לא ידוע</ManufactureCountry>
      <ManufacturerItemDescription>טעמי עם שברי בייגלה</ManufacturerItemDescription>
      <UnitQty>לא ידוע</UnitQty>
      <Quantity>42.00</Quantity>
      <UnitOfMeasure>לא ידוע</UnitOfMeasure>
      <bIsWeighted>0</bIsWeighted>
      <QtyInPackage>לא ידוע</QtyInPackage>
      <ItemPrice>5.50</ItemPrice>
      <UnitOfMeasurePrice>0.1310</UnitOfMeasurePrice>
      <AllowDiscount>1</AllowDiscount>
      <ItemStatus>1</ItemStatus>
      <ItemId>162719</ItemId>
    </Item>
    <Item>
      <PriceUpdateDate>2025-08-26 11:40:48</PriceUpdateDate>
      <ItemCode>7290106526822</ItemCode>
      <ItemType>1</ItemType>
      <ItemName>פריכיות עם תחתית שוק</ItemName>
      <ManufacturerName>לא ידוע</ManufacturerName>
      <ManufactureCountry>לא ידוע</ManufactureCountry>
      <ManufacturerItemDescription>פריכיות עם תחתית שוק</ManufacturerItemDescription>
      <UnitQty>לא ידוע</UnitQty>
      <Quantity>80.00</Quantity>
      <UnitOfMeasure>לא ידוע</UnitOfMeasure>
      <bIsWeighted>0</bIsWeighted>
      <QtyInPackage>לא ידוע</QtyInPackage>
      <ItemPrice>11.50</ItemPrice>
      <UnitOfMeasurePrice>0.1438</UnitOfMeasurePrice>
      <AllowDiscount>1</AllowDiscount>
      <ItemStatus>1</ItemStatus>
      <ItemId>162729</ItemId>
    </Item>
    <Item>
      <PriceUpdateDate>2025-08-26 11:40:49</PriceUpdateDate>
      <ItemCode>7290106527386</ItemCode>
      <ItemType>1</ItemType>
      <ItemName>פריכיות מצופה שוקולד</ItemName>
      <ManufacturerName>לא ידוע</ManufacturerName>
      <ManufactureCountry>לא ידוע</ManufactureCountry>
      <ManufacturerItemDescription>פריכיות מצופה שוקולד</ManufacturerItemDescription>
      <UnitQty>לא ידוע</UnitQty>
      <Quantity>70.00</Quantity>
      <UnitOfMeasure>לא ידוע</UnitOfMeasure>
      <bIsWeighted>0</bIsWeighted>
      <QtyInPackage>לא ידוע</QtyInPackage>
      <ItemPrice>11.50</ItemPrice>
      <UnitOfMeasurePrice>0.1643</UnitOfMeasurePrice>
      <AllowDiscount>1</AllowDiscount>
      <ItemStatus>1</ItemStatus>
      <ItemId>162732</ItemId>
    </Item>
    <Item>
      <PriceUpdateDate>2025-08-26 11:40:55</PriceUpdateDate>
      <ItemCode>7290106656727</ItemCode>
      <ItemType>1</ItemType>
      <ItemName>עוגיות חיוכים שוקו ב</ItemName>
      <ManufacturerName>לא ידוע</ManufacturerName>
      <ManufactureCountry>לא ידוע</ManufactureCountry>
      <ManufacturerItemDescription>עוגיות חיוכים שוקו ב</ManufacturerItemDescription>
      <UnitQty>לא ידוע</UnitQty>
      <Quantity>600.00</Quantity>
      <UnitOfMeasure>לא ידוע</UnitOfMeasure>
      <bIsWeighted>0</bIsWeighted>
      <QtyInPackage>לא ידוע</QtyInPackage>
      <ItemPrice>23.90</ItemPrice>
      <UnitOfMeasurePrice>0.0398</UnitOfMeasurePrice>
      <AllowDiscount>1</AllowDiscount>
      <ItemStatus>1</ItemStatus>
      <ItemId>162785</ItemId>
    </Item>
    <Item>
      <PriceUpdateDate>2025-08-26 11:40:56</PriceUpdateDate>
      <ItemCode>7290106656734</ItemCode>
      <ItemType>1</ItemType>
      <ItemName>עוגיות חיוכים וניל ב</ItemName>
      <ManufacturerName>לא ידוע</ManufacturerName>
      <ManufactureCountry>לא ידוע</ManufactureCountry>
      <ManufacturerItemDescription>עוגיות חיוכים וניל ב</ManufacturerItemDescription>
      <UnitQty>לא ידוע</UnitQty>
      <Quantity>600.00</Quantity>
      <UnitOfMeasure>לא ידוע</UnitOfMeasure>
      <bIsWeighted>0</bIsWeighted>
      <QtyInPackage>לא ידוע</QtyInPackage>
      <ItemPrice>23.90</ItemPrice>
      <UnitOfMeasurePrice>0.0398</UnitOfMeasurePrice>
      <AllowDiscount>1</AllowDiscount>
      <ItemStatus>1</ItemStatus>
      <ItemId>162786</ItemId>
    </Item>
    <Item>
      <PriceUpdateDate>2025-08-26 11:40:57</PriceUpdateDate>
      <ItemCode>7290106658479</ItemCode>
      <ItemType>1</ItemType>
      <ItemName>טורטית מגדים 40גר</ItemName>
      <ManufacturerName>לא ידוע</ManufacturerName>
      <ManufactureCountry>לא ידוע</ManufactureCountry>
      <ManufacturerItemDescription>טורטית מגדים 40גר</ManufacturerItemDescription>
      <UnitQty>לא ידוע</UnitQty>
      <Quantity>40.00</Quantity>
      <UnitOfMeasure>לא ידוע</UnitOfMeasure>
      <bIsWeighted>0</bIsWeighted>
      <QtyInPackage>לא ידוע</QtyInPackage>
      <ItemPrice>5.50</ItemPrice>
      <UnitOfMeasurePrice>0.1375</UnitOfMeasurePrice>
      <AllowDiscount>1</AllowDiscount>
      <ItemStatus>1</ItemStatus>
      <ItemId>162798</ItemId>
    </Item>
    <Item>
      <PriceUpdateDate>2025-08-26 11:41:01</PriceUpdateDate>
      <ItemCode>7290106662377</ItemCode>
      <ItemType>1</ItemType>
      <ItemName>רבע לשבע גלילי וופל</ItemName>
      <ManufacturerName>לא ידוע</ManufacturerName>
      <ManufactureCountry>ישראל</ManufactureCountry>
      <ManufacturerItemDescription>רבע לשבע גלילי וופל</ManufacturerItemDescription>
      <UnitQty>לא ידוע</UnitQty>
      <Quantity>120.00</Quantity>
      <UnitOfMeasure>לא ידוע</UnitOfMeasure>
      <bIsWeighted>0</bIsWeighted>
      <QtyInPackage>לא ידוע</QtyInPackage>
      <ItemPrice>15.90</ItemPrice>
      <UnitOfMeasurePrice>0.1325</UnitOfMeasurePrice>
      <AllowDiscount>1</AllowDiscount>
      <ItemStatus>1</ItemStatus>
      <ItemId>162831</ItemId>
    </Item>
    <Item>
      <PriceUpdateDate>2025-08-26 10:55:27</PriceUpdateDate>
      <ItemCode>7290106663558</ItemCode>
      <ItemType>1</ItemType>
      <ItemName>רוטב טריאקי רימון יד</ItemName>
      <ManufacturerName>לא ידוע</ManufacturerName>
      <ManufactureCountry>לא ידוע</ManufactureCountry>
      <ManufacturerItemDescription>רוטב טריאקי רימון יד</ManufacturerItemDescription>
      <UnitQty>לא ידוע</UnitQty>
      <Quantity>320.00</Quantity>
      <UnitOfMeasure>לא ידוע</UnitOfMeasure>
      <bIsWeighted>0</bIsWeighted>
      <QtyInPackage>לא ידוע</QtyInPackage>
      <ItemPrice>17.90</ItemPrice>
      <UnitOfMeasurePrice>0.0559</UnitOfMeasurePrice>
      <AllowDiscount>1</AllowDiscount>
      <ItemStatus>1</ItemStatus>
      <ItemId>162856</ItemId>
    </Item>
    <Item>
      <PriceUpdateDate>2025-08-26 11:41:07</PriceUpdateDate>
      <ItemCode>7290106721906</ItemCode>
      <ItemType>1</ItemType>
      <ItemName>מסטיק בזוקה מגדים צ'</ItemName>
      <ManufacturerName>לא ידוע</ManufacturerName>
      <ManufactureCountry>לא ידוע</ManufactureCountry>
      <ManufacturerItemDescription>מסטיק בזוקה מגדים צ'</ManufacturerItemDescription>
      <UnitQty>לא ידוע</UnitQty>
      <Quantity>66.00</Quantity>
      <UnitOfMeasure>לא ידוע</UnitOfMeasure>
      <bIsWeighted>0</bIsWeighted>
      <QtyInPackage>לא ידוע</QtyInPackage>
      <ItemPrice>11.90</ItemPrice>
      <UnitOfMeasurePrice>0.1803</UnitOfMeasurePrice>
      <AllowDiscount>1</AllowDiscount>
      <ItemStatus>1</ItemStatus>
      <ItemId>162914</ItemId>
    </Item>
    <Item>
      <PriceUpdateDate>2025-08-26 11:41:08</PriceUpdateDate>
      <ItemCode>7290106721920</ItemCode>
      <ItemType>1</ItemType>
      <ItemName>מסטיק מאסט ספירימינט</ItemName>
      <ManufacturerName>לא ידוע</ManufacturerName>
      <ManufactureCountry>לא ידוע</ManufactureCountry>
      <ManufacturerItemDescription>מסטיק מאסט ספירימינט</ManufacturerItemDescription>
      <UnitQty>לא ידוע</UnitQty>
      <Quantity>66.00</Quantity>
      <UnitOfMeasure>לא ידוע</UnitOfMeasure>
      <bIsWeighted>0</bIsWeighted>
      <QtyInPackage>לא ידוע</QtyInPackage>
      <ItemPrice>11.90</ItemPrice>
      <UnitOfMeasurePrice>0.1803</UnitOfMeasurePrice>
      <AllowDiscount>1</AllowDiscount>
      <ItemStatus>1</ItemStatus>
      <ItemId>162916</ItemId>
    </Item>
    <Item>
      <PriceUpdateDate>2025-08-26 11:41:12</PriceUpdateDate>
      <ItemCode>7290106724419</ItemCode>
      <ItemType>1</ItemType>
      <ItemName>עוגיות חיוכים וניל 1</ItemName>
      <ManufacturerName>לא ידוע</ManufacturerName>
      <ManufactureCountry>לא ידוע</ManufactureCountry>
      <ManufacturerItemDescription>עוגיות חיוכים וניל 1</ManufacturerItemDescription>
      <UnitQty>לא ידוע</UnitQty>
      <Quantity>150.00</Quantity>
      <UnitOfMeasure>לא ידוע</UnitOfMeasure>
      <bIsWeighted>0</bIsWeighted>
      <QtyInPackage>לא ידוע</QtyInPackage>
      <ItemPrice>7.90</ItemPrice>
      <UnitOfMeasurePrice>0.0527</UnitOfMeasurePrice>
      <AllowDiscount>1</AllowDiscount>
      <ItemStatus>1</ItemStatus>
      <ItemId>162941</ItemId>
    </Item>
    <Item>
      <PriceUpdateDate>2025-08-26 11:41:15</PriceUpdateDate>
      <ItemCode>7290106725867</ItemCode>
      <ItemType>1</ItemType>
      <ItemName>סירופ מייפל טהור 189</ItemName>
      <ManufacturerName>לא ידוע</ManufacturerName>
      <ManufactureCountry>לא ידוע</ManufactureCountry>
      <ManufacturerItemDescription>סירופ מייפל טהור 189</ManufacturerItemDescription>
      <UnitQty>לא ידוע</UnitQty>
      <Quantity>189.00</Quantity>
      <UnitOfMeasure>לא ידוע</UnitOfMeasure>
      <bIsWeighted>0</bIsWeighted>
      <QtyInPackage>לא ידוע</QtyInPackage>
      <ItemPrice>34.90</ItemPrice>
      <UnitOfMeasurePrice>0.1847</UnitOfMeasurePrice>
      <AllowDiscount>1</AllowDiscount>
      <ItemStatus>1</ItemStatus>
      <ItemId>162961</ItemId>
    </Item>
    <Item>
      <PriceUpdateDate>2025-08-21 11:48:26</PriceUpdateDate>
      <ItemCode>7290001594155</ItemCode>
      <ItemType>1</ItemType>
      <ItemName>קוקה קולה בקבוק פלסט</ItemName>
      <ManufacturerName>קריות זול</ManufacturerName>
      <ManufactureCountry>לא ידוע</ManufactureCountry>
      <ManufacturerItemDescription>קוקה קולה בקבוק פלסט</ManufacturerItemDescription>
      <UnitQty>לא ידוע</UnitQty>
      <Quantity>500.00</Quantity>
      <UnitOfMeasure>לא ידוע</UnitOfMeasure>
      <bIsWeighted>0</bIsWeighted>
      <QtyInPackage>לא ידוע</QtyInPackage>
      <ItemPrice>7.90</ItemPrice>
      <UnitOfMeasurePrice>0.0158</UnitOfMeasurePrice>
      <AllowDiscount>1</AllowDiscount>
      <ItemStatus>1</ItemStatus>
      <ItemId>163046</ItemId>
    </Item>
    <Item>
      <PriceUpdateDate>2025-08-21 11:48:27</PriceUpdateDate>
      <ItemCode>7290001594179</ItemCode>
      <ItemType>1</ItemType>
      <ItemName>פאנטה אורנג׳ 500 מ״ל</ItemName>
      <ManufacturerName>קריות זול</ManufacturerName>
      <ManufactureCountry>לא ידוע</ManufactureCountry>
      <ManufacturerItemDescription>פאנטה אורנג׳ 500 מ״ל</ManufacturerItemDescription>
      <UnitQty>לא ידוע</UnitQty>
      <Quantity>500.00</Quantity>
      <UnitOfMeasure>לא ידוע</UnitOfMeasure>
      <bIsWeighted>0</bIsWeighted>
      <QtyInPackage>לא ידוע</QtyInPackage>
      <ItemPrice>7.90</ItemPrice>
      <UnitOfMeasurePrice>0.0158</UnitOfMeasurePrice>
      <AllowDiscount>1</AllowDiscount>
      <ItemStatus>1</ItemStatus>
      <ItemId>163048</ItemId>
    </Item>
    <Item>
      <PriceUpdateDate>2025-08-21 11:48:29</PriceUpdateDate>
      <ItemCode>7290001594575</ItemCode>
      <ItemType>1</ItemType>
      <ItemName>בירה טובורג רד פחית</ItemName>
      <ManufacturerName>קריות זול</ManufacturerName>
      <ManufactureCountry>לא ידוע</ManufactureCountry>
      <ManufacturerItemDescription>בירה טובורג רד פחית</ManufacturerItemDescription>
      <UnitQty>לא ידוע</UnitQty>
      <Quantity>500.00</Quantity>
      <UnitOfMeasure>לא ידוע</UnitOfMeasure>
      <bIsWeighted>0</bIsWeighted>
      <QtyInPackage>לא ידוע</QtyInPackage>
      <ItemPrice>12.50</ItemPrice>
      <UnitOfMeasurePrice>0.0250</UnitOfMeasurePrice>
      <AllowDiscount>1</AllowDiscount>
      <ItemStatus>1</ItemStatus>
      <ItemId>163065</ItemId>
    </Item>
    <Item>
      <PriceUpdateDate>2025-08-21 11:48:30</PriceUpdateDate>
      <ItemCode>7290001594858</ItemCode>
      <ItemType>1</ItemType>
      <ItemName>בירה טובורג בקבוק שי</ItemName>
      <ManufacturerName>קריות זול</ManufacturerName>
      <ManufactureCountry>לא ידוע</ManufactureCountry>
      <ManufacturerItemDescription>בירה טובורג בקבוק שי</ManufacturerItemDescription>
      <UnitQty>לא ידוע</UnitQty>
      <Quantity>1980.00</Quantity>
      <UnitOfMeasure>לא ידוע</UnitOfMeasure>
      <bIsWeighted>0</bIsWeighted>
      <QtyInPackage>לא ידוע</QtyInPackage>
      <ItemPrice>46.90</ItemPrice>
      <UnitOfMeasurePrice>0.0237</UnitOfMeasurePrice>
      <AllowDiscount>1</AllowDiscount>
      <ItemStatus>1</ItemStatus>
      <ItemId>163072</ItemId>
    </Item>
    <Item>
      <PriceUpdateDate>2025-08-21 11:48:30</PriceUpdateDate>
      <ItemCode>7290001594865</ItemCode>
      <ItemType>1</ItemType>
      <ItemName>בירה קרלסברג שישייה</ItemName>
      <ManufacturerName>קריות זול</ManufacturerName>
      <ManufactureCountry>לא ידוע</ManufactureCountry>
      <ManufacturerItemDescription>בירה קרלסברג שישייה</ManufacturerItemDescription>
      <UnitQty>לא ידוע</UnitQty>
      <Quantity>1980.00</Quantity>
      <UnitOfMeasure>לא ידוע</UnitOfMeasure>
      <bIsWeighted>0</bIsWeighted>
      <QtyInPackage>לא ידוע</QtyInPackage>
      <ItemPrice>49.90</ItemPrice>
      <UnitOfMeasurePrice>0.0252</UnitOfMeasurePrice>
      <AllowDiscount>1</AllowDiscount>
      <ItemStatus>1</ItemStatus>
      <ItemId>163073</ItemId>
    </Item>
    <Item>
      <PriceUpdateDate>2025-08-20 13:24:06</PriceUpdateDate>
      <ItemCode>7290013847553</ItemCode>
      <ItemType>1</ItemType>
      <ItemName>סטארקיסט טונה רביעיי</ItemName>
      <ManufacturerName>לא ידוע</ManufacturerName>
      <ManufactureCountry>לא ידוע</ManufactureCountry>
      <ManufacturerItemDescription>סטארקיסט טונה רביעיי</ManufacturerItemDescription>
      <UnitQty>לא ידוע</UnitQty>
      <Quantity>640.00</Quantity>
      <UnitOfMeasure>לא ידוע</UnitOfMeasure>
      <bIsWeighted>0</bIsWeighted>
      <QtyInPackage>לא ידוע</QtyInPackage>
      <ItemPrice>27.90</ItemPrice>
      <UnitOfMeasurePrice>0.0436</UnitOfMeasurePrice>
      <AllowDiscount>1</AllowDiscount>
      <ItemStatus>1</ItemStatus>
      <ItemId>237634</ItemId>
    </Item>
    <Item>
      <PriceUpdateDate>2025-10-15 08:16:53</PriceUpdateDate>
      <ItemCode>7290002331360</ItemCode>
      <ItemType>1</ItemType>
      <ItemName>נביעות טו גו שישייה</ItemName>
      <ManufacturerName>קריות זול</ManufacturerName>
      <ManufactureCountry>לא ידוע</ManufactureCountry>
      <ManufacturerItemDescription>נביעות טו גו שישייה</ManufacturerItemDescription>
      <UnitQty>לא ידוע</UnitQty>
      <Quantity>3000.00</Quantity>
      <UnitOfMeasure>לא ידוע</UnitOfMeasure>
      <bIsWeighted>0</bIsWeighted>
      <QtyInPackage>לא ידוע</QtyInPackage>
      <ItemPrice>19.40</ItemPrice>
      <UnitOfMeasurePrice>0.0065</UnitOfMeasurePrice>
      <AllowDiscount>1</AllowDiscount>
      <ItemStatus>1</ItemStatus>
      <ItemId>163094</ItemId>
    </Item>
    <Item>
      <PriceUpdateDate>2025-08-21 11:48:31</PriceUpdateDate>
      <ItemCode>7290002331421</ItemCode>
      <ItemType>1</ItemType>
      <ItemName>נביעות טו גו שישייה</ItemName>
      <ManufacturerName>קריות זול</ManufacturerName>
      <ManufactureCountry>לא ידוע</ManufactureCountry>
      <ManufacturerItemDescription>נביעות טו גו שישייה</ManufacturerItemDescription>
      <UnitQty>לא ידוע</UnitQty>
      <Quantity>4530.00</Quantity>
      <UnitOfMeasure>לא ידוע</UnitOfMeasure>
      <bIsWeighted>0</bIsWeighted>
      <QtyInPackage>לא ידוע</QtyInPackage>
      <ItemPrice>22.40</ItemPrice>
      <UnitOfMeasurePrice>0.0049</UnitOfMeasurePrice>
      <AllowDiscount>1</AllowDiscount>
      <ItemStatus>1</ItemStatus>
      <ItemId>163095</ItemId>
    </Item>
    <Item>
      <PriceUpdateDate>2025-08-21 11:48:32</PriceUpdateDate>
      <ItemCode>7290002331483</ItemCode>
      <ItemType>1</ItemType>
      <ItemName>נביעות בייבי שישייה</ItemName>
      <ManufacturerName>לא ידוע</ManufacturerName>
      <ManufactureCountry>לא ידוע</ManufactureCountry>
      <ManufacturerItemDescription>נביעות בייבי שישייה</ManufacturerItemDescription>
      <UnitQty>לא ידוע</UnitQty>
      <Quantity>1920.00</Quantity>
      <UnitOfMeasure>לא ידוע</UnitOfMeasure>
      <bIsWeighted>0</bIsWeighted>
      <QtyInPackage>לא ידוע</QtyInPackage>
      <ItemPrice>17.90</ItemPrice>
      <UnitOfMeasurePrice>0.0093</UnitOfMeasurePrice>
      <AllowDiscount>1</AllowDiscount>
      <ItemStatus>1</ItemStatus>
      <ItemId>163097</ItemId>
    </Item>
    <Item>
      <PriceUpdateDate>2024-12-31 12:11:13</PriceUpdateDate>
      <ItemCode>7290002331490</ItemCode>
      <ItemType>1</ItemType>
      <ItemName>נביעות 1 ליטר</ItemName>
      <ManufacturerName>לא ידוע</ManufacturerName>
      <ManufactureCountry>לא ידוע</ManufactureCountry>
      <ManufacturerItemDescription>נביעות 1 ליטר</ManufacturerItemDescription>
      <UnitQty>לא ידוע</UnitQty>
      <Quantity>1000.00</Quantity>
      <UnitOfMeasure>לא ידוע</UnitOfMeasure>
      <bIsWeighted>0</bIsWeighted>
      <QtyInPackage>לא ידוע</QtyInPackage>
      <ItemPrice>4.90</ItemPrice>
      <UnitOfMeasurePrice>0.0049</UnitOfMeasurePrice>
      <AllowDiscount>1</AllowDiscount>
      <ItemStatus>1</ItemStatus>
      <ItemId>163098</ItemId>
    </Item>
    <Item>
      <PriceUpdateDate>2025-08-21 11:48:32</PriceUpdateDate>
      <ItemCode>7290003009183</ItemCode>
      <ItemType>1</ItemType>
      <ItemName>סירופ דיאט תפוחים פר</ItemName>
      <ManufacturerName>קריות זול</ManufacturerName>
      <ManufactureCountry>לא ידוע</ManufactureCountry>
      <ManufacturerItemDescription>סירופ דיאט תפוחים פר</ManufacturerItemDescription>
      <UnitQty>לא ידוע</UnitQty>
      <Quantity>750.00</Quantity>
      <UnitOfMeasure>לא ידוע</UnitOfMeasure>
      <bIsWeighted>0</bIsWeighted>
      <QtyInPackage>לא ידוע</QtyInPackage>
      <ItemPrice>22.90</ItemPrice>
      <UnitOfMeasurePrice>0.0305</UnitOfMeasurePrice>
      <AllowDiscount>1</AllowDiscount>
      <ItemStatus>1</ItemStatus>
      <ItemId>163135</ItemId>
    </Item>
    <Item>
      <PriceUpdateDate>2025-08-21 11:48:32</PriceUpdateDate>
      <ItemCode>7290003009596</ItemCode>
      <ItemType>1</ItemType>
      <ItemName>סירופ דיאט אשכולית פ</ItemName>
      <ManufacturerName>קריות זול</ManufacturerName>
      <ManufactureCountry>לא ידוע</ManufactureCountry>
      <ManufacturerItemDescription>סירופ דיאט אשכולית פ</ManufacturerItemDescription>
      <UnitQty>לא ידוע</UnitQty>
      <Quantity>750.00</Quantity>
      <UnitOfMeasure>לא ידוע</UnitOfMeasure>
      <bIsWeighted>0</bIsWeighted>
      <QtyInPackage>לא ידוע</QtyInPackage>
      <ItemPrice>22.90</ItemPrice>
      <UnitOfMeasurePrice>0.0305</UnitOfMeasurePrice>
      <AllowDiscount>1</AllowDiscount>
      <ItemStatus>1</ItemStatus>
      <ItemId>163142</ItemId>
    </Item>
    <Item>
      <PriceUpdateDate>2025-08-31 10:24:57</PriceUpdateDate>
      <ItemCode>7290107874502</ItemCode>
      <ItemType>1</ItemType>
      <ItemName>ביסלי גריל מארז אסם</ItemName>
      <ManufacturerName>לא ידוע</ManufacturerName>
      <ManufactureCountry>לא ידוע</ManufactureCountry>
      <ManufacturerItemDescription>ביסלי גריל מארז אסם</ManufacturerItemDescription>
      <UnitQty>לא ידוע</UnitQty>
      <Quantity>220.00</Quantity>
      <UnitOfMeasure>לא ידוע</UnitOfMeasure>
      <bIsWeighted>0</bIsWeighted>
      <QtyInPackage>לא ידוע</QtyInPackage>
      <ItemPrice>16.90</ItemPrice>
      <UnitOfMeasurePrice>0.0768</UnitOfMeasurePrice>
      <AllowDiscount>1</AllowDiscount>
      <ItemStatus>1</ItemStatus>
      <ItemId>215229</ItemId>
    </Item>
    <Item>
      <PriceUpdateDate>2025-08-27 10:16:15</PriceUpdateDate>
      <ItemCode>7290107875820</ItemCode>
      <ItemType>1</ItemType>
      <ItemName>קרוטונים אפויים בתיב</ItemName>
      <ManufacturerName>לא ידוע</ManufacturerName>
      <ManufactureCountry>לא ידוע</ManufactureCountry>
      <ManufacturerItemDescription>קרוטונים אפויים בתיב</ManufacturerItemDescription>
      <UnitQty>לא ידוע</UnitQty>
      <Quantity>180.00</Quantity>
      <UnitOfMeasure>לא ידוע</UnitOfMeasure>
      <bIsWeighted>0</bIsWeighted>
      <QtyInPackage>לא ידוע</QtyInPackage>
      <ItemPrice>16.90</ItemPrice>
      <UnitOfMeasurePrice>0.0939</UnitOfMeasurePrice>
      <AllowDiscount>1</AllowDiscount>
      <ItemStatus>1</ItemStatus>
      <ItemId>215232</ItemId>
    </Item>
    <Item>
      <PriceUpdateDate>2025-08-21 11:48:33</PriceUpdateDate>
      <ItemCode>7290006822192</ItemCode>
      <ItemType>1</ItemType>
      <ItemName>אושן ספריי נקטר חמוצ</ItemName>
      <ManufacturerName>קריות זול</ManufacturerName>
      <ManufactureCountry>לא ידוע</ManufactureCountry>
      <ManufacturerItemDescription>אושן ספריי נקטר חמוצ</ManufacturerItemDescription>
      <UnitQty>לא ידוע</UnitQty>
      <Quantity>1000.00</Quantity>
      <UnitOfMeasure>לא ידוע</UnitOfMeasure>
      <bIsWeighted>0</bIsWeighted>
      <QtyInPackage>לא ידוע</QtyInPackage>
      <ItemPrice>14.30</ItemPrice>
      <UnitOfMeasurePrice>0.0143</UnitOfMeasurePrice>
      <AllowDiscount>1</AllowDiscount>
      <ItemStatus>1</ItemStatus>
      <ItemId>163205</ItemId>
    </Item>
    <Item>
      <PriceUpdateDate>2025-08-26 16:12:47</PriceUpdateDate>
      <ItemCode>7290107877619</ItemCode>
      <ItemType>1</ItemType>
      <ItemName>במבה במילוי קרם נוגט</ItemName>
      <ManufacturerName>לא ידוע</ManufacturerName>
      <ManufactureCountry>לא ידוע</ManufactureCountry>
      <ManufacturerItemDescription>במבה במילוי קרם נוגט</ManufacturerItemDescription>
      <UnitQty>לא ידוע</UnitQty>
      <Quantity>150.00</Quantity>
      <UnitOfMeasure>לא ידוע</UnitOfMeasure>
      <bIsWeighted>0</bIsWeighted>
      <QtyInPackage>לא ידוע</QtyInPackage>
      <ItemPrice>17.90</ItemPrice>
      <UnitOfMeasurePrice>0.1193</UnitOfMeasurePrice>
      <AllowDiscount>1</AllowDiscount>
      <ItemStatus>1</ItemStatus>
      <ItemId>215236</ItemId>
    </Item>
    <Item>
      <PriceUpdateDate>2025-10-29 10:39:23</PriceUpdateDate>
      <ItemCode>7290008909853</ItemCode>
      <ItemType>1</ItemType>
      <ItemName>קוקה-קולה זירו 500 מ</ItemName>
      <ManufacturerName>לא ידוע</ManufacturerName>
      <ManufactureCountry>לא ידוע</ManufactureCountry>
      <ManufacturerItemDescription>קוקה-קולה זירו 500 מ</ManufacturerItemDescription>
      <UnitQty>לא ידוע</UnitQty>
      <Quantity>500.00</Quantity>
      <UnitOfMeasure>לא ידוע</UnitOfMeasure>
      <bIsWeighted>0</bIsWeighted>
      <QtyInPackage>לא ידוע</QtyInPackage>
      <ItemPrice>7.90</ItemPrice>
      <UnitOfMeasurePrice>0.0158</UnitOfMeasurePrice>
      <AllowDiscount>1</AllowDiscount>
      <ItemStatus>1</ItemStatus>
      <ItemId>163272</ItemId>
    </Item>
    <Item>
      <PriceUpdateDate>2025-05-26 14:24:23</PriceUpdateDate>
      <ItemCode>7290011018184</ItemCode>
      <ItemType>1</ItemType>
      <ItemName>פיוז טי תה קר אפרסק</ItemName>
      <ManufacturerName>לא ידוע</ManufacturerName>
      <ManufactureCountry>לא ידוע</ManufactureCountry>
      <ManufacturerItemDescription>פיוז טי תה קר אפרסק</ManufacturerItemDescription>
      <UnitQty>לא ידוע</UnitQty>
      <Quantity>500.00</Quantity>
      <UnitOfMeasure>לא ידוע</UnitOfMeasure>
      <bIsWeighted>0</bIsWeighted>
      <QtyInPackage>לא ידוע</QtyInPackage>
      <ItemPrice>7.80</ItemPrice>
      <UnitOfMeasurePrice>0.0156</UnitOfMeasurePrice>
      <AllowDiscount>1</AllowDiscount>
      <ItemStatus>1</ItemStatus>
      <ItemId>163348</ItemId>
    </Item>
    <Item>
      <PriceUpdateDate>2025-08-21 11:48:35</PriceUpdateDate>
      <ItemCode>7290011018832</ItemCode>
      <ItemType>1</ItemType>
      <ItemName>ק.קולה פחיות שישייה</ItemName>
      <ManufacturerName>לא ידוע</ManufacturerName>
      <ManufactureCountry>לא ידוע</ManufactureCountry>
      <ManufacturerItemDescription>ק.קולה פחיות שישייה</ManufacturerItemDescription>
      <UnitQty>לא ידוע</UnitQty>
      <Quantity>1980.00</Quantity>
      <UnitOfMeasure>לא ידוע</UnitOfMeasure>
      <bIsWeighted>0</bIsWeighted>
      <QtyInPackage>לא ידוע</QtyInPackage>
      <ItemPrice>25.90</ItemPrice>
      <UnitOfMeasurePrice>0.0131</UnitOfMeasurePrice>
      <AllowDiscount>1</AllowDiscount>
      <ItemStatus>1</ItemStatus>
      <ItemId>163374</ItemId>
    </Item>
    <Item>
      <PriceUpdateDate>2025-08-21 11:48:35</PriceUpdateDate>
      <ItemCode>7290011018917</ItemCode>
      <ItemType>1</ItemType>
      <ItemName>ק.קולה זירו פחיות שי</ItemName>
      <ManufacturerName>לא ידוע</ManufacturerName>
      <ManufactureCountry>לא ידוע</ManufactureCountry>
      <ManufacturerItemDescription>ק.קולה זירו פחיות שי</ManufacturerItemDescription>
      <UnitQty>לא ידוע</UnitQty>
      <Quantity>1980.00</Quantity>
      <UnitOfMeasure>לא ידוע</UnitOfMeasure>
      <bIsWeighted>0</bIsWeighted>
      <QtyInPackage>לא ידוע</QtyInPackage>
      <ItemPrice>25.90</ItemPrice>
      <UnitOfMeasurePrice>0.0131</UnitOfMeasurePrice>
      <AllowDiscount>1</AllowDiscount>
      <ItemStatus>1</ItemStatus>
      <ItemId>163376</ItemId>
    </Item>
    <Item>
      <PriceUpdateDate>2025-08-21 13:11:30</PriceUpdateDate>
      <ItemCode>7290003598311</ItemCode>
      <ItemType>1</ItemType>
      <ItemName>מינוט סטייק 300 גרם</ItemName>
      <ManufacturerName>לא ידוע</ManufacturerName>
      <ManufactureCountry>לא ידוע</ManufactureCountry>
      <ManufacturerItemDescription>מינוט סטייק 300 גרם</ManufacturerItemDescription>
      <UnitQty>לא ידוע</UnitQty>
      <Quantity>300.00</Quantity>
      <UnitOfMeasure>לא ידוע</UnitOfMeasure>
      <bIsWeighted>0</bIsWeighted>
      <QtyInPackage>לא ידוע</QtyInPackage>
      <ItemPrice>36.90</ItemPrice>
      <UnitOfMeasurePrice>0.1230</UnitOfMeasurePrice>
      <AllowDiscount>1</AllowDiscount>
      <ItemStatus>1</ItemStatus>
      <ItemId>208610</ItemId>
    </Item>
    <Item>
      <PriceUpdateDate>2025-08-21 11:48:35</PriceUpdateDate>
      <ItemCode>7290013585233</ItemCode>
      <ItemType>1</ItemType>
      <ItemName>ספרייט זירו סילק 330</ItemName>
      <ManufacturerName>לא ידוע</ManufacturerName>
      <ManufactureCountry>לא ידוע</ManufactureCountry>
      <ManufacturerItemDescription>ספרייט זירו סילק 330</ManufacturerItemDescription>
      <UnitQty>לא ידוע</UnitQty>
      <Quantity>330.00</Quantity>
      <UnitOfMeasure>לא ידוע</UnitOfMeasure>
      <bIsWeighted>0</bIsWeighted>
      <QtyInPackage>לא ידוע</QtyInPackage>
      <ItemPrice>7.90</ItemPrice>
      <UnitOfMeasurePrice>0.0239</UnitOfMeasurePrice>
      <AllowDiscount>1</AllowDiscount>
      <ItemStatus>1</ItemStatus>
      <ItemId>163402</ItemId>
    </Item>
    <Item>
      <PriceUpdateDate>2025-05-26 14:24:25</PriceUpdateDate>
      <ItemCode>7290013585387</ItemCode>
      <ItemType>1</ItemType>
      <ItemName>קוקה קולה זירו 1 ליט</ItemName>
      <ManufacturerName>לא ידוע</ManufacturerName>
      <ManufactureCountry>לא ידוע</ManufactureCountry>
      <ManufacturerItemDescription>קוקה קולה זירו 1 ליט</ManufacturerItemDescription>
      <UnitQty>לא ידוע</UnitQty>
      <Quantity>1000.00</Quantity>
      <UnitOfMeasure>לא ידוע</UnitOfMeasure>
      <bIsWeighted>0</bIsWeighted>
      <QtyInPackage>לא ידוע</QtyInPackage>
      <ItemPrice>7.70</ItemPrice>
      <UnitOfMeasurePrice>0.0077</UnitOfMeasurePrice>
      <AllowDiscount>1</AllowDiscount>
      <ItemStatus>1</ItemStatus>
      <ItemId>163413</ItemId>
    </Item>
    <Item>
      <PriceUpdateDate>2025-05-26 14:24:25</PriceUpdateDate>
      <ItemCode>7290013585394</ItemCode>
      <ItemType>1</ItemType>
      <ItemName>קוקה קולה 1ליטר</ItemName>
      <ManufacturerName>לא ידוע</ManufacturerName>
      <ManufactureCountry>לא ידוע</ManufactureCountry>
      <ManufacturerItemDescription>קוקה קולה 1ליטר</ManufacturerItemDescription>
      <UnitQty>לא ידוע</UnitQty>
      <Quantity>1000.00</Quantity>
      <UnitOfMeasure>לא ידוע</UnitOfMeasure>
      <bIsWeighted>0</bIsWeighted>
      <QtyInPackage>לא ידוע</QtyInPackage>
      <ItemPrice>7.70</ItemPrice>
      <UnitOfMeasurePrice>0.0077</UnitOfMeasurePrice>
      <AllowDiscount>1</AllowDiscount>
      <ItemStatus>1</ItemStatus>
      <ItemId>163414</ItemId>
    </Item>
    <Item>
      <PriceUpdateDate>2025-08-18 09:17:50</PriceUpdateDate>
      <ItemCode>7290005384899</ItemCode>
      <ItemType>1</ItemType>
      <ItemName>פטינה ויליפוד</ItemName>
      <ManufacturerName>לא ידוע</ManufacturerName>
      <ManufactureCountry>הולנד</ManufactureCountry>
      <ManufacturerItemDescription>פטינה ויליפוד</ManufacturerItemDescription>
      <UnitQty>קילוגרמים</UnitQty>
      <Quantity>1.00</Quantity>
      <UnitOfMeasure>ק"ג</UnitOfMeasure>
      <bIsWeighted>1</bIsWeighted>
      <QtyInPackage>לא ידוע</QtyInPackage>
      <ItemPrice>40.00</ItemPrice>
      <UnitOfMeasurePrice>40.0000</UnitOfMeasurePrice>
      <AllowDiscount>1</AllowDiscount>
      <ItemStatus>1</ItemStatus>
      <ItemId>215254</ItemId>
    </Item>
    <Item>
      <PriceUpdateDate>2025-08-26 14:36:53</PriceUpdateDate>
      <ItemCode>7290008175814</ItemCode>
      <ItemType>1</ItemType>
      <ItemName>פטריות חתוכות ויליפו</ItemName>
      <ManufacturerName>קריות זול</ManufacturerName>
      <ManufactureCountry>לא ידוע</ManufactureCountry>
      <ManufacturerItemDescription>פטריות חתוכות ויליפו</ManufacturerItemDescription>
      <UnitQty>לא ידוע</UnitQty>
      <Quantity>400.00</Quantity>
      <UnitOfMeasure>לא ידוע</UnitOfMeasure>
      <bIsWeighted>0</bIsWeighted>
      <QtyInPackage>לא ידוע</QtyInPackage>
      <ItemPrice>7.90</ItemPrice>
      <UnitOfMeasurePrice>0.0198</UnitOfMeasurePrice>
      <AllowDiscount>1</AllowDiscount>
      <ItemStatus>1</ItemStatus>
      <ItemId>215265</ItemId>
    </Item>
    <Item>
      <PriceUpdateDate>2025-12-03 08:17:52</PriceUpdateDate>
      <ItemCode>7290012483615</ItemCode>
      <ItemType>1</ItemType>
      <ItemName>תחתיות ארטישוק קפואו</ItemName>
      <ManufacturerName>לא ידוע</ManufacturerName>
      <ManufactureCountry>לא ידוע</ManufactureCountry>
      <ManufacturerItemDescription>תחתיות ארטישוק קפואו</ManufacturerItemDescription>
      <UnitQty>לא ידוע</UnitQty>
      <Quantity>400.00</Quantity>
      <UnitOfMeasure>לא ידוע</UnitOfMeasure>
      <bIsWeighted>0</bIsWeighted>
      <QtyInPackage>לא ידוע</QtyInPackage>
      <ItemPrice>11.90</ItemPrice>
      <UnitOfMeasurePrice>0.0298</UnitOfMeasurePrice>
      <AllowDiscount>1</AllowDiscount>
      <ItemStatus>1</ItemStatus>
      <ItemId>215267</ItemId>
    </Item>
    <Item>
      <PriceUpdateDate>2025-08-18 09:17:04</PriceUpdateDate>
      <ItemCode>4015000031394</ItemCode>
      <ItemType>1</ItemType>
      <ItemName>ספטיל מסיר כתמים 200</ItemName>
      <ManufacturerName>קריות זול</ManufacturerName>
      <ManufactureCountry>לא ידוע</ManufactureCountry>
      <ManufacturerItemDescription>ספטיל מסיר כתמים 200</ManufacturerItemDescription>
      <UnitQty>לא ידוע</UnitQty>
      <Quantity>200.00</Quantity>
      <UnitOfMeasure>לא ידוע</UnitOfMeasure>
      <bIsWeighted>0</bIsWeighted>
      <QtyInPackage>לא ידוע</QtyInPackage>
      <ItemPrice>20.90</ItemPrice>
      <UnitOfMeasurePrice>0.1045</UnitOfMeasurePrice>
      <AllowDiscount>1</AllowDiscount>
      <ItemStatus>1</ItemStatus>
      <ItemId>163672</ItemId>
    </Item>
    <Item>
      <PriceUpdateDate>2025-09-08 08:14:12</PriceUpdateDate>
      <ItemCode>7297534055511</ItemCode>
      <ItemType>1</ItemType>
      <ItemName>מטריה גברים סיליקון</ItemName>
      <ManufacturerName>לא ידוע</ManufacturerName>
      <ManufactureCountry>לא ידוע</ManufactureCountry>
      <ManufacturerItemDescription>מטריה גברים סיליקון</ManufacturerItemDescription>
      <UnitQty>יחידה   </UnitQty>
      <Quantity>0.00</Quantity>
      <UnitOfMeasure>יחידה   </UnitOfMeasure>
      <bIsWeighted>0</bIsWeighted>
      <QtyInPackage>לא ידוע</QtyInPackage>
      <ItemPrice>39.90</ItemPrice>
      <UnitOfMeasurePrice>0.0000</UnitOfMeasurePrice>
      <AllowDiscount>1</AllowDiscount>
      <ItemStatus>1</ItemStatus>
      <ItemId>249387</ItemId>
    </Item>
    <Item>
      <PriceUpdateDate>2025-09-07 10:42:51</PriceUpdateDate>
      <ItemCode>7290111344206</ItemCode>
      <ItemType>1</ItemType>
      <ItemName>מגבוני האגיס נטורל ק</ItemName>
      <ManufacturerName>לא ידוע</ManufacturerName>
      <ManufactureCountry>לא ידוע</ManufactureCountry>
      <ManufacturerItemDescription>מגבוני האגיס נטורל ק</ManufacturerItemDescription>
      <UnitQty>יחידה   </UnitQty>
      <Quantity>0.00</Quantity>
      <UnitOfMeasure>יחידה   </UnitOfMeasure>
      <bIsWeighted>0</bIsWeighted>
      <QtyInPackage>לא ידוע</QtyInPackage>
      <ItemPrice>22.90</ItemPrice>
      <UnitOfMeasurePrice>0.0000</UnitOfMeasurePrice>
      <AllowDiscount>1</AllowDiscount>
      <ItemStatus>1</ItemStatus>
      <ItemId>236525</ItemId>
    </Item>
    <Item>
      <PriceUpdateDate>2025-08-26 11:55:29</PriceUpdateDate>
      <ItemCode>7290000245072</ItemCode>
      <ItemType>1</ItemType>
      <ItemName>סוד מרכך כביסה בייבי</ItemName>
      <ManufacturerName>קריות זול</ManufacturerName>
      <ManufactureCountry>לא ידוע</ManufactureCountry>
      <ManufacturerItemDescription>סוד מרכך כביסה בייבי</ManufacturerItemDescription>
      <UnitQty>ליטרים</UnitQty>
      <Quantity>4.00</Quantity>
      <UnitOfMeasure>ליטר    </UnitOfMeasure>
      <bIsWeighted>0</bIsWeighted>
      <QtyInPackage>לא ידוע</QtyInPackage>
      <ItemPrice>20.90</ItemPrice>
      <UnitOfMeasurePrice>5.2250</UnitOfMeasurePrice>
      <AllowDiscount>1</AllowDiscount>
      <ItemStatus>1</ItemStatus>
      <ItemId>163691</ItemId>
    </Item>
    <Item>
      <PriceUpdateDate>2025-08-26 11:55:32</PriceUpdateDate>
      <ItemCode>7290000245287</ItemCode>
      <ItemType>1</ItemType>
      <ItemName>פרסיל קולור שקית אבק</ItemName>
      <ManufacturerName>קריות זול</ManufacturerName>
      <ManufactureCountry>לא ידוע</ManufactureCountry>
      <ManufacturerItemDescription>פרסיל קולור שקית אבק</ManufacturerItemDescription>
      <UnitQty>קילוגרמים</UnitQty>
      <Quantity>1.25</Quantity>
      <UnitOfMeasure>ק"ג     </UnitOfMeasure>
      <bIsWeighted>0</bIsWeighted>
      <QtyInPackage>לא ידוע</QtyInPackage>
      <ItemPrice>17.90</ItemPrice>
      <UnitOfMeasurePrice>14.3200</UnitOfMeasurePrice>
      <AllowDiscount>1</AllowDiscount>
      <ItemStatus>1</ItemStatus>
      <ItemId>163697</ItemId>
    </Item>
    <Item>
      <PriceUpdateDate>2025-08-26 12:46:15</PriceUpdateDate>
      <ItemCode>7290100924631</ItemCode>
      <ItemType>1</ItemType>
      <ItemName>סוד מרכך כביסה מרוכז</ItemName>
      <ManufacturerName>לא ידוע</ManufacturerName>
      <ManufactureCountry>לא ידוע</ManufactureCountry>
      <ManufacturerItemDescription>סוד מרכך כביסה מרוכז</ManufacturerItemDescription>
      <UnitQty>לא ידוע</UnitQty>
      <Quantity>900.00</Quantity>
      <UnitOfMeasure>לא ידוע</UnitOfMeasure>
      <bIsWeighted>0</bIsWeighted>
      <QtyInPackage>לא ידוע</QtyInPackage>
      <ItemPrice>15.90</ItemPrice>
      <UnitOfMeasurePrice>0.0177</UnitOfMeasurePrice>
      <AllowDiscount>1</AllowDiscount>
      <ItemStatus>1</ItemStatus>
      <ItemId>163747</ItemId>
    </Item>
    <Item>
      <PriceUpdateDate>2025-04-22 15:08:17</PriceUpdateDate>
      <ItemCode>7290000001968</ItemCode>
      <ItemType>1</ItemType>
      <ItemName>שניצל עוף  טרי</ItemName>
      <ManufacturerName>לא ידוע</ManufacturerName>
      <ManufactureCountry>ישראל</ManufactureCountry>
      <ManufacturerItemDescription>שניצל עוף  טרי</ManufacturerItemDescription>
      <UnitQty>קילוגרמים</UnitQty>
      <Quantity>1.00</Quantity>
      <UnitOfMeasure>ק"ג</UnitOfMeasure>
      <bIsWeighted>1</bIsWeighted>
      <QtyInPackage>לא ידוע</QtyInPackage>
      <ItemPrice>54.90</ItemPrice>
      <UnitOfMeasurePrice>54.9000</UnitOfMeasurePrice>
      <AllowDiscount>1</AllowDiscount>
      <ItemStatus>1</ItemStatus>
      <ItemId>163903</ItemId>
    </Item>
    <Item>
      <PriceUpdateDate>2024-10-30 07:48:45</PriceUpdateDate>
      <ItemCode>7290000001999</ItemCode>
      <ItemType>1</ItemType>
      <ItemName>לב עוף לצליה בלבד</ItemName>
      <ManufacturerName>לא ידוע</ManufacturerName>
      <ManufactureCountry>ישראל</ManufactureCountry>
      <ManufacturerItemDescription>לב עוף לצליה בלבד</ManufacturerItemDescription>
      <UnitQty>קילוגרמים</UnitQty>
      <Quantity>1.00</Quantity>
      <UnitOfMeasure>ק"ג</UnitOfMeasure>
      <bIsWeighted>1</bIsWeighted>
      <QtyInPackage>לא ידוע</QtyInPackage>
      <ItemPrice>37.90</ItemPrice>
      <UnitOfMeasurePrice>37.9000</UnitOfMeasurePrice>
      <AllowDiscount>1</AllowDiscount>
      <ItemStatus>1</ItemStatus>
      <ItemId>163905</ItemId>
    </Item>
    <Item>
      <PriceUpdateDate>2024-10-30 07:48:45</PriceUpdateDate>
      <ItemCode>7290000002019</ItemCode>
      <ItemType>1</ItemType>
      <ItemName>חזה עוף שלם טרי מוכש</ItemName>
      <ManufacturerName>לא ידוע</ManufacturerName>
      <ManufactureCountry>ישראל</ManufactureCountry>
      <ManufacturerItemDescription>חזה עוף שלם טרי מוכש</ManufacturerItemDescription>
      <UnitQty>קילוגרמים</UnitQty>
      <Quantity>1.00</Quantity>
      <UnitOfMeasure>ק"ג</UnitOfMeasure>
      <bIsWeighted>1</bIsWeighted>
      <QtyInPackage>לא ידוע</QtyInPackage>
      <ItemPrice>47.90</ItemPrice>
      <UnitOfMeasurePrice>47.9000</UnitOfMeasurePrice>
      <AllowDiscount>1</AllowDiscount>
      <ItemStatus>1</ItemStatus>
      <ItemId>163906</ItemId>
    </Item>
    <Item>
      <PriceUpdateDate>2022-05-22 08:42:02</PriceUpdateDate>
      <ItemCode>7290000002033</ItemCode>
      <ItemType>1</ItemType>
      <ItemName>שווארמה הוד טרי</ItemName>
      <ManufacturerName>לא ידוע</ManufacturerName>
      <ManufactureCountry>לא ידוע</ManufactureCountry>
      <ManufacturerItemDescription>שווארמה הוד טרי</ManufacturerItemDescription>
      <UnitQty>קילוגרמים</UnitQty>
      <Quantity>1.00</Quantity>
      <UnitOfMeasure>ק"ג</UnitOfMeasure>
      <bIsWeighted>1</bIsWeighted>
      <QtyInPackage>לא ידוע</QtyInPackage>
      <ItemPrice>74.90</ItemPrice>
      <UnitOfMeasurePrice>74.9000</UnitOfMeasurePrice>
      <AllowDiscount>1</AllowDiscount>
      <ItemStatus>1</ItemStatus>
      <ItemId>163907</ItemId>
    </Item>
    <Item>
      <PriceUpdateDate>2023-06-01 08:29:44</PriceUpdateDate>
      <ItemCode>7290000002057</ItemCode>
      <ItemType>1</ItemType>
      <ItemName>בשר אדום הודו טרי</ItemName>
      <ManufacturerName>לא ידוע</ManufacturerName>
      <ManufactureCountry>ישראל</ManufactureCountry>
      <ManufacturerItemDescription>בשר אדום הודו טרי</ManufacturerItemDescription>
      <UnitQty>קילוגרמים</UnitQty>
      <Quantity>1.00</Quantity>
      <UnitOfMeasure>ק"ג</UnitOfMeasure>
      <bIsWeighted>1</bIsWeighted>
      <QtyInPackage>לא ידוע</QtyInPackage>
      <ItemPrice>59.90</ItemPrice>
      <UnitOfMeasurePrice>59.9000</UnitOfMeasurePrice>
      <AllowDiscount>1</AllowDiscount>
      <ItemStatus>1</ItemStatus>
      <ItemId>163909</ItemId>
    </Item>
    <Item>
      <PriceUpdateDate>2023-06-01 08:29:44</PriceUpdateDate>
      <ItemCode>7290000002064</ItemCode>
      <ItemType>1</ItemType>
      <ItemName>טחון הודו אדום טרי</ItemName>
      <ManufacturerName>לא ידוע</ManufacturerName>
      <ManufactureCountry>ישראל</ManufactureCountry>
      <ManufacturerItemDescription>טחון הודו אדום טרי</ManufacturerItemDescription>
      <UnitQty>קילוגרמים</UnitQty>
      <Quantity>1.00</Quantity>
      <UnitOfMeasure>ק"ג</UnitOfMeasure>
      <bIsWeighted>1</bIsWeighted>
      <QtyInPackage>לא ידוע</QtyInPackage>
      <ItemPrice>59.90</ItemPrice>
      <UnitOfMeasurePrice>59.9000</UnitOfMeasurePrice>
      <AllowDiscount>1</AllowDiscount>
      <ItemStatus>1</ItemStatus>
      <ItemId>163910</ItemId>
    </Item>
    <Item>
      <PriceUpdateDate>2024-10-30 07:48:46</PriceUpdateDate>
      <ItemCode>7290000004730</ItemCode>
      <ItemType>1</ItemType>
      <ItemName>טחון עוף טרי</ItemName>
      <ManufacturerName>לא ידוע</ManufacturerName>
      <ManufactureCountry>ישראל</ManufactureCountry>
      <ManufacturerItemDescription>טחון עוף טרי</ManufacturerItemDescription>
      <UnitQty>קילוגרמים</UnitQty>
      <Quantity>1.00</Quantity>
      <UnitOfMeasure>ק"ג</UnitOfMeasure>
      <bIsWeighted>1</bIsWeighted>
      <QtyInPackage>לא ידוע</QtyInPackage>
      <ItemPrice>49.90</ItemPrice>
      <UnitOfMeasurePrice>49.9000</UnitOfMeasurePrice>
      <AllowDiscount>1</AllowDiscount>
      <ItemStatus>1</ItemStatus>
      <ItemId>163915</ItemId>
    </Item>
    <Item>
      <PriceUpdateDate>2024-10-30 07:48:46</PriceUpdateDate>
      <ItemCode>7290000007274</ItemCode>
      <ItemType>1</ItemType>
      <ItemName>כרעיים טרי ללא עור</ItemName>
      <ManufacturerName>לא ידוע</ManufacturerName>
      <ManufactureCountry>ישראל</ManufactureCountry>
      <ManufacturerItemDescription>כרעיים טרי ללא עור</ManufacturerItemDescription>
      <UnitQty>קילוגרמים</UnitQty>
      <Quantity>1.00</Quantity>
      <UnitOfMeasure>ק"ג</UnitOfMeasure>
      <bIsWeighted>1</bIsWeighted>
      <QtyInPackage>לא ידוע</QtyInPackage>
      <ItemPrice>39.90</ItemPrice>
      <UnitOfMeasurePrice>39.9000</UnitOfMeasurePrice>
      <AllowDiscount>1</AllowDiscount>
      <ItemStatus>1</ItemStatus>
      <ItemId>163919</ItemId>
    </Item>
    <Item>
      <PriceUpdateDate>2025-01-07 15:45:33</PriceUpdateDate>
      <ItemCode>7290000007700</ItemCode>
      <ItemType>1</ItemType>
      <ItemName>גרון הודו זכר טרי</ItemName>
      <ManufacturerName>לא ידוע</ManufacturerName>
      <ManufactureCountry>ישראל</ManufactureCountry>
      <ManufacturerItemDescription>גרון הודו זכר טרי</ManufacturerItemDescription>
      <UnitQty>קילוגרמים</UnitQty>
      <Quantity>1.00</Quantity>
      <UnitOfMeasure>ק"ג</UnitOfMeasure>
      <bIsWeighted>1</bIsWeighted>
      <QtyInPackage>לא ידוע</QtyInPackage>
      <ItemPrice>35.90</ItemPrice>
      <UnitOfMeasurePrice>35.9000</UnitOfMeasurePrice>
      <AllowDiscount>1</AllowDiscount>
      <ItemStatus>1</ItemStatus>
      <ItemId>163922</ItemId>
    </Item>
    <Item>
      <PriceUpdateDate>2023-09-04 12:41:13</PriceUpdateDate>
      <ItemCode>7290000037066</ItemCode>
      <ItemType>1</ItemType>
      <ItemName>פרגית טרי</ItemName>
      <ManufacturerName>לא ידוע</ManufacturerName>
      <ManufactureCountry>ישראל</ManufactureCountry>
      <ManufacturerItemDescription>פרגית טרי</ManufacturerItemDescription>
      <UnitQty>קילוגרמים</UnitQty>
      <Quantity>1.00</Quantity>
      <UnitOfMeasure>ק"ג</UnitOfMeasure>
      <bIsWeighted>1</bIsWeighted>
      <QtyInPackage>לא ידוע</QtyInPackage>
      <ItemPrice>69.90</ItemPrice>
      <UnitOfMeasurePrice>69.9000</UnitOfMeasurePrice>
      <AllowDiscount>1</AllowDiscount>
      <ItemStatus>1</ItemStatus>
      <ItemId>163935</ItemId>
    </Item>
    <Item>
      <PriceUpdateDate>2025-07-16 10:38:47</PriceUpdateDate>
      <ItemCode>7290000611181</ItemCode>
      <ItemType>1</ItemType>
      <ItemName>כנפיים עוף טרי</ItemName>
      <ManufacturerName>לא ידוע</ManufacturerName>
      <ManufactureCountry>ישראל</ManufactureCountry>
      <ManufacturerItemDescription>כנפיים עוף טרי</ManufacturerItemDescription>
      <UnitQty>קילוגרמים</UnitQty>
      <Quantity>1.00</Quantity>
      <UnitOfMeasure>ק"ג</UnitOfMeasure>
      <bIsWeighted>1</bIsWeighted>
      <QtyInPackage>לא ידוע</QtyInPackage>
      <ItemPrice>14.90</ItemPrice>
      <UnitOfMeasurePrice>14.9000</UnitOfMeasurePrice>
      <AllowDiscount>1</AllowDiscount>
      <ItemStatus>1</ItemStatus>
      <ItemId>163946</ItemId>
    </Item>
    <Item>
      <PriceUpdateDate>2024-04-02 13:57:21</PriceUpdateDate>
      <ItemCode>7290000611242</ItemCode>
      <ItemType>1</ItemType>
      <ItemName>פילה עוף טרי</ItemName>
      <ManufacturerName>לא ידוע</ManufacturerName>
      <ManufactureCountry>ישראל</ManufactureCountry>
      <ManufacturerItemDescription>פילה עוף טרי</ManufacturerItemDescription>
      <UnitQty>קילוגרמים</UnitQty>
      <Quantity>1.00</Quantity>
      <UnitOfMeasure>ק"ג</UnitOfMeasure>
      <bIsWeighted>1</bIsWeighted>
      <QtyInPackage>לא ידוע</QtyInPackage>
      <ItemPrice>54.90</ItemPrice>
      <UnitOfMeasurePrice>54.9000</UnitOfMeasurePrice>
      <AllowDiscount>1</AllowDiscount>
      <ItemStatus>1</ItemStatus>
      <ItemId>163950</ItemId>
    </Item>
    <Item>
      <PriceUpdateDate>2025-08-20 13:23:57</PriceUpdateDate>
      <ItemCode>7290003054183</ItemCode>
      <ItemType>1</ItemType>
      <ItemName>לחם שיפון מלא מסטמכר</ItemName>
      <ManufacturerName>קריות זול</ManufacturerName>
      <ManufactureCountry>לא ידוע</ManufactureCountry>
      <ManufacturerItemDescription>לחם שיפון מלא מסטמכר</ManufacturerItemDescription>
      <UnitQty>לא ידוע</UnitQty>
      <Quantity>500.00</Quantity>
      <UnitOfMeasure>לא ידוע</UnitOfMeasure>
      <bIsWeighted>0</bIsWeighted>
      <QtyInPackage>לא ידוע</QtyInPackage>
      <ItemPrice>16.90</ItemPrice>
      <UnitOfMeasurePrice>0.0338</UnitOfMeasurePrice>
      <AllowDiscount>1</AllowDiscount>
      <ItemStatus>1</ItemStatus>
      <ItemId>215311</ItemId>
    </Item>
    <Item>
      <PriceUpdateDate>2025-08-20 13:23:58</PriceUpdateDate>
      <ItemCode>7290003054220</ItemCode>
      <ItemType>1</ItemType>
      <ItemName>לחם שיפון פומפרניקל</ItemName>
      <ManufacturerName>קריות זול</ManufacturerName>
      <ManufactureCountry>לא ידוע</ManufactureCountry>
      <ManufacturerItemDescription>לחם שיפון פומפרניקל</ManufacturerItemDescription>
      <UnitQty>לא ידוע</UnitQty>
      <Quantity>500.00</Quantity>
      <UnitOfMeasure>לא ידוע</UnitOfMeasure>
      <bIsWeighted>0</bIsWeighted>
      <QtyInPackage>לא ידוע</QtyInPackage>
      <ItemPrice>16.90</ItemPrice>
      <UnitOfMeasurePrice>0.0338</UnitOfMeasurePrice>
      <AllowDiscount>1</AllowDiscount>
      <ItemStatus>1</ItemStatus>
      <ItemId>215313</ItemId>
    </Item>
    <Item>
      <PriceUpdateDate>2025-09-07 08:45:09</PriceUpdateDate>
      <ItemCode>8850367100101</ItemCode>
      <ItemType>1</ItemType>
      <ItemName>שימורי קרם קוקוס 17%</ItemName>
      <ManufacturerName>לא ידוע</ManufacturerName>
      <ManufactureCountry>לא ידוע</ManufactureCountry>
      <ManufacturerItemDescription>שימורי קרם קוקוס 17%</ManufacturerItemDescription>
      <UnitQty>לא ידוע</UnitQty>
      <Quantity>160.00</Quantity>
      <UnitOfMeasure>לא ידוע</UnitOfMeasure>
      <bIsWeighted>0</bIsWeighted>
      <QtyInPackage>לא ידוע</QtyInPackage>
      <ItemPrice>5.90</ItemPrice>
      <UnitOfMeasurePrice>0.0369</UnitOfMeasurePrice>
      <AllowDiscount>1</AllowDiscount>
      <ItemStatus>1</ItemStatus>
      <ItemId>255517</ItemId>
    </Item>
    <Item>
      <PriceUpdateDate>2025-06-17 10:35:29</PriceUpdateDate>
      <ItemCode>7290119777945</ItemCode>
      <ItemType>1</ItemType>
      <ItemName>ספרינג מנגו בננה 1.5</ItemName>
      <ManufacturerName>קריות זול</ManufacturerName>
      <ManufactureCountry>לא ידוע</ManufactureCountry>
      <ManufacturerItemDescription>ספרינג מנגו בננה 1.5</ManufacturerItemDescription>
      <UnitQty>לא ידוע</UnitQty>
      <Quantity>1500.00</Quantity>
      <UnitOfMeasure>לא ידוע</UnitOfMeasure>
      <bIsWeighted>0</bIsWeighted>
      <QtyInPackage>לא ידוע</QtyInPackage>
      <ItemPrice>8.50</ItemPrice>
      <UnitOfMeasurePrice>0.0057</UnitOfMeasurePrice>
      <AllowDiscount>1</AllowDiscount>
      <ItemStatus>1</ItemStatus>
      <ItemId>254830</ItemId>
    </Item>
    <Item>
      <PriceUpdateDate>2025-08-22 11:32:52</PriceUpdateDate>
      <ItemCode>7290000288352</ItemCode>
      <ItemType>1</ItemType>
      <ItemName>K-300 לקטילת גוקים נ</ItemName>
      <ManufacturerName>קריות זול</ManufacturerName>
      <ManufactureCountry>לא ידוע</ManufactureCountry>
      <ManufacturerItemDescription>K-300 לקטילת גוקים נ</ManufacturerItemDescription>
      <UnitQty>לא ידוע</UnitQty>
      <Quantity>630.00</Quantity>
      <UnitOfMeasure>לא ידוע</UnitOfMeasure>
      <bIsWeighted>0</bIsWeighted>
      <QtyInPackage>לא ידוע</QtyInPackage>
      <ItemPrice>25.90</ItemPrice>
      <UnitOfMeasurePrice>0.0411</UnitOfMeasurePrice>
      <AllowDiscount>1</AllowDiscount>
      <ItemStatus>1</ItemStatus>
      <ItemId>215356</ItemId>
    </Item>
    <Item>
      <PriceUpdateDate>2025-08-21 12:22:13</PriceUpdateDate>
      <ItemCode>7290012022227</ItemCode>
      <ItemType>1</ItemType>
      <ItemName>קליליות (פריכיות) חי</ItemName>
      <ManufacturerName>לא ידוע</ManufacturerName>
      <ManufactureCountry>לא ידוע</ManufactureCountry>
      <ManufacturerItemDescription>קליליות (פריכיות) חי</ManufacturerItemDescription>
      <UnitQty>לא ידוע</UnitQty>
      <Quantity>100.00</Quantity>
      <UnitOfMeasure>לא ידוע</UnitOfMeasure>
      <bIsWeighted>0</bIsWeighted>
      <QtyInPackage>לא ידוע</QtyInPackage>
      <ItemPrice>14.90</ItemPrice>
      <UnitOfMeasurePrice>0.1490</UnitOfMeasurePrice>
      <AllowDiscount>1</AllowDiscount>
      <ItemStatus>1</ItemStatus>
      <ItemId>164090</ItemId>
    </Item>
    <Item>
      <PriceUpdateDate>2025-01-29 12:16:50</PriceUpdateDate>
      <ItemCode>7290002057093</ItemCode>
      <ItemType>1</ItemType>
      <ItemName>זית מנזלינו ירוק יבנ</ItemName>
      <ManufacturerName>לא ידוע</ManufacturerName>
      <ManufactureCountry>לא ידוע</ManufactureCountry>
      <ManufacturerItemDescription>זית מנזלינו ירוק יבנ</ManufacturerItemDescription>
      <UnitQty>לא ידוע</UnitQty>
      <Quantity>540.00</Quantity>
      <UnitOfMeasure>לא ידוע</UnitOfMeasure>
      <bIsWeighted>0</bIsWeighted>
      <QtyInPackage>לא ידוע</QtyInPackage>
      <ItemPrice>12.90</ItemPrice>
      <UnitOfMeasurePrice>0.0239</UnitOfMeasurePrice>
      <AllowDiscount>1</AllowDiscount>
      <ItemStatus>1</ItemStatus>
      <ItemId>164100</ItemId>
    </Item>
    <Item>
      <PriceUpdateDate>2025-05-05 14:54:46</PriceUpdateDate>
      <ItemCode>7290002057475</ItemCode>
      <ItemType>1</ItemType>
      <ItemName>מלפפון 13-17 בחומץ 5</ItemName>
      <ManufacturerName>קריות זול</ManufacturerName>
      <ManufactureCountry>לא ידוע</ManufactureCountry>
      <ManufacturerItemDescription>מלפפון 13-17 בחומץ 5</ManufacturerItemDescription>
      <UnitQty>לא ידוע</UnitQty>
      <Quantity>540.00</Quantity>
      <UnitOfMeasure>לא ידוע</UnitOfMeasure>
      <bIsWeighted>0</bIsWeighted>
      <QtyInPackage>לא ידוע</QtyInPackage>
      <ItemPrice>11.90</ItemPrice>
      <UnitOfMeasurePrice>0.0220</UnitOfMeasurePrice>
      <AllowDiscount>1</AllowDiscount>
      <ItemStatus>1</ItemStatus>
      <ItemId>164131</ItemId>
    </Item>
    <Item>
      <PriceUpdateDate>2025-08-22 11:36:06</PriceUpdateDate>
      <ItemCode>7290005425646</ItemCode>
      <ItemType>1</ItemType>
      <ItemName>סנוקליר לניקוי חלונו</ItemName>
      <ManufacturerName>קריות זול</ManufacturerName>
      <ManufactureCountry>לא ידוע</ManufactureCountry>
      <ManufacturerItemDescription>סנוקליר לניקוי חלונו</ManufacturerItemDescription>
      <UnitQty>לא ידוע</UnitQty>
      <Quantity>1000.00</Quantity>
      <UnitOfMeasure>לא ידוע</UnitOfMeasure>
      <bIsWeighted>0</bIsWeighted>
      <QtyInPackage>לא ידוע</QtyInPackage>
      <ItemPrice>11.90</ItemPrice>
      <UnitOfMeasurePrice>0.0119</UnitOfMeasurePrice>
      <AllowDiscount>1</AllowDiscount>
      <ItemStatus>1</ItemStatus>
      <ItemId>215370</ItemId>
    </Item>
    <Item>
      <PriceUpdateDate>2025-08-31 10:00:45</PriceUpdateDate>
      <ItemCode>7290018400470</ItemCode>
      <ItemType>1</ItemType>
      <ItemName>כרישה חתוכה מוקפאת ס</ItemName>
      <ManufacturerName>לא ידוע</ManufacturerName>
      <ManufactureCountry>לא ידוע</ManufactureCountry>
      <ManufacturerItemDescription>כרישה חתוכה מוקפאת ס</ManufacturerItemDescription>
      <UnitQty>לא ידוע</UnitQty>
      <Quantity>600.00</Quantity>
      <UnitOfMeasure>לא ידוע</UnitOfMeasure>
      <bIsWeighted>0</bIsWeighted>
      <QtyInPackage>לא ידוע</QtyInPackage>
      <ItemPrice>24.50</ItemPrice>
      <UnitOfMeasurePrice>0.0408</UnitOfMeasurePrice>
      <AllowDiscount>1</AllowDiscount>
      <ItemStatus>1</ItemStatus>
      <ItemId>239250</ItemId>
    </Item>
    <Item>
      <PriceUpdateDate>2025-08-22 11:39:29</PriceUpdateDate>
      <ItemCode>7290013269638</ItemCode>
      <ItemType>1</ItemType>
      <ItemName>סנו סושי ספוג הפלא א</ItemName>
      <ManufacturerName>לא ידוע</ManufacturerName>
      <ManufactureCountry>לא ידוע</ManufactureCountry>
      <ManufacturerItemDescription>סנו סושי ספוג הפלא א</ManufacturerItemDescription>
      <UnitQty>יחידה   </UnitQty>
      <Quantity>0.00</Quantity>
      <UnitOfMeasure>יחידה   </UnitOfMeasure>
      <bIsWeighted>0</bIsWeighted>
      <QtyInPackage>לא ידוע</QtyInPackage>
      <ItemPrice>13.90</ItemPrice>
      <UnitOfMeasurePrice>0.0000</UnitOfMeasurePrice>
      <AllowDiscount>1</AllowDiscount>
      <ItemStatus>1</ItemStatus>
      <ItemId>215382</ItemId>
    </Item>
    <Item>
      <PriceUpdateDate>2024-05-23 08:22:07</PriceUpdateDate>
      <ItemCode>7290014581036</ItemCode>
      <ItemType>1</ItemType>
      <ItemName>פחמים כ- 2 ק"ג</ItemName>
      <ManufacturerName>לא ידוע</ManufacturerName>
      <ManufactureCountry>לא ידוע</ManufactureCountry>
      <ManufacturerItemDescription>פחמים כ- 2 ק"ג</ManufacturerItemDescription>
      <UnitQty>יחידה   </UnitQty>
      <Quantity>0.00</Quantity>
      <UnitOfMeasure>יחידה   </UnitOfMeasure>
      <bIsWeighted>0</bIsWeighted>
      <QtyInPackage>לא ידוע</QtyInPackage>
      <ItemPrice>14.90</ItemPrice>
      <UnitOfMeasurePrice>0.0000</UnitOfMeasurePrice>
      <AllowDiscount>1</AllowDiscount>
      <ItemStatus>1</ItemStatus>
      <ItemId>164296</ItemId>
    </Item>
    <Item>
      <PriceUpdateDate>2025-09-03 07:27:39</PriceUpdateDate>
      <ItemCode>7290111096921</ItemCode>
      <ItemType>1</ItemType>
      <ItemName>קוויק מגבונים לניקוי</ItemName>
      <ManufacturerName>לא ידוע</ManufacturerName>
      <ManufactureCountry>לא ידוע</ManufactureCountry>
      <ManufacturerItemDescription>קוויק מגבונים לניקוי</ManufacturerItemDescription>
      <UnitQty>יחידה   </UnitQty>
      <Quantity>0.00</Quantity>
      <UnitOfMeasure>יחידה   </UnitOfMeasure>
      <bIsWeighted>0</bIsWeighted>
      <QtyInPackage>לא ידוע</QtyInPackage>
      <ItemPrice>9.90</ItemPrice>
      <UnitOfMeasurePrice>0.0000</UnitOfMeasurePrice>
      <AllowDiscount>1</AllowDiscount>
      <ItemStatus>1</ItemStatus>
      <ItemId>236208</ItemId>
    </Item>
    <Item>
      <PriceUpdateDate>2025-08-31 08:30:11</PriceUpdateDate>
      <ItemCode>7290000484747</ItemCode>
      <ItemType>1</ItemType>
      <ItemName>הארק עלית 40% 700מ"ל</ItemName>
      <ManufacturerName>לא ידוע</ManufacturerName>
      <ManufactureCountry>לא ידוע</ManufactureCountry>
      <ManufacturerItemDescription>הארק עלית 40% 700מ"ל</ManufacturerItemDescription>
      <UnitQty>לא ידוע</UnitQty>
      <Quantity>700.00</Quantity>
      <UnitOfMeasure>לא ידוע</UnitOfMeasure>
      <bIsWeighted>0</bIsWeighted>
      <QtyInPackage>לא ידוע</QtyInPackage>
      <ItemPrice>67.90</ItemPrice>
      <UnitOfMeasurePrice>0.0970</UnitOfMeasurePrice>
      <AllowDiscount>1</AllowDiscount>
      <ItemStatus>1</ItemStatus>
      <ItemId>164302</ItemId>
    </Item>
    <Item>
      <PriceUpdateDate>2025-09-07 10:41:41</PriceUpdateDate>
      <ItemCode>7290108354409</ItemCode>
      <ItemType>1</ItemType>
      <ItemName>קרמה דאודורנט רול או</ItemName>
      <ManufacturerName>לא ידוע</ManufacturerName>
      <ManufactureCountry>לא ידוע</ManufactureCountry>
      <ManufacturerItemDescription>קרמה דאודורנט רול או</ManufacturerItemDescription>
      <UnitQty>לא ידוע</UnitQty>
      <Quantity>75.00</Quantity>
      <UnitOfMeasure>לא ידוע</UnitOfMeasure>
      <bIsWeighted>0</bIsWeighted>
      <QtyInPackage>לא ידוע</QtyInPackage>
      <ItemPrice>17.90</ItemPrice>
      <UnitOfMeasurePrice>0.2387</UnitOfMeasurePrice>
      <AllowDiscount>1</AllowDiscount>
      <ItemStatus>1</ItemStatus>
      <ItemId>254166</ItemId>
    </Item>
    <Item>
      <PriceUpdateDate>2025-08-21 11:28:08</PriceUpdateDate>
      <ItemCode>7290012645389</ItemCode>
      <ItemType>1</ItemType>
      <ItemName>יוגורט טבעי בקבוק 1ל</ItemName>
      <ManufacturerName>לא ידוע</ManufacturerName>
      <ManufactureCountry>לא ידוע</ManufactureCountry>
      <ManufacturerItemDescription>יוגורט טבעי בקבוק 1ל</ManufacturerItemDescription>
      <UnitQty>לא ידוע</UnitQty>
      <Quantity>1000.00</Quantity>
      <UnitOfMeasure>לא ידוע</UnitOfMeasure>
      <bIsWeighted>0</bIsWeighted>
      <QtyInPackage>לא ידוע</QtyInPackage>
      <ItemPrice>28.90</ItemPrice>
      <UnitOfMeasurePrice>0.0289</UnitOfMeasurePrice>
      <AllowDiscount>1</AllowDiscount>
      <ItemStatus>1</ItemStatus>
      <ItemId>164340</ItemId>
    </Item>
    <Item>
      <PriceUpdateDate>2025-09-03 07:19:42</PriceUpdateDate>
      <ItemCode>7290018131978</ItemCode>
      <ItemType>1</ItemType>
      <ItemName>אוראו טילון 68.50גרם</ItemName>
      <ManufacturerName>לא ידוע</ManufacturerName>
      <ManufactureCountry>לא ידוע</ManufactureCountry>
      <ManufacturerItemDescription>אוראו טילון 68.50גרם</ManufacturerItemDescription>
      <UnitQty>לא ידוע</UnitQty>
      <Quantity>68.50</Quantity>
      <UnitOfMeasure>לא ידוע</UnitOfMeasure>
      <bIsWeighted>0</bIsWeighted>
      <QtyInPackage>לא ידוע</QtyInPackage>
      <ItemPrice>10.90</ItemPrice>
      <UnitOfMeasurePrice>0.1591</UnitOfMeasurePrice>
      <AllowDiscount>1</AllowDiscount>
      <ItemStatus>1</ItemStatus>
      <ItemId>235167</ItemId>
    </Item>
    <Item>
      <PriceUpdateDate>2025-08-20 13:15:41</PriceUpdateDate>
      <ItemCode>7290000190150</ItemCode>
      <ItemType>1</ItemType>
      <ItemName>מפיות מודפסות 3 שכבו</ItemName>
      <ManufacturerName>קריות זול</ManufacturerName>
      <ManufactureCountry>לא ידוע</ManufactureCountry>
      <ManufacturerItemDescription>מפיות מודפסות 3 שכבו</ManufacturerItemDescription>
      <UnitQty>לא ידוע</UnitQty>
      <Quantity>102.00</Quantity>
      <UnitOfMeasure>לא ידוע</UnitOfMeasure>
      <bIsWeighted>0</bIsWeighted>
      <QtyInPackage>לא ידוע</QtyInPackage>
      <ItemPrice>9.90</ItemPrice>
      <UnitOfMeasurePrice>0.0971</UnitOfMeasurePrice>
      <AllowDiscount>1</AllowDiscount>
      <ItemStatus>1</ItemStatus>
      <ItemId>215409</ItemId>
    </Item>
    <Item>
      <PriceUpdateDate>2025-09-07 10:43:24</PriceUpdateDate>
      <ItemCode>7290109921952</ItemCode>
      <ItemType>1</ItemType>
      <ItemName>ג'ל כביסה סופרו אקטי</ItemName>
      <ManufacturerName>לא ידוע</ManufacturerName>
      <ManufactureCountry>לא ידוע</ManufactureCountry>
      <ManufacturerItemDescription>ג'ל כביסה סופרו אקטי</ManufacturerItemDescription>
      <UnitQty>לא ידוע</UnitQty>
      <Quantity>2500.00</Quantity>
      <UnitOfMeasure>לא ידוע</UnitOfMeasure>
      <bIsWeighted>0</bIsWeighted>
      <QtyInPackage>לא ידוע</QtyInPackage>
      <ItemPrice>26.90</ItemPrice>
      <UnitOfMeasurePrice>0.0108</UnitOfMeasurePrice>
      <AllowDiscount>1</AllowDiscount>
      <ItemStatus>1</ItemStatus>
      <ItemId>234242</ItemId>
    </Item>
    <Item>
      <PriceUpdateDate>2025-08-20 13:15:42</PriceUpdateDate>
      <ItemCode>7290000193076</ItemCode>
      <ItemType>1</ItemType>
      <ItemName>מטליות בד לרצפה ניקו</ItemName>
      <ManufacturerName>לא ידוע</ManufacturerName>
      <ManufactureCountry>לא ידוע</ManufactureCountry>
      <ManufacturerItemDescription>מטליות בד לרצפה ניקו</ManufacturerItemDescription>
      <UnitQty>יחידה   </UnitQty>
      <Quantity>0.00</Quantity>
      <UnitOfMeasure>יחידה   </UnitOfMeasure>
      <bIsWeighted>0</bIsWeighted>
      <QtyInPackage>לא ידוע</QtyInPackage>
      <ItemPrice>13.90</ItemPrice>
      <UnitOfMeasurePrice>0.0000</UnitOfMeasurePrice>
      <AllowDiscount>1</AllowDiscount>
      <ItemStatus>1</ItemStatus>
      <ItemId>215413</ItemId>
    </Item>
    <Item>
      <PriceUpdateDate>2025-08-20 13:15:44</PriceUpdateDate>
      <ItemCode>7290000193793</ItemCode>
      <ItemType>1</ItemType>
      <ItemName>לילי תחבושות אולטרה</ItemName>
      <ManufacturerName>קריות זול</ManufacturerName>
      <ManufactureCountry>לא ידוע</ManufactureCountry>
      <ManufacturerItemDescription>לילי תחבושות אולטרה</ManufacturerItemDescription>
      <UnitQty>יחידה   </UnitQty>
      <Quantity>0.00</Quantity>
      <UnitOfMeasure>יחידה   </UnitOfMeasure>
      <bIsWeighted>0</bIsWeighted>
      <QtyInPackage>לא ידוע</QtyInPackage>
      <ItemPrice>17.90</ItemPrice>
      <UnitOfMeasurePrice>0.0000</UnitOfMeasurePrice>
      <AllowDiscount>1</AllowDiscount>
      <ItemStatus>1</ItemStatus>
      <ItemId>215414</ItemId>
    </Item>
    <Item>
      <PriceUpdateDate>2025-08-26 11:14:42</PriceUpdateDate>
      <ItemCode>7290119384242</ItemCode>
      <ItemType>1</ItemType>
      <ItemName>יוגורט חלבון פרו קרם</ItemName>
      <ManufacturerName>לא ידוע</ManufacturerName>
      <ManufactureCountry>לא ידוע</ManufactureCountry>
      <ManufacturerItemDescription>יוגורט חלבון פרו קרם</ManufacturerItemDescription>
      <UnitQty>לא ידוע</UnitQty>
      <Quantity>200.00</Quantity>
      <UnitOfMeasure>לא ידוע</UnitOfMeasure>
      <bIsWeighted>0</bIsWeighted>
      <QtyInPackage>לא ידוע</QtyInPackage>
      <ItemPrice>7.00</ItemPrice>
      <UnitOfMeasurePrice>0.0350</UnitOfMeasurePrice>
      <AllowDiscount>1</AllowDiscount>
      <ItemStatus>1</ItemStatus>
      <ItemId>254924</ItemId>
    </Item>
    <Item>
      <PriceUpdateDate>2025-09-04 11:57:06</PriceUpdateDate>
      <ItemCode>7290110115845</ItemCode>
      <ItemType>1</ItemType>
      <ItemName>קוקה-קולה 1.5 ליטר</ItemName>
      <ManufacturerName>לא ידוע</ManufacturerName>
      <ManufactureCountry>לא ידוע</ManufactureCountry>
      <ManufacturerItemDescription>קוקה-קולה 1.5 ליטר</ManufacturerItemDescription>
      <UnitQty>לא ידוע</UnitQty>
      <Quantity>1500.00</Quantity>
      <UnitOfMeasure>לא ידוע</UnitOfMeasure>
      <bIsWeighted>0</bIsWeighted>
      <QtyInPackage>לא ידוע</QtyInPackage>
      <ItemPrice>9.20</ItemPrice>
      <UnitOfMeasurePrice>0.0061</UnitOfMeasurePrice>
      <AllowDiscount>1</AllowDiscount>
      <ItemStatus>1</ItemStatus>
      <ItemId>237069</ItemId>
    </Item>
    <Item>
      <PriceUpdateDate>2025-08-31 10:12:26</PriceUpdateDate>
      <ItemCode>7290110566975</ItemCode>
      <ItemType>1</ItemType>
      <ItemName>דנונה פרו 20 גרם חלב</ItemName>
      <ManufacturerName>לא ידוע</ManufacturerName>
      <ManufactureCountry>לא ידוע</ManufactureCountry>
      <ManufacturerItemDescription>דנונה פרו 20 גרם חלב</ManufacturerItemDescription>
      <UnitQty>לא ידוע</UnitQty>
      <Quantity>200.00</Quantity>
      <UnitOfMeasure>לא ידוע</UnitOfMeasure>
      <bIsWeighted>0</bIsWeighted>
      <QtyInPackage>לא ידוע</QtyInPackage>
      <ItemPrice>7.00</ItemPrice>
      <UnitOfMeasurePrice>0.0350</UnitOfMeasurePrice>
      <AllowDiscount>1</AllowDiscount>
      <ItemStatus>1</ItemStatus>
      <ItemId>210862</ItemId>
    </Item>
    <Item>
      <PriceUpdateDate>2025-08-28 10:19:15</PriceUpdateDate>
      <ItemCode>7290117267004</ItemCode>
      <ItemType>1</ItemType>
      <ItemName>אטריות בינוניות מנת</ItemName>
      <ManufacturerName>לא ידוע</ManufacturerName>
      <ManufactureCountry>לא ידוע</ManufactureCountry>
      <ManufacturerItemDescription>אטריות בינוניות מנת</ManufacturerItemDescription>
      <UnitQty>לא ידוע</UnitQty>
      <Quantity>400.00</Quantity>
      <UnitOfMeasure>לא ידוע</UnitOfMeasure>
      <bIsWeighted>0</bIsWeighted>
      <QtyInPackage>לא ידוע</QtyInPackage>
      <ItemPrice>6.90</ItemPrice>
      <UnitOfMeasurePrice>0.0173</UnitOfMeasurePrice>
      <AllowDiscount>1</AllowDiscount>
      <ItemStatus>1</ItemStatus>
      <ItemId>254303</ItemId>
    </Item>
    <Item>
      <PriceUpdateDate>2025-08-31 08:44:04</PriceUpdateDate>
      <ItemCode>7290014241589</ItemCode>
      <ItemType>1</ItemType>
      <ItemName>מיקס אגוזים טבעי וחמ</ItemName>
      <ManufacturerName>לא ידוע</ManufacturerName>
      <ManufactureCountry>לא ידוע</ManufactureCountry>
      <ManufacturerItemDescription>מיקס אגוזים טבעי וחמ</ManufacturerItemDescription>
      <UnitQty>לא ידוע</UnitQty>
      <Quantity>150.00</Quantity>
      <UnitOfMeasure>לא ידוע</UnitOfMeasure>
      <bIsWeighted>0</bIsWeighted>
      <QtyInPackage>לא ידוע</QtyInPackage>
      <ItemPrice>17.50</ItemPrice>
      <UnitOfMeasurePrice>0.1167</UnitOfMeasurePrice>
      <AllowDiscount>1</AllowDiscount>
      <ItemStatus>1</ItemStatus>
      <ItemId>164759</ItemId>
    </Item>
    <Item>
      <PriceUpdateDate>2025-11-17 15:20:27</PriceUpdateDate>
      <ItemCode>7290019233268</ItemCode>
      <ItemType>1</ItemType>
      <ItemName>ממרח עגבניות מיובשות</ItemName>
      <ManufacturerName>לא ידוע</ManufacturerName>
      <ManufactureCountry>לא ידוע</ManufactureCountry>
      <ManufacturerItemDescription>ממרח עגבניות מיובשות</ManufacturerItemDescription>
      <UnitQty>לא ידוע</UnitQty>
      <Quantity>180.00</Quantity>
      <UnitOfMeasure>לא ידוע</UnitOfMeasure>
      <bIsWeighted>0</bIsWeighted>
      <QtyInPackage>לא ידוע</QtyInPackage>
      <ItemPrice>18.90</ItemPrice>
      <UnitOfMeasurePrice>0.1050</UnitOfMeasurePrice>
      <AllowDiscount>1</AllowDiscount>
      <ItemStatus>1</ItemStatus>
      <ItemId>256458</ItemId>
    </Item>
    <Item>
      <PriceUpdateDate>2025-09-03 07:34:04</PriceUpdateDate>
      <ItemCode>7290016006346</ItemCode>
      <ItemType>1</ItemType>
      <ItemName>שוופס סודה מארז שישי</ItemName>
      <ManufacturerName>לא ידוע</ManufacturerName>
      <ManufactureCountry>לא ידוע</ManufactureCountry>
      <ManufacturerItemDescription>שוופס סודה מארז שישי</ManufacturerItemDescription>
      <UnitQty>לא ידוע</UnitQty>
      <Quantity>3000.00</Quantity>
      <UnitOfMeasure>לא ידוע</UnitOfMeasure>
      <bIsWeighted>0</bIsWeighted>
      <QtyInPackage>לא ידוע</QtyInPackage>
      <ItemPrice>18.50</ItemPrice>
      <UnitOfMeasurePrice>0.0062</UnitOfMeasurePrice>
      <AllowDiscount>1</AllowDiscount>
      <ItemStatus>1</ItemStatus>
      <ItemId>215432</ItemId>
    </Item>
    <Item>
      <PriceUpdateDate>2025-08-31 10:00:28</PriceUpdateDate>
      <ItemCode>7290107974820</ItemCode>
      <ItemType>1</ItemType>
      <ItemName>ממרח מתובל ספייסי מא</ItemName>
      <ManufacturerName>לא ידוע</ManufacturerName>
      <ManufactureCountry>לא ידוע</ManufactureCountry>
      <ManufacturerItemDescription>ממרח מתובל ספייסי מא</ManufacturerItemDescription>
      <UnitQty>לא ידוע</UnitQty>
      <Quantity>250.00</Quantity>
      <UnitOfMeasure>לא ידוע</UnitOfMeasure>
      <bIsWeighted>0</bIsWeighted>
      <QtyInPackage>לא ידוע</QtyInPackage>
      <ItemPrice>10.90</ItemPrice>
      <UnitOfMeasurePrice>0.0436</UnitOfMeasurePrice>
      <AllowDiscount>1</AllowDiscount>
      <ItemStatus>1</ItemStatus>
      <ItemId>204196</ItemId>
    </Item>
    <Item>
      <PriceUpdateDate>2025-08-18 09:15:58</PriceUpdateDate>
      <ItemCode>7290000530024</ItemCode>
      <ItemType>1</ItemType>
      <ItemName>תה מעושן זוגלובק</ItemName>
      <ManufacturerName>לא ידוע</ManufacturerName>
      <ManufactureCountry>לא ידוע</ManufactureCountry>
      <ManufacturerItemDescription>תה מעושן זוגלובק</ManufacturerItemDescription>
      <UnitQty>קילוגרמים</UnitQty>
      <Quantity>1.00</Quantity>
      <UnitOfMeasure>ק"ג</UnitOfMeasure>
      <bIsWeighted>1</bIsWeighted>
      <QtyInPackage>לא ידוע</QtyInPackage>
      <ItemPrice>70.90</ItemPrice>
      <UnitOfMeasurePrice>70.9000</UnitOfMeasurePrice>
      <AllowDiscount>1</AllowDiscount>
      <ItemStatus>1</ItemStatus>
      <ItemId>164902</ItemId>
    </Item>
    <Item>
      <PriceUpdateDate>2025-08-18 09:15:59</PriceUpdateDate>
      <ItemCode>7290000530048</ItemCode>
      <ItemType>1</ItemType>
      <ItemName>סלמי פפרוני זוגלובק</ItemName>
      <ManufacturerName>לא ידוע</ManufacturerName>
      <ManufactureCountry>לא ידוע</ManufactureCountry>
      <ManufacturerItemDescription>סלמי פפרוני זוגלובק</ManufacturerItemDescription>
      <UnitQty>קילוגרמים</UnitQty>
      <Quantity>1.00</Quantity>
      <UnitOfMeasure>ק"ג</UnitOfMeasure>
      <bIsWeighted>1</bIsWeighted>
      <QtyInPackage>לא ידוע</QtyInPackage>
      <ItemPrice>80.90</ItemPrice>
      <UnitOfMeasurePrice>80.9000</UnitOfMeasurePrice>
      <AllowDiscount>1</AllowDiscount>
      <ItemStatus>1</ItemStatus>
      <ItemId>164904</ItemId>
    </Item>
    <Item>
      <PriceUpdateDate>2025-08-18 09:15:59</PriceUpdateDate>
      <ItemCode>7290000530062</ItemCode>
      <ItemType>1</ItemType>
      <ItemName>נקניק מעושן איטלקי ז</ItemName>
      <ManufacturerName>לא ידוע</ManufacturerName>
      <ManufactureCountry>לא ידוע</ManufactureCountry>
      <ManufacturerItemDescription>נקניק מעושן איטלקי ז</ManufacturerItemDescription>
      <UnitQty>קילוגרמים</UnitQty>
      <Quantity>1.00</Quantity>
      <UnitOfMeasure>ק"ג</UnitOfMeasure>
      <bIsWeighted>1</bIsWeighted>
      <QtyInPackage>לא ידוע</QtyInPackage>
      <ItemPrice>109.00</ItemPrice>
      <UnitOfMeasurePrice>109.0000</UnitOfMeasurePrice>
      <AllowDiscount>1</AllowDiscount>
      <ItemStatus>1</ItemStatus>
      <ItemId>164905</ItemId>
    </Item>
    <Item>
      <PriceUpdateDate>2025-08-18 09:15:59</PriceUpdateDate>
      <ItemCode>7290000530178</ItemCode>
      <ItemType>1</ItemType>
      <ItemName>נקניק קוניאק זוגלובק</ItemName>
      <ManufacturerName>לא ידוע</ManufacturerName>
      <ManufactureCountry>לא ידוע</ManufactureCountry>
      <ManufacturerItemDescription>נקניק קוניאק זוגלובק</ManufacturerItemDescription>
      <UnitQty>קילוגרמים</UnitQty>
      <Quantity>1.00</Quantity>
      <UnitOfMeasure>ק"ג</UnitOfMeasure>
      <bIsWeighted>1</bIsWeighted>
      <QtyInPackage>לא ידוע</QtyInPackage>
      <ItemPrice>109.00</ItemPrice>
      <UnitOfMeasurePrice>109.0000</UnitOfMeasurePrice>
      <AllowDiscount>1</AllowDiscount>
      <ItemStatus>1</ItemStatus>
      <ItemId>164907</ItemId>
    </Item>
    <Item>
      <PriceUpdateDate>2025-08-18 09:15:59</PriceUpdateDate>
      <ItemCode>7290000530192</ItemCode>
      <ItemType>1</ItemType>
      <ItemName>נקניק סרבלד זוגלובק</ItemName>
      <ManufacturerName>לא ידוע</ManufacturerName>
      <ManufactureCountry>לא ידוע</ManufactureCountry>
      <ManufacturerItemDescription>נקניק סרבלד זוגלובק</ManufacturerItemDescription>
      <UnitQty>קילוגרמים</UnitQty>
      <Quantity>1.00</Quantity>
      <UnitOfMeasure>ק"ג</UnitOfMeasure>
      <bIsWeighted>1</bIsWeighted>
      <QtyInPackage>לא ידוע</QtyInPackage>
      <ItemPrice>159.00</ItemPrice>
      <UnitOfMeasurePrice>159.0000</UnitOfMeasurePrice>
      <AllowDiscount>1</AllowDiscount>
      <ItemStatus>1</ItemStatus>
      <ItemId>164908</ItemId>
    </Item>
    <Item>
      <PriceUpdateDate>2025-08-18 09:15:59</PriceUpdateDate>
      <ItemCode>7290000530260</ItemCode>
      <ItemType>1</ItemType>
      <ItemName>מורטודלה זוגלובק</ItemName>
      <ManufacturerName>לא ידוע</ManufacturerName>
      <ManufactureCountry>לא ידוע</ManufactureCountry>
      <ManufacturerItemDescription>מורטודלה זוגלובק</ManufacturerItemDescription>
      <UnitQty>קילוגרמים</UnitQty>
      <Quantity>1.00</Quantity>
      <UnitOfMeasure>ק"ג</UnitOfMeasure>
      <bIsWeighted>1</bIsWeighted>
      <QtyInPackage>לא ידוע</QtyInPackage>
      <ItemPrice>60.90</ItemPrice>
      <UnitOfMeasurePrice>60.9000</UnitOfMeasurePrice>
      <AllowDiscount>1</AllowDiscount>
      <ItemStatus>1</ItemStatus>
      <ItemId>164909</ItemId>
    </Item>
    <Item>
      <PriceUpdateDate>2025-08-18 09:16:00</PriceUpdateDate>
      <ItemCode>7290000530369</ItemCode>
      <ItemType>1</ItemType>
      <ItemName>פסטרמה גולן הודו מעו</ItemName>
      <ManufacturerName>לא ידוע</ManufacturerName>
      <ManufactureCountry>לא ידוע</ManufactureCountry>
      <ManufacturerItemDescription>פסטרמה גולן הודו מעו</ManufacturerItemDescription>
      <UnitQty>קילוגרמים</UnitQty>
      <Quantity>1.00</Quantity>
      <UnitOfMeasure>ק"ג</UnitOfMeasure>
      <bIsWeighted>1</bIsWeighted>
      <QtyInPackage>לא ידוע</QtyInPackage>
      <ItemPrice>109.00</ItemPrice>
      <UnitOfMeasurePrice>109.0000</UnitOfMeasurePrice>
      <AllowDiscount>1</AllowDiscount>
      <ItemStatus>1</ItemStatus>
      <ItemId>164911</ItemId>
    </Item>
    <Item>
      <PriceUpdateDate>2025-08-18 09:16:00</PriceUpdateDate>
      <ItemCode>7290000530444</ItemCode>
      <ItemType>1</ItemType>
      <ItemName>כתף בקר מעושן זוגלוב</ItemName>
      <ManufacturerName>לא ידוע</ManufacturerName>
      <ManufactureCountry>לא ידוע</ManufactureCountry>
      <ManufacturerItemDescription>כתף בקר מעושן זוגלוב</ManufacturerItemDescription>
      <UnitQty>קילוגרמים</UnitQty>
      <Quantity>1.00</Quantity>
      <UnitOfMeasure>ק"ג</UnitOfMeasure>
      <bIsWeighted>1</bIsWeighted>
      <QtyInPackage>לא ידוע</QtyInPackage>
      <ItemPrice>157.00</ItemPrice>
      <UnitOfMeasurePrice>157.0000</UnitOfMeasurePrice>
      <AllowDiscount>1</AllowDiscount>
      <ItemStatus>1</ItemStatus>
      <ItemId>164912</ItemId>
    </Item>
    <Item>
      <PriceUpdateDate>2025-08-26 12:48:39</PriceUpdateDate>
      <ItemCode>7290112005083</ItemCode>
      <ItemType>1</ItemType>
      <ItemName>וניש תוסף כביסה צבעו</ItemName>
      <ManufacturerName>לא ידוע</ManufacturerName>
      <ManufactureCountry>לא ידוע</ManufactureCountry>
      <ManufacturerItemDescription>וניש תוסף כביסה צבעו</ManufacturerItemDescription>
      <UnitQty>לא ידוע</UnitQty>
      <Quantity>1500.00</Quantity>
      <UnitOfMeasure>לא ידוע</UnitOfMeasure>
      <bIsWeighted>0</bIsWeighted>
      <QtyInPackage>לא ידוע</QtyInPackage>
      <ItemPrice>43.90</ItemPrice>
      <UnitOfMeasurePrice>0.0293</UnitOfMeasurePrice>
      <AllowDiscount>1</AllowDiscount>
      <ItemStatus>1</ItemStatus>
      <ItemId>238618</ItemId>
    </Item>
    <Item>
      <PriceUpdateDate>2025-08-19 11:44:11</PriceUpdateDate>
      <ItemCode>4005900845733</ItemCode>
      <ItemType>1</ItemType>
      <ItemName>ניוואה מן דאודורנט ס</ItemName>
      <ManufacturerName>לא ידוע</ManufacturerName>
      <ManufactureCountry>לא ידוע</ManufactureCountry>
      <ManufacturerItemDescription>ניוואה מן דאודורנט ס</ManufacturerItemDescription>
      <UnitQty>לא ידוע</UnitQty>
      <Quantity>150.00</Quantity>
      <UnitOfMeasure>לא ידוע</UnitOfMeasure>
      <bIsWeighted>0</bIsWeighted>
      <QtyInPackage>לא ידוע</QtyInPackage>
      <ItemPrice>20.90</ItemPrice>
      <UnitOfMeasurePrice>0.1393</UnitOfMeasurePrice>
      <AllowDiscount>1</AllowDiscount>
      <ItemStatus>1</ItemStatus>
      <ItemId>235723</ItemId>
    </Item>
    <Item>
      <PriceUpdateDate>2025-08-18 09:16:00</PriceUpdateDate>
      <ItemCode>7290000531410</ItemCode>
      <ItemType>1</ItemType>
      <ItemName>פסטרממיה בדבש טהור</ItemName>
      <ManufacturerName>לא ידוע</ManufacturerName>
      <ManufactureCountry>לא ידוע</ManufactureCountry>
      <ManufacturerItemDescription>פסטרממיה בדבש טהור</ManufacturerItemDescription>
      <UnitQty>קילוגרמים</UnitQty>
      <Quantity>1.00</Quantity>
      <UnitOfMeasure>ק"ג</UnitOfMeasure>
      <bIsWeighted>1</bIsWeighted>
      <QtyInPackage>לא ידוע</QtyInPackage>
      <ItemPrice>109.00</ItemPrice>
      <UnitOfMeasurePrice>109.0000</UnitOfMeasurePrice>
      <AllowDiscount>1</AllowDiscount>
      <ItemStatus>1</ItemStatus>
      <ItemId>164916</ItemId>
    </Item>
    <Item>
      <PriceUpdateDate>2025-08-18 09:16:00</PriceUpdateDate>
      <ItemCode>7290000532400</ItemCode>
      <ItemType>1</ItemType>
      <ItemName>פסטרמה ברביקיו זוגלו</ItemName>
      <ManufacturerName>לא ידוע</ManufacturerName>
      <ManufactureCountry>לא ידוע</ManufactureCountry>
      <ManufacturerItemDescription>פסטרמה ברביקיו זוגלו</ManufacturerItemDescription>
      <UnitQty>קילוגרמים</UnitQty>
      <Quantity>1.00</Quantity>
      <UnitOfMeasure>ק"ג</UnitOfMeasure>
      <bIsWeighted>1</bIsWeighted>
      <QtyInPackage>לא ידוע</QtyInPackage>
      <ItemPrice>109.00</ItemPrice>
      <UnitOfMeasurePrice>109.0000</UnitOfMeasurePrice>
      <AllowDiscount>1</AllowDiscount>
      <ItemStatus>1</ItemStatus>
      <ItemId>164917</ItemId>
    </Item>
    <Item>
      <PriceUpdateDate>2025-08-18 09:16:00</PriceUpdateDate>
      <ItemCode>7290000532585</ItemCode>
      <ItemType>1</ItemType>
      <ItemName>רוסטביף זוגלובק</ItemName>
      <ManufacturerName>לא ידוע</ManufacturerName>
      <ManufactureCountry>לא ידוע</ManufactureCountry>
      <ManufacturerItemDescription>רוסטביף זוגלובק</ManufacturerItemDescription>
      <UnitQty>קילוגרמים</UnitQty>
      <Quantity>1.00</Quantity>
      <UnitOfMeasure>ק"ג</UnitOfMeasure>
      <bIsWeighted>1</bIsWeighted>
      <QtyInPackage>לא ידוע</QtyInPackage>
      <ItemPrice>157.00</ItemPrice>
      <UnitOfMeasurePrice>157.0000</UnitOfMeasurePrice>
      <AllowDiscount>1</AllowDiscount>
      <ItemStatus>1</ItemStatus>
      <ItemId>164918</ItemId>
    </Item>
    <Item>
      <PriceUpdateDate>2025-08-26 12:48:10</PriceUpdateDate>
      <ItemCode>7290112003188</ItemCode>
      <ItemType>1</ItemType>
      <ItemName>קולון קפסולות 60 יח</ItemName>
      <ManufacturerName>לא ידוע</ManufacturerName>
      <ManufactureCountry>לא ידוע</ManufactureCountry>
      <ManufacturerItemDescription>קולון קפסולות 60 יח</ManufacturerItemDescription>
      <UnitQty>יחידה   </UnitQty>
      <Quantity>0.00</Quantity>
      <UnitOfMeasure>יחידה   </UnitOfMeasure>
      <bIsWeighted>0</bIsWeighted>
      <QtyInPackage>לא ידוע</QtyInPackage>
      <ItemPrice>56.90</ItemPrice>
      <UnitOfMeasurePrice>0.0000</UnitOfMeasurePrice>
      <AllowDiscount>1</AllowDiscount>
      <ItemStatus>1</ItemStatus>
      <ItemId>234897</ItemId>
    </Item>
    <Item>
      <PriceUpdateDate>2025-08-18 09:16:01</PriceUpdateDate>
      <ItemCode>7290000533636</ItemCode>
      <ItemType>1</ItemType>
      <ItemName>פסטרממיה צלויה על גח</ItemName>
      <ManufacturerName>לא ידוע</ManufacturerName>
      <ManufactureCountry>לא ידוע</ManufactureCountry>
      <ManufacturerItemDescription>פסטרממיה צלויה על גח</ManufacturerItemDescription>
      <UnitQty>קילוגרמים</UnitQty>
      <Quantity>1.00</Quantity>
      <UnitOfMeasure>ק"ג</UnitOfMeasure>
      <bIsWeighted>1</bIsWeighted>
      <QtyInPackage>לא ידוע</QtyInPackage>
      <ItemPrice>109.00</ItemPrice>
      <UnitOfMeasurePrice>109.0000</UnitOfMeasurePrice>
      <AllowDiscount>1</AllowDiscount>
      <ItemStatus>1</ItemStatus>
      <ItemId>164921</ItemId>
    </Item>
    <Item>
      <PriceUpdateDate>2025-08-18 09:16:01</PriceUpdateDate>
      <ItemCode>7290000534718</ItemCode>
      <ItemType>1</ItemType>
      <ItemName>פסטרמה חזה תבור זוגל</ItemName>
      <ManufacturerName>לא ידוע</ManufacturerName>
      <ManufactureCountry>לא ידוע</ManufactureCountry>
      <ManufacturerItemDescription>פסטרמה חזה תבור זוגל</ManufacturerItemDescription>
      <UnitQty>קילוגרמים</UnitQty>
      <Quantity>1.00</Quantity>
      <UnitOfMeasure>ק"ג</UnitOfMeasure>
      <bIsWeighted>1</bIsWeighted>
      <QtyInPackage>לא ידוע</QtyInPackage>
      <ItemPrice>109.00</ItemPrice>
      <UnitOfMeasurePrice>109.0000</UnitOfMeasurePrice>
      <AllowDiscount>1</AllowDiscount>
      <ItemStatus>1</ItemStatus>
      <ItemId>164924</ItemId>
    </Item>
    <Item>
      <PriceUpdateDate>2025-08-18 09:16:01</PriceUpdateDate>
      <ItemCode>7290000534800</ItemCode>
      <ItemType>1</ItemType>
      <ItemName>פסטרמה הודו רומני זו</ItemName>
      <ManufacturerName>לא ידוע</ManufacturerName>
      <ManufactureCountry>לא ידוע</ManufactureCountry>
      <ManufacturerItemDescription>פסטרמה הודו רומני זו</ManufacturerItemDescription>
      <UnitQty>קילוגרמים</UnitQty>
      <Quantity>1.00</Quantity>
      <UnitOfMeasure>ק"ג</UnitOfMeasure>
      <bIsWeighted>1</bIsWeighted>
      <QtyInPackage>לא ידוע</QtyInPackage>
      <ItemPrice>109.00</ItemPrice>
      <UnitOfMeasurePrice>109.0000</UnitOfMeasurePrice>
      <AllowDiscount>1</AllowDiscount>
      <ItemStatus>1</ItemStatus>
      <ItemId>164925</ItemId>
    </Item>
    <Item>
      <PriceUpdateDate>2025-08-18 09:16:02</PriceUpdateDate>
      <ItemCode>7290002013006</ItemCode>
      <ItemType>1</ItemType>
      <ItemName>פסטרמה מקסיקנית זוגל</ItemName>
      <ManufacturerName>לא ידוע</ManufacturerName>
      <ManufactureCountry>לא ידוע</ManufactureCountry>
      <ManufacturerItemDescription>פסטרמה מקסיקנית זוגל</ManufacturerItemDescription>
      <UnitQty>קילוגרמים</UnitQty>
      <Quantity>1.00</Quantity>
      <UnitOfMeasure>ק"ג</UnitOfMeasure>
      <bIsWeighted>1</bIsWeighted>
      <QtyInPackage>לא ידוע</QtyInPackage>
      <ItemPrice>109.00</ItemPrice>
      <UnitOfMeasurePrice>109.0000</UnitOfMeasurePrice>
      <AllowDiscount>1</AllowDiscount>
      <ItemStatus>1</ItemStatus>
      <ItemId>164931</ItemId>
    </Item>
    <Item>
      <PriceUpdateDate>2025-08-18 09:16:02</PriceUpdateDate>
      <ItemCode>7290002013037</ItemCode>
      <ItemType>1</ItemType>
      <ItemName>פסטרמה פרגית זוגלובק</ItemName>
      <ManufacturerName>לא ידוע</ManufacturerName>
      <ManufactureCountry>לא ידוע</ManufactureCountry>
      <ManufacturerItemDescription>פסטרמה פרגית זוגלובק</ManufacturerItemDescription>
      <UnitQty>קילוגרמים</UnitQty>
      <Quantity>1.00</Quantity>
      <UnitOfMeasure>ק"ג</UnitOfMeasure>
      <bIsWeighted>1</bIsWeighted>
      <QtyInPackage>לא ידוע</QtyInPackage>
      <ItemPrice>109.00</ItemPrice>
      <UnitOfMeasurePrice>109.0000</UnitOfMeasurePrice>
      <AllowDiscount>1</AllowDiscount>
      <ItemStatus>1</ItemStatus>
      <ItemId>164932</ItemId>
    </Item>
    <Item>
      <PriceUpdateDate>2025-08-21 11:30:16</PriceUpdateDate>
      <ItemCode>7290006739247</ItemCode>
      <ItemType>1</ItemType>
      <ItemName>פסטרמה איטלקית זוגלו</ItemName>
      <ManufacturerName>לא ידוע</ManufacturerName>
      <ManufactureCountry>לא ידוע</ManufactureCountry>
      <ManufacturerItemDescription>פסטרמה איטלקית זוגלו</ManufacturerItemDescription>
      <UnitQty>קילוגרמים</UnitQty>
      <Quantity>1.00</Quantity>
      <UnitOfMeasure>ק"ג</UnitOfMeasure>
      <bIsWeighted>1</bIsWeighted>
      <QtyInPackage>לא ידוע</QtyInPackage>
      <ItemPrice>109.00</ItemPrice>
      <UnitOfMeasurePrice>109.0000</UnitOfMeasurePrice>
      <AllowDiscount>1</AllowDiscount>
      <ItemStatus>1</ItemStatus>
      <ItemId>164940</ItemId>
    </Item>
    <Item>
      <PriceUpdateDate>2025-07-08 09:23:44</PriceUpdateDate>
      <ItemCode>7290000530086</ItemCode>
      <ItemType>1</ItemType>
      <ItemName>נקניק סלמי מעושן זוג</ItemName>
      <ManufacturerName>קריות זול</ManufacturerName>
      <ManufactureCountry>לא ידוע</ManufactureCountry>
      <ManufacturerItemDescription>נקניק סלמי מעושן זוג</ManufacturerItemDescription>
      <UnitQty>לא ידוע</UnitQty>
      <Quantity>600.00</Quantity>
      <UnitOfMeasure>לא ידוע</UnitOfMeasure>
      <bIsWeighted>0</bIsWeighted>
      <QtyInPackage>לא ידוע</QtyInPackage>
      <ItemPrice>43.90</ItemPrice>
      <UnitOfMeasurePrice>0.0732</UnitOfMeasurePrice>
      <AllowDiscount>1</AllowDiscount>
      <ItemStatus>1</ItemStatus>
      <ItemId>164946</ItemId>
    </Item>
    <Item>
      <PriceUpdateDate>2025-09-08 08:25:51</PriceUpdateDate>
      <ItemCode>7290000530109</ItemCode>
      <ItemType>1</ItemType>
      <ItemName>קבנוס זוגלובק זוג 18</ItemName>
      <ManufacturerName>לא ידוע</ManufacturerName>
      <ManufactureCountry>לא ידוע</ManufactureCountry>
      <ManufacturerItemDescription>קבנוס זוגלובק זוג 18</ManufacturerItemDescription>
      <UnitQty>לא ידוע</UnitQty>
      <Quantity>180.00</Quantity>
      <UnitOfMeasure>לא ידוע</UnitOfMeasure>
      <bIsWeighted>0</bIsWeighted>
      <QtyInPackage>לא ידוע</QtyInPackage>
      <ItemPrice>35.90</ItemPrice>
      <UnitOfMeasurePrice>0.1994</UnitOfMeasurePrice>
      <AllowDiscount>1</AllowDiscount>
      <ItemStatus>1</ItemStatus>
      <ItemId>164947</ItemId>
    </Item>
    <Item>
      <PriceUpdateDate>2025-09-08 08:25:51</PriceUpdateDate>
      <ItemCode>7290000530116</ItemCode>
      <ItemType>1</ItemType>
      <ItemName>נקניק בשן זוגלובק 47</ItemName>
      <ManufacturerName>קריות זול</ManufacturerName>
      <ManufactureCountry>לא ידוע</ManufactureCountry>
      <ManufacturerItemDescription>נקניק בשן זוגלובק 47</ManufacturerItemDescription>
      <UnitQty>לא ידוע</UnitQty>
      <Quantity>470.00</Quantity>
      <UnitOfMeasure>לא ידוע</UnitOfMeasure>
      <bIsWeighted>0</bIsWeighted>
      <QtyInPackage>לא ידוע</QtyInPackage>
      <ItemPrice>36.90</ItemPrice>
      <UnitOfMeasurePrice>0.0785</UnitOfMeasurePrice>
      <AllowDiscount>1</AllowDiscount>
      <ItemStatus>1</ItemStatus>
      <ItemId>164948</ItemId>
    </Item>
    <Item>
      <PriceUpdateDate>2025-08-21 11:30:16</PriceUpdateDate>
      <ItemCode>7290000530291</ItemCode>
      <ItemType>1</ItemType>
      <ItemName>נקניק מבשר הודו קטן</ItemName>
      <ManufacturerName>קריות זול</ManufacturerName>
      <ManufactureCountry>לא ידוע</ManufactureCountry>
      <ManufacturerItemDescription>נקניק מבשר הודו קטן</ManufacturerItemDescription>
      <UnitQty>לא ידוע</UnitQty>
      <Quantity>750.00</Quantity>
      <UnitOfMeasure>לא ידוע</UnitOfMeasure>
      <bIsWeighted>0</bIsWeighted>
      <QtyInPackage>לא ידוע</QtyInPackage>
      <ItemPrice>27.90</ItemPrice>
      <UnitOfMeasurePrice>0.0372</UnitOfMeasurePrice>
      <AllowDiscount>1</AllowDiscount>
      <ItemStatus>1</ItemStatus>
      <ItemId>164950</ItemId>
    </Item>
    <Item>
      <PriceUpdateDate>2025-08-21 11:30:16</PriceUpdateDate>
      <ItemCode>7290000530413</ItemCode>
      <ItemType>1</ItemType>
      <ItemName>המבורגר זהב זוגלובק</ItemName>
      <ManufacturerName>קריות זול</ManufacturerName>
      <ManufactureCountry>לא ידוע</ManufactureCountry>
      <ManufacturerItemDescription>המבורגר זהב זוגלובק</ManufacturerItemDescription>
      <UnitQty>לא ידוע</UnitQty>
      <Quantity>400.00</Quantity>
      <UnitOfMeasure>לא ידוע</UnitOfMeasure>
      <bIsWeighted>0</bIsWeighted>
      <QtyInPackage>לא ידוע</QtyInPackage>
      <ItemPrice>30.90</ItemPrice>
      <UnitOfMeasurePrice>0.0772</UnitOfMeasurePrice>
      <AllowDiscount>1</AllowDiscount>
      <ItemStatus>1</ItemStatus>
      <ItemId>164951</ItemId>
    </Item>
    <Item>
      <PriceUpdateDate>2025-08-21 11:30:16</PriceUpdateDate>
      <ItemCode>7290000530598</ItemCode>
      <ItemType>1</ItemType>
      <ItemName>נקניקיות וינר גוליבר</ItemName>
      <ManufacturerName>קריות זול</ManufacturerName>
      <ManufactureCountry>לא ידוע</ManufactureCountry>
      <ManufacturerItemDescription>נקניקיות וינר גוליבר</ManufacturerItemDescription>
      <UnitQty>לא ידוע</UnitQty>
      <Quantity>500.00</Quantity>
      <UnitOfMeasure>לא ידוע</UnitOfMeasure>
      <bIsWeighted>0</bIsWeighted>
      <QtyInPackage>לא ידוע</QtyInPackage>
      <ItemPrice>22.90</ItemPrice>
      <UnitOfMeasurePrice>0.0458</UnitOfMeasurePrice>
      <AllowDiscount>1</AllowDiscount>
      <ItemStatus>1</ItemStatus>
      <ItemId>164956</ItemId>
    </Item>
    <Item>
      <PriceUpdateDate>2025-09-08 08:25:51</PriceUpdateDate>
      <ItemCode>7290000530703</ItemCode>
      <ItemType>1</ItemType>
      <ItemName>נקניק תה 400גר + חרמ</ItemName>
      <ManufacturerName>לא ידוע</ManufacturerName>
      <ManufactureCountry>לא ידוע</ManufactureCountry>
      <ManufacturerItemDescription>נקניק תה 400גר + חרמ</ManufacturerItemDescription>
      <UnitQty>לא ידוע</UnitQty>
      <Quantity>800.00</Quantity>
      <UnitOfMeasure>לא ידוע</UnitOfMeasure>
      <bIsWeighted>0</bIsWeighted>
      <QtyInPackage>לא ידוע</QtyInPackage>
      <ItemPrice>35.90</ItemPrice>
      <UnitOfMeasurePrice>0.0449</UnitOfMeasurePrice>
      <AllowDiscount>1</AllowDiscount>
      <ItemStatus>1</ItemStatus>
      <ItemId>164959</ItemId>
    </Item>
    <Item>
      <PriceUpdateDate>2025-08-21 11:30:17</PriceUpdateDate>
      <ItemCode>7290000531601</ItemCode>
      <ItemType>1</ItemType>
      <ItemName>סטייק בורגר זוגלובק</ItemName>
      <ManufacturerName>קריות זול</ManufacturerName>
      <ManufactureCountry>לא ידוע</ManufactureCountry>
      <ManufacturerItemDescription>סטייק בורגר זוגלובק</ManufacturerItemDescription>
      <UnitQty>לא ידוע</UnitQty>
      <Quantity>400.00</Quantity>
      <UnitOfMeasure>לא ידוע</UnitOfMeasure>
      <bIsWeighted>0</bIsWeighted>
      <QtyInPackage>לא ידוע</QtyInPackage>
      <ItemPrice>31.90</ItemPrice>
      <UnitOfMeasurePrice>0.0797</UnitOfMeasurePrice>
      <AllowDiscount>1</AllowDiscount>
      <ItemStatus>1</ItemStatus>
      <ItemId>164970</ItemId>
    </Item>
    <Item>
      <PriceUpdateDate>2025-08-21 11:30:17</PriceUpdateDate>
      <ItemCode>7290000533353</ItemCode>
      <ItemType>1</ItemType>
      <ItemName>בצק עלים 1 ק״ג</ItemName>
      <ManufacturerName>קריות זול</ManufacturerName>
      <ManufactureCountry>לא ידוע</ManufactureCountry>
      <ManufacturerItemDescription>בצק עלים 1 ק״ג</ManufacturerItemDescription>
      <UnitQty>לא ידוע</UnitQty>
      <Quantity>1000.00</Quantity>
      <UnitOfMeasure>לא ידוע</UnitOfMeasure>
      <bIsWeighted>0</bIsWeighted>
      <QtyInPackage>לא ידוע</QtyInPackage>
      <ItemPrice>25.90</ItemPrice>
      <UnitOfMeasurePrice>0.0259</UnitOfMeasurePrice>
      <AllowDiscount>1</AllowDiscount>
      <ItemStatus>1</ItemStatus>
      <ItemId>164984</ItemId>
    </Item>
    <Item>
      <PriceUpdateDate>2025-08-21 11:30:17</PriceUpdateDate>
      <ItemCode>7290000536743</ItemCode>
      <ItemType>1</ItemType>
      <ItemName>קריספי סטיקס תירס זו</ItemName>
      <ManufacturerName>לא ידוע</ManufacturerName>
      <ManufactureCountry>לא ידוע</ManufactureCountry>
      <ManufacturerItemDescription>קריספי סטיקס תירס זו</ManufacturerItemDescription>
      <UnitQty>לא ידוע</UnitQty>
      <Quantity>500.00</Quantity>
      <UnitOfMeasure>לא ידוע</UnitOfMeasure>
      <bIsWeighted>0</bIsWeighted>
      <QtyInPackage>לא ידוע</QtyInPackage>
      <ItemPrice>28.90</ItemPrice>
      <UnitOfMeasurePrice>0.0578</UnitOfMeasurePrice>
      <AllowDiscount>1</AllowDiscount>
      <ItemStatus>1</ItemStatus>
      <ItemId>165008</ItemId>
    </Item>
    <Item>
      <PriceUpdateDate>2025-08-21 11:30:18</PriceUpdateDate>
      <ItemCode>7290000537566</ItemCode>
      <ItemType>1</ItemType>
      <ItemName>נקניקיות עוף זוגלובק</ItemName>
      <ManufacturerName>קריות זול</ManufacturerName>
      <ManufactureCountry>לא ידוע</ManufactureCountry>
      <ManufacturerItemDescription>נקניקיות עוף זוגלובק</ManufacturerItemDescription>
      <UnitQty>לא ידוע</UnitQty>
      <Quantity>400.00</Quantity>
      <UnitOfMeasure>לא ידוע</UnitOfMeasure>
      <bIsWeighted>0</bIsWeighted>
      <QtyInPackage>לא ידוע</QtyInPackage>
      <ItemPrice>19.90</ItemPrice>
      <UnitOfMeasurePrice>0.0497</UnitOfMeasurePrice>
      <AllowDiscount>1</AllowDiscount>
      <ItemStatus>1</ItemStatus>
      <ItemId>165017</ItemId>
    </Item>
    <Item>
      <PriceUpdateDate>2025-08-21 11:30:18</PriceUpdateDate>
      <ItemCode>7290006738615</ItemCode>
      <ItemType>1</ItemType>
      <ItemName>קבב זהב 400 גרם זוגל</ItemName>
      <ManufacturerName>לא ידוע</ManufacturerName>
      <ManufactureCountry>לא ידוע</ManufactureCountry>
      <ManufacturerItemDescription>קבב זהב 400 גרם זוגל</ManufacturerItemDescription>
      <UnitQty>לא ידוע</UnitQty>
      <Quantity>400.00</Quantity>
      <UnitOfMeasure>לא ידוע</UnitOfMeasure>
      <bIsWeighted>0</bIsWeighted>
      <QtyInPackage>לא ידוע</QtyInPackage>
      <ItemPrice>31.90</ItemPrice>
      <UnitOfMeasurePrice>0.0797</UnitOfMeasurePrice>
      <AllowDiscount>1</AllowDiscount>
      <ItemStatus>1</ItemStatus>
      <ItemId>165057</ItemId>
    </Item>
    <Item>
      <PriceUpdateDate>2025-08-21 11:30:18</PriceUpdateDate>
      <ItemCode>7290006739407</ItemCode>
      <ItemType>1</ItemType>
      <ItemName>שניצל תירס 98 קל 630</ItemName>
      <ManufacturerName>לא ידוע</ManufacturerName>
      <ManufactureCountry>לא ידוע</ManufactureCountry>
      <ManufacturerItemDescription>שניצל תירס 98 קל 630</ManufacturerItemDescription>
      <UnitQty>לא ידוע</UnitQty>
      <Quantity>630.00</Quantity>
      <UnitOfMeasure>לא ידוע</UnitOfMeasure>
      <bIsWeighted>0</bIsWeighted>
      <QtyInPackage>לא ידוע</QtyInPackage>
      <ItemPrice>36.90</ItemPrice>
      <UnitOfMeasurePrice>0.0586</UnitOfMeasurePrice>
      <AllowDiscount>1</AllowDiscount>
      <ItemStatus>1</ItemStatus>
      <ItemId>165068</ItemId>
    </Item>
    <Item>
      <PriceUpdateDate>2025-08-21 11:30:18</PriceUpdateDate>
      <ItemCode>7290006739414</ItemCode>
      <ItemType>1</ItemType>
      <ItemName>סלמי קוניאק 300 גרם</ItemName>
      <ManufacturerName>לא ידוע</ManufacturerName>
      <ManufactureCountry>לא ידוע</ManufactureCountry>
      <ManufacturerItemDescription>סלמי קוניאק 300 גרם</ManufacturerItemDescription>
      <UnitQty>לא ידוע</UnitQty>
      <Quantity>300.00</Quantity>
      <UnitOfMeasure>לא ידוע</UnitOfMeasure>
      <bIsWeighted>0</bIsWeighted>
      <QtyInPackage>לא ידוע</QtyInPackage>
      <ItemPrice>36.90</ItemPrice>
      <UnitOfMeasurePrice>0.1230</UnitOfMeasurePrice>
      <AllowDiscount>1</AllowDiscount>
      <ItemStatus>1</ItemStatus>
      <ItemId>165069</ItemId>
    </Item>
    <Item>
      <PriceUpdateDate>2025-08-21 11:30:18</PriceUpdateDate>
      <ItemCode>7290006739421</ItemCode>
      <ItemType>1</ItemType>
      <ItemName>סלמי מעושן איטלקי 30</ItemName>
      <ManufacturerName>לא ידוע</ManufacturerName>
      <ManufactureCountry>לא ידוע</ManufactureCountry>
      <ManufacturerItemDescription>סלמי מעושן איטלקי 30</ManufacturerItemDescription>
      <UnitQty>לא ידוע</UnitQty>
      <Quantity>300.00</Quantity>
      <UnitOfMeasure>לא ידוע</UnitOfMeasure>
      <bIsWeighted>0</bIsWeighted>
      <QtyInPackage>לא ידוע</QtyInPackage>
      <ItemPrice>36.90</ItemPrice>
      <UnitOfMeasurePrice>0.1230</UnitOfMeasurePrice>
      <AllowDiscount>1</AllowDiscount>
      <ItemStatus>1</ItemStatus>
      <ItemId>165070</ItemId>
    </Item>
    <Item>
      <PriceUpdateDate>2025-08-21 11:30:18</PriceUpdateDate>
      <ItemCode>7290006739445</ItemCode>
      <ItemType>1</ItemType>
      <ItemName>שניצל תירס קלאסי  זו</ItemName>
      <ManufacturerName>לא ידוע</ManufacturerName>
      <ManufactureCountry>לא ידוע</ManufactureCountry>
      <ManufacturerItemDescription>שניצל תירס קלאסי  זו</ManufacturerItemDescription>
      <UnitQty>לא ידוע</UnitQty>
      <Quantity>750.00</Quantity>
      <UnitOfMeasure>לא ידוע</UnitOfMeasure>
      <bIsWeighted>0</bIsWeighted>
      <QtyInPackage>לא ידוע</QtyInPackage>
      <ItemPrice>34.90</ItemPrice>
      <UnitOfMeasurePrice>0.0465</UnitOfMeasurePrice>
      <AllowDiscount>1</AllowDiscount>
      <ItemStatus>1</ItemStatus>
      <ItemId>165072</ItemId>
    </Item>
    <Item>
      <PriceUpdateDate>2025-09-08 08:25:52</PriceUpdateDate>
      <ItemCode>7290006739544</ItemCode>
      <ItemType>1</ItemType>
      <ItemName>כתף בקר זוגלובק 300ג</ItemName>
      <ManufacturerName>לא ידוע</ManufacturerName>
      <ManufactureCountry>לא ידוע</ManufactureCountry>
      <ManufacturerItemDescription>כתף בקר זוגלובק 300ג</ManufacturerItemDescription>
      <UnitQty>לא ידוע</UnitQty>
      <Quantity>300.00</Quantity>
      <UnitOfMeasure>לא ידוע</UnitOfMeasure>
      <bIsWeighted>0</bIsWeighted>
      <QtyInPackage>לא ידוע</QtyInPackage>
      <ItemPrice>38.90</ItemPrice>
      <UnitOfMeasurePrice>0.1297</UnitOfMeasurePrice>
      <AllowDiscount>1</AllowDiscount>
      <ItemStatus>1</ItemStatus>
      <ItemId>165073</ItemId>
    </Item>
    <Item>
      <PriceUpdateDate>2025-08-21 11:30:19</PriceUpdateDate>
      <ItemCode>7290006742179</ItemCode>
      <ItemType>1</ItemType>
      <ItemName>קבב מזרחי זוגלובק 40</ItemName>
      <ManufacturerName>לא ידוע</ManufacturerName>
      <ManufactureCountry>לא ידוע</ManufactureCountry>
      <ManufacturerItemDescription>קבב מזרחי זוגלובק 40</ManufacturerItemDescription>
      <UnitQty>לא ידוע</UnitQty>
      <Quantity>400.00</Quantity>
      <UnitOfMeasure>לא ידוע</UnitOfMeasure>
      <bIsWeighted>0</bIsWeighted>
      <QtyInPackage>לא ידוע</QtyInPackage>
      <ItemPrice>27.90</ItemPrice>
      <UnitOfMeasurePrice>0.0697</UnitOfMeasurePrice>
      <AllowDiscount>1</AllowDiscount>
      <ItemStatus>1</ItemStatus>
      <ItemId>165121</ItemId>
    </Item>
    <Item>
      <PriceUpdateDate>2025-08-21 11:30:20</PriceUpdateDate>
      <ItemCode>7290006742278</ItemCode>
      <ItemType>1</ItemType>
      <ItemName>פסטרמה הודו בטעם צלי</ItemName>
      <ManufacturerName>לא ידוע</ManufacturerName>
      <ManufactureCountry>לא ידוע</ManufactureCountry>
      <ManufacturerItemDescription>פסטרמה הודו בטעם צלי</ManufacturerItemDescription>
      <UnitQty>לא ידוע</UnitQty>
      <Quantity>330.00</Quantity>
      <UnitOfMeasure>לא ידוע</UnitOfMeasure>
      <bIsWeighted>0</bIsWeighted>
      <QtyInPackage>לא ידוע</QtyInPackage>
      <ItemPrice>36.90</ItemPrice>
      <UnitOfMeasurePrice>0.1118</UnitOfMeasurePrice>
      <AllowDiscount>1</AllowDiscount>
      <ItemStatus>1</ItemStatus>
      <ItemId>165122</ItemId>
    </Item>
    <Item>
      <PriceUpdateDate>2025-08-21 11:30:20</PriceUpdateDate>
      <ItemCode>7290006742292</ItemCode>
      <ItemType>1</ItemType>
      <ItemName>זוגלובק פסטרמה הודו</ItemName>
      <ManufacturerName>לא ידוע</ManufacturerName>
      <ManufactureCountry>לא ידוע</ManufactureCountry>
      <ManufacturerItemDescription>זוגלובק פסטרמה הודו</ManufacturerItemDescription>
      <UnitQty>לא ידוע</UnitQty>
      <Quantity>330.00</Quantity>
      <UnitOfMeasure>לא ידוע</UnitOfMeasure>
      <bIsWeighted>0</bIsWeighted>
      <QtyInPackage>לא ידוע</QtyInPackage>
      <ItemPrice>36.90</ItemPrice>
      <UnitOfMeasurePrice>0.1118</UnitOfMeasurePrice>
      <AllowDiscount>1</AllowDiscount>
      <ItemStatus>1</ItemStatus>
      <ItemId>165124</ItemId>
    </Item>
    <Item>
      <PriceUpdateDate>2025-08-21 11:30:20</PriceUpdateDate>
      <ItemCode>7290006742315</ItemCode>
      <ItemType>1</ItemType>
      <ItemName>פסטרמה הודו ברביקיו</ItemName>
      <ManufacturerName>לא ידוע</ManufacturerName>
      <ManufactureCountry>לא ידוע</ManufactureCountry>
      <ManufacturerItemDescription>פסטרמה הודו ברביקיו</ManufacturerItemDescription>
      <UnitQty>לא ידוע</UnitQty>
      <Quantity>330.00</Quantity>
      <UnitOfMeasure>לא ידוע</UnitOfMeasure>
      <bIsWeighted>0</bIsWeighted>
      <QtyInPackage>לא ידוע</QtyInPackage>
      <ItemPrice>36.90</ItemPrice>
      <UnitOfMeasurePrice>0.1118</UnitOfMeasurePrice>
      <AllowDiscount>1</AllowDiscount>
      <ItemStatus>1</ItemStatus>
      <ItemId>165126</ItemId>
    </Item>
    <Item>
      <PriceUpdateDate>2025-08-21 11:30:20</PriceUpdateDate>
      <ItemCode>7290012226014</ItemCode>
      <ItemType>1</ItemType>
      <ItemName>נקניקיות וינר זוגלוב</ItemName>
      <ManufacturerName>לא ידוע</ManufacturerName>
      <ManufactureCountry>לא ידוע</ManufactureCountry>
      <ManufacturerItemDescription>נקניקיות וינר זוגלוב</ManufacturerItemDescription>
      <UnitQty>לא ידוע</UnitQty>
      <Quantity>800.00</Quantity>
      <UnitOfMeasure>לא ידוע</UnitOfMeasure>
      <bIsWeighted>0</bIsWeighted>
      <QtyInPackage>לא ידוע</QtyInPackage>
      <ItemPrice>30.90</ItemPrice>
      <UnitOfMeasurePrice>0.0386</UnitOfMeasurePrice>
      <AllowDiscount>1</AllowDiscount>
      <ItemStatus>1</ItemStatus>
      <ItemId>165134</ItemId>
    </Item>
    <Item>
      <PriceUpdateDate>2025-05-05 11:36:50</PriceUpdateDate>
      <ItemCode>7290012226120</ItemCode>
      <ItemType>1</ItemType>
      <ItemName>קבנוס זוגלובק 135גר</ItemName>
      <ManufacturerName>לא ידוע</ManufacturerName>
      <ManufactureCountry>לא ידוע</ManufactureCountry>
      <ManufacturerItemDescription>קבנוס זוגלובק 135גר</ManufacturerItemDescription>
      <UnitQty>לא ידוע</UnitQty>
      <Quantity>135.00</Quantity>
      <UnitOfMeasure>לא ידוע</UnitOfMeasure>
      <bIsWeighted>0</bIsWeighted>
      <QtyInPackage>לא ידוע</QtyInPackage>
      <ItemPrice>16.90</ItemPrice>
      <UnitOfMeasurePrice>0.1252</UnitOfMeasurePrice>
      <AllowDiscount>1</AllowDiscount>
      <ItemStatus>1</ItemStatus>
      <ItemId>165137</ItemId>
    </Item>
    <Item>
      <PriceUpdateDate>2025-05-05 11:36:50</PriceUpdateDate>
      <ItemCode>7290012226939</ItemCode>
      <ItemType>1</ItemType>
      <ItemName>קבנוס בטעם צילי זוגל</ItemName>
      <ManufacturerName>לא ידוע</ManufacturerName>
      <ManufactureCountry>לא ידוע</ManufactureCountry>
      <ManufacturerItemDescription>קבנוס בטעם צילי זוגל</ManufacturerItemDescription>
      <UnitQty>לא ידוע</UnitQty>
      <Quantity>135.00</Quantity>
      <UnitOfMeasure>לא ידוע</UnitOfMeasure>
      <bIsWeighted>0</bIsWeighted>
      <QtyInPackage>לא ידוע</QtyInPackage>
      <ItemPrice>16.90</ItemPrice>
      <UnitOfMeasurePrice>0.1252</UnitOfMeasurePrice>
      <AllowDiscount>1</AllowDiscount>
      <ItemStatus>1</ItemStatus>
      <ItemId>165143</ItemId>
    </Item>
    <Item>
      <PriceUpdateDate>2025-08-27 09:17:35</PriceUpdateDate>
      <ItemCode>7290000058580</ItemCode>
      <ItemType>1</ItemType>
      <ItemName>קוקילידה וניל</ItemName>
      <ManufacturerName>לא ידוע</ManufacturerName>
      <ManufactureCountry>לא ידוע</ManufactureCountry>
      <ManufacturerItemDescription>קוקילידה וניל</ManufacturerItemDescription>
      <UnitQty>יחידה   </UnitQty>
      <Quantity>0.00</Quantity>
      <UnitOfMeasure>יחידה   </UnitOfMeasure>
      <bIsWeighted>0</bIsWeighted>
      <QtyInPackage>לא ידוע</QtyInPackage>
      <ItemPrice>13.90</ItemPrice>
      <UnitOfMeasurePrice>0.0000</UnitOfMeasurePrice>
      <AllowDiscount>1</AllowDiscount>
      <ItemStatus>1</ItemStatus>
      <ItemId>215455</ItemId>
    </Item>
    <Item>
      <PriceUpdateDate>2025-08-27 09:17:36</PriceUpdateDate>
      <ItemCode>7290001780800</ItemCode>
      <ItemType>1</ItemType>
      <ItemName>קראנץ' שוקולד ליבת נ</ItemName>
      <ManufacturerName>לא ידוע</ManufacturerName>
      <ManufactureCountry>לא ידוע</ManufactureCountry>
      <ManufacturerItemDescription>קראנץ' שוקולד ליבת נ</ManufacturerItemDescription>
      <UnitQty>יחידה   </UnitQty>
      <Quantity>0.00</Quantity>
      <UnitOfMeasure>יחידה   </UnitOfMeasure>
      <bIsWeighted>0</bIsWeighted>
      <QtyInPackage>לא ידוע</QtyInPackage>
      <ItemPrice>13.90</ItemPrice>
      <UnitOfMeasurePrice>0.0000</UnitOfMeasurePrice>
      <AllowDiscount>1</AllowDiscount>
      <ItemStatus>1</ItemStatus>
      <ItemId>215459</ItemId>
    </Item>
    <Item>
      <PriceUpdateDate>2025-12-23 07:16:17</PriceUpdateDate>
      <ItemCode>7290004872021</ItemCode>
      <ItemType>1</ItemType>
      <ItemName>קרחון רמזור</ItemName>
      <ManufacturerName>לא ידוע</ManufacturerName>
      <ManufactureCountry>לא ידוע</ManufactureCountry>
      <ManufacturerItemDescription>קרחון רמזור</ManufacturerItemDescription>
      <UnitQty>יחידה   </UnitQty>
      <Quantity>0.00</Quantity>
      <UnitOfMeasure>יחידה   </UnitOfMeasure>
      <bIsWeighted>0</bIsWeighted>
      <QtyInPackage>לא ידוע</QtyInPackage>
      <ItemPrice>3.50</ItemPrice>
      <UnitOfMeasurePrice>0.0000</UnitOfMeasurePrice>
      <AllowDiscount>1</AllowDiscount>
      <ItemStatus>1</ItemStatus>
      <ItemId>215460</ItemId>
    </Item>
    <Item>
      <PriceUpdateDate>2025-08-21 11:30:21</PriceUpdateDate>
      <ItemCode>7290012227615</ItemCode>
      <ItemType>1</ItemType>
      <ItemName>נקניקיות עוף מחפוד 8</ItemName>
      <ManufacturerName>לא ידוע</ManufacturerName>
      <ManufactureCountry>לא ידוע</ManufactureCountry>
      <ManufacturerItemDescription>נקניקיות עוף מחפוד 8</ManufacturerItemDescription>
      <UnitQty>לא ידוע</UnitQty>
      <Quantity>800.00</Quantity>
      <UnitOfMeasure>לא ידוע</UnitOfMeasure>
      <bIsWeighted>0</bIsWeighted>
      <QtyInPackage>לא ידוע</QtyInPackage>
      <ItemPrice>30.90</ItemPrice>
      <UnitOfMeasurePrice>0.0386</UnitOfMeasurePrice>
      <AllowDiscount>1</AllowDiscount>
      <ItemStatus>1</ItemStatus>
      <ItemId>165166</ItemId>
    </Item>
    <Item>
      <PriceUpdateDate>2025-05-05 11:36:51</PriceUpdateDate>
      <ItemCode>7290012227912</ItemCode>
      <ItemType>1</ItemType>
      <ItemName>קבנוס מעודן זוגלובק</ItemName>
      <ManufacturerName>לא ידוע</ManufacturerName>
      <ManufactureCountry>לא ידוע</ManufactureCountry>
      <ManufacturerItemDescription>קבנוס מעודן זוגלובק</ManufacturerItemDescription>
      <UnitQty>לא ידוע</UnitQty>
      <Quantity>135.00</Quantity>
      <UnitOfMeasure>לא ידוע</UnitOfMeasure>
      <bIsWeighted>0</bIsWeighted>
      <QtyInPackage>לא ידוע</QtyInPackage>
      <ItemPrice>16.90</ItemPrice>
      <UnitOfMeasurePrice>0.1252</UnitOfMeasurePrice>
      <AllowDiscount>1</AllowDiscount>
      <ItemStatus>1</ItemStatus>
      <ItemId>165174</ItemId>
    </Item>
    <Item>
      <PriceUpdateDate>2025-08-27 09:17:37</PriceUpdateDate>
      <ItemCode>7290004872250</ItemCode>
      <ItemType>1</ItemType>
      <ItemName>שלגון אבטיח שרבט</ItemName>
      <ManufacturerName>קריות זול</ManufacturerName>
      <ManufactureCountry>לא ידוע</ManufactureCountry>
      <ManufacturerItemDescription>שלגון אבטיח שרבט</ManufacturerItemDescription>
      <UnitQty>יחידה   </UnitQty>
      <Quantity>0.00</Quantity>
      <UnitOfMeasure>יחידה   </UnitOfMeasure>
      <bIsWeighted>0</bIsWeighted>
      <QtyInPackage>לא ידוע</QtyInPackage>
      <ItemPrice>8.90</ItemPrice>
      <UnitOfMeasurePrice>0.0000</UnitOfMeasurePrice>
      <AllowDiscount>1</AllowDiscount>
      <ItemStatus>1</ItemStatus>
      <ItemId>215464</ItemId>
    </Item>
    <Item>
      <PriceUpdateDate>2025-12-23 07:16:18</PriceUpdateDate>
      <ItemCode>7290004872359</ItemCode>
      <ItemType>1</ItemType>
      <ItemName>קרחון דובדבן</ItemName>
      <ManufacturerName>לא ידוע</ManufacturerName>
      <ManufactureCountry>לא ידוע</ManufactureCountry>
      <ManufacturerItemDescription>קרחון דובדבן</ManufacturerItemDescription>
      <UnitQty>יחידה   </UnitQty>
      <Quantity>0.00</Quantity>
      <UnitOfMeasure>יחידה   </UnitOfMeasure>
      <bIsWeighted>0</bIsWeighted>
      <QtyInPackage>לא ידוע</QtyInPackage>
      <ItemPrice>3.50</ItemPrice>
      <UnitOfMeasurePrice>0.0000</UnitOfMeasurePrice>
      <AllowDiscount>1</AllowDiscount>
      <ItemStatus>1</ItemStatus>
      <ItemId>215465</ItemId>
    </Item>
    <Item>
      <PriceUpdateDate>2025-08-27 09:17:37</PriceUpdateDate>
      <ItemCode>7290004872731</ItemCode>
      <ItemType>1</ItemType>
      <ItemName>טילון אקסטרים וניל</ItemName>
      <ManufacturerName>קריות זול</ManufacturerName>
      <ManufactureCountry>לא ידוע</ManufactureCountry>
      <ManufacturerItemDescription>טילון אקסטרים וניל</ManufacturerItemDescription>
      <UnitQty>יחידה   </UnitQty>
      <Quantity>0.00</Quantity>
      <UnitOfMeasure>יחידה   </UnitOfMeasure>
      <bIsWeighted>0</bIsWeighted>
      <QtyInPackage>לא ידוע</QtyInPackage>
      <ItemPrice>9.90</ItemPrice>
      <UnitOfMeasurePrice>0.0000</UnitOfMeasurePrice>
      <AllowDiscount>1</AllowDiscount>
      <ItemStatus>1</ItemStatus>
      <ItemId>215466</ItemId>
    </Item>
    <Item>
      <PriceUpdateDate>2025-08-27 09:17:38</PriceUpdateDate>
      <ItemCode>7290012525452</ItemCode>
      <ItemType>1</ItemType>
      <ItemName>טילון אקסטרים שוקו ו</ItemName>
      <ManufacturerName>לא ידוע</ManufacturerName>
      <ManufactureCountry>לא ידוע</ManufactureCountry>
      <ManufacturerItemDescription>טילון אקסטרים שוקו ו</ManufacturerItemDescription>
      <UnitQty>יחידה   </UnitQty>
      <Quantity>0.00</Quantity>
      <UnitOfMeasure>יחידה   </UnitOfMeasure>
      <bIsWeighted>0</bIsWeighted>
      <QtyInPackage>לא ידוע</QtyInPackage>
      <ItemPrice>9.90</ItemPrice>
      <UnitOfMeasurePrice>0.0000</UnitOfMeasurePrice>
      <AllowDiscount>1</AllowDiscount>
      <ItemStatus>1</ItemStatus>
      <ItemId>215468</ItemId>
    </Item>
    <Item>
      <PriceUpdateDate>2025-09-03 07:19:59</PriceUpdateDate>
      <ItemCode>7290109351209</ItemCode>
      <ItemType>1</ItemType>
      <ItemName>קרחון שרבט לה פרוטה</ItemName>
      <ManufacturerName>לא ידוע</ManufacturerName>
      <ManufactureCountry>לא ידוע</ManufactureCountry>
      <ManufacturerItemDescription>קרחון שרבט לה פרוטה</ManufacturerItemDescription>
      <UnitQty>לא ידוע</UnitQty>
      <Quantity>70.00</Quantity>
      <UnitOfMeasure>לא ידוע</UnitOfMeasure>
      <bIsWeighted>0</bIsWeighted>
      <QtyInPackage>לא ידוע</QtyInPackage>
      <ItemPrice>8.90</ItemPrice>
      <UnitOfMeasurePrice>0.1271</UnitOfMeasurePrice>
      <AllowDiscount>1</AllowDiscount>
      <ItemStatus>1</ItemStatus>
      <ItemId>215484</ItemId>
    </Item>
    <Item>
      <PriceUpdateDate>2025-09-03 07:20:00</PriceUpdateDate>
      <ItemCode>7290111565502</ItemCode>
      <ItemType>1</ItemType>
      <ItemName>גלידה סנדוויץ' אוראו</ItemName>
      <ManufacturerName>לא ידוע</ManufacturerName>
      <ManufactureCountry>לא ידוע</ManufactureCountry>
      <ManufacturerItemDescription>גלידה סנדוויץ' אוראו</ManufacturerItemDescription>
      <UnitQty>לא ידוע</UnitQty>
      <Quantity>80.00</Quantity>
      <UnitOfMeasure>לא ידוע</UnitOfMeasure>
      <bIsWeighted>0</bIsWeighted>
      <QtyInPackage>לא ידוע</QtyInPackage>
      <ItemPrice>13.90</ItemPrice>
      <UnitOfMeasurePrice>0.1738</UnitOfMeasurePrice>
      <AllowDiscount>1</AllowDiscount>
      <ItemStatus>1</ItemStatus>
      <ItemId>215493</ItemId>
    </Item>
    <Item>
      <PriceUpdateDate>2025-09-07 08:16:36</PriceUpdateDate>
      <ItemCode>7613035619050</ItemCode>
      <ItemType>1</ItemType>
      <ItemName>פירולו חמשושים מפלצו</ItemName>
      <ManufacturerName>לא ידוע</ManufacturerName>
      <ManufactureCountry>לא ידוע</ManufactureCountry>
      <ManufacturerItemDescription>פירולו חמשושים מפלצו</ManufacturerItemDescription>
      <UnitQty>לא ידוע</UnitQty>
      <Quantity>80.00</Quantity>
      <UnitOfMeasure>לא ידוע</UnitOfMeasure>
      <bIsWeighted>0</bIsWeighted>
      <QtyInPackage>לא ידוע</QtyInPackage>
      <ItemPrice>10.90</ItemPrice>
      <UnitOfMeasurePrice>0.1363</UnitOfMeasurePrice>
      <AllowDiscount>1</AllowDiscount>
      <ItemStatus>1</ItemStatus>
      <ItemId>215497</ItemId>
    </Item>
    <Item>
      <PriceUpdateDate>2025-09-08 07:54:53</PriceUpdateDate>
      <ItemCode>7290016387254</ItemCode>
      <ItemType>1</ItemType>
      <ItemName>מצע לייבוש כלים</ItemName>
      <ManufacturerName>לא ידוע</ManufacturerName>
      <ManufactureCountry>לא ידוע</ManufactureCountry>
      <ManufacturerItemDescription>מצע לייבוש כלים</ManufacturerItemDescription>
      <UnitQty>יחידה   </UnitQty>
      <Quantity>0.00</Quantity>
      <UnitOfMeasure>יחידה   </UnitOfMeasure>
      <bIsWeighted>0</bIsWeighted>
      <QtyInPackage>לא ידוע</QtyInPackage>
      <ItemPrice>10.90</ItemPrice>
      <UnitOfMeasurePrice>0.0000</UnitOfMeasurePrice>
      <AllowDiscount>1</AllowDiscount>
      <ItemStatus>1</ItemStatus>
      <ItemId>204212</ItemId>
    </Item>
    <Item>
      <PriceUpdateDate>2025-10-26 11:05:22</PriceUpdateDate>
      <ItemCode>7290011530006</ItemCode>
      <ItemType>1</ItemType>
      <ItemName>מינוט סינטה בקר 300</ItemName>
      <ManufacturerName>לא ידוע</ManufacturerName>
      <ManufactureCountry>לא ידוע</ManufactureCountry>
      <ManufacturerItemDescription>מינוט סינטה בקר 300</ManufacturerItemDescription>
      <UnitQty>לא ידוע</UnitQty>
      <Quantity>300.00</Quantity>
      <UnitOfMeasure>לא ידוע</UnitOfMeasure>
      <bIsWeighted>0</bIsWeighted>
      <QtyInPackage>לא ידוע</QtyInPackage>
      <ItemPrice>34.90</ItemPrice>
      <UnitOfMeasurePrice>0.1163</UnitOfMeasurePrice>
      <AllowDiscount>1</AllowDiscount>
      <ItemStatus>1</ItemStatus>
      <ItemId>256240</ItemId>
    </Item>
    <Item>
      <PriceUpdateDate>2025-11-17 15:20:27</PriceUpdateDate>
      <ItemCode>7290019233275</ItemCode>
      <ItemType>1</ItemType>
      <ItemName>ממרח פסטו בזיליקום ו</ItemName>
      <ManufacturerName>לא ידוע</ManufacturerName>
      <ManufactureCountry>לא ידוע</ManufactureCountry>
      <ManufacturerItemDescription>ממרח פסטו בזיליקום ו</ManufacturerItemDescription>
      <UnitQty>לא ידוע</UnitQty>
      <Quantity>180.00</Quantity>
      <UnitOfMeasure>לא ידוע</UnitOfMeasure>
      <bIsWeighted>0</bIsWeighted>
      <QtyInPackage>לא ידוע</QtyInPackage>
      <ItemPrice>18.90</ItemPrice>
      <UnitOfMeasurePrice>0.1050</UnitOfMeasurePrice>
      <AllowDiscount>1</AllowDiscount>
      <ItemStatus>1</ItemStatus>
      <ItemId>256459</ItemId>
    </Item>
    <Item>
      <PriceUpdateDate>2025-08-19 11:30:02</PriceUpdateDate>
      <ItemCode>7290013153395</ItemCode>
      <ItemType>1</ItemType>
      <ItemName>פריגת סחוט רימונים 1</ItemName>
      <ManufacturerName>לא ידוע</ManufacturerName>
      <ManufactureCountry>לא ידוע</ManufactureCountry>
      <ManufacturerItemDescription>פריגת סחוט רימונים 1</ManufacturerItemDescription>
      <UnitQty>לא ידוע</UnitQty>
      <Quantity>1000.00</Quantity>
      <UnitOfMeasure>לא ידוע</UnitOfMeasure>
      <bIsWeighted>0</bIsWeighted>
      <QtyInPackage>לא ידוע</QtyInPackage>
      <ItemPrice>27.20</ItemPrice>
      <UnitOfMeasurePrice>0.0272</UnitOfMeasurePrice>
      <AllowDiscount>1</AllowDiscount>
      <ItemStatus>1</ItemStatus>
      <ItemId>215517</ItemId>
    </Item>
    <Item>
      <PriceUpdateDate>2025-08-21 12:21:42</PriceUpdateDate>
      <ItemCode>7290102392094</ItemCode>
      <ItemType>1</ItemType>
      <ItemName>חלב עיזים צוריאל 1ל</ItemName>
      <ManufacturerName>לא ידוע</ManufacturerName>
      <ManufactureCountry>לא ידוע</ManufactureCountry>
      <ManufacturerItemDescription>חלב עיזים צוריאל 1ל</ManufacturerItemDescription>
      <UnitQty>לא ידוע</UnitQty>
      <Quantity>1000.00</Quantity>
      <UnitOfMeasure>לא ידוע</UnitOfMeasure>
      <bIsWeighted>0</bIsWeighted>
      <QtyInPackage>לא ידוע</QtyInPackage>
      <ItemPrice>22.70</ItemPrice>
      <UnitOfMeasurePrice>0.0227</UnitOfMeasurePrice>
      <AllowDiscount>1</AllowDiscount>
      <ItemStatus>1</ItemStatus>
      <ItemId>215519</ItemId>
    </Item>
    <Item>
      <PriceUpdateDate>2025-05-05 08:19:35</PriceUpdateDate>
      <ItemCode>7290102393268</ItemCode>
      <ItemType>1</ItemType>
      <ItemName>גבינה לבנה 5% טרה 75</ItemName>
      <ManufacturerName>לא ידוע</ManufacturerName>
      <ManufactureCountry>לא ידוע</ManufactureCountry>
      <ManufacturerItemDescription>גבינה לבנה 5% טרה 75</ManufacturerItemDescription>
      <UnitQty>לא ידוע</UnitQty>
      <Quantity>750.00</Quantity>
      <UnitOfMeasure>לא ידוע</UnitOfMeasure>
      <bIsWeighted>0</bIsWeighted>
      <QtyInPackage>לא ידוע</QtyInPackage>
      <ItemPrice>17.43</ItemPrice>
      <UnitOfMeasurePrice>0.0232</UnitOfMeasurePrice>
      <AllowDiscount>1</AllowDiscount>
      <ItemStatus>1</ItemStatus>
      <ItemId>215521</ItemId>
    </Item>
    <Item>
      <PriceUpdateDate>2025-08-20 08:16:04</PriceUpdateDate>
      <ItemCode>7290016150117</ItemCode>
      <ItemType>1</ItemType>
      <ItemName>סלק וואקום</ItemName>
      <ManufacturerName>לא ידוע</ManufacturerName>
      <ManufactureCountry>ליטא</ManufactureCountry>
      <ManufacturerItemDescription>סלק וואקום</ManufacturerItemDescription>
      <UnitQty>לא ידוע</UnitQty>
      <Quantity>500.00</Quantity>
      <UnitOfMeasure>לא ידוע</UnitOfMeasure>
      <bIsWeighted>0</bIsWeighted>
      <QtyInPackage>לא ידוע</QtyInPackage>
      <ItemPrice>9.50</ItemPrice>
      <UnitOfMeasurePrice>0.0190</UnitOfMeasurePrice>
      <AllowDiscount>1</AllowDiscount>
      <ItemStatus>1</ItemStatus>
      <ItemId>165302</ItemId>
    </Item>
    <Item>
      <PriceUpdateDate>2025-08-19 08:16:56</PriceUpdateDate>
      <ItemCode>3523230026826</ItemCode>
      <ItemType>1</ItemType>
      <ItemName>גבינת פירמידה עיזים</ItemName>
      <ManufacturerName>לא ידוע</ManufacturerName>
      <ManufactureCountry>לא ידוע</ManufactureCountry>
      <ManufacturerItemDescription>גבינת פירמידה עיזים</ManufacturerItemDescription>
      <UnitQty>לא ידוע</UnitQty>
      <Quantity>140.00</Quantity>
      <UnitOfMeasure>לא ידוע</UnitOfMeasure>
      <bIsWeighted>0</bIsWeighted>
      <QtyInPackage>לא ידוע</QtyInPackage>
      <ItemPrice>29.90</ItemPrice>
      <UnitOfMeasurePrice>0.2136</UnitOfMeasurePrice>
      <AllowDiscount>1</AllowDiscount>
      <ItemStatus>1</ItemStatus>
      <ItemId>210669</ItemId>
    </Item>
    <Item>
      <PriceUpdateDate>2025-11-04 08:20:28</PriceUpdateDate>
      <ItemCode>7290116537955</ItemCode>
      <ItemType>1</ItemType>
      <ItemName>כריות בטעם שוקולד פא</ItemName>
      <ManufacturerName>לא ידוע</ManufacturerName>
      <ManufactureCountry>לא ידוע</ManufactureCountry>
      <ManufacturerItemDescription>כריות בטעם שוקולד פא</ManufacturerItemDescription>
      <UnitQty>לא ידוע</UnitQty>
      <Quantity>348.00</Quantity>
      <UnitOfMeasure>לא ידוע</UnitOfMeasure>
      <bIsWeighted>0</bIsWeighted>
      <QtyInPackage>לא ידוע</QtyInPackage>
      <ItemPrice>25.90</ItemPrice>
      <UnitOfMeasurePrice>0.0744</UnitOfMeasurePrice>
      <AllowDiscount>1</AllowDiscount>
      <ItemStatus>1</ItemStatus>
      <ItemId>256313</ItemId>
    </Item>
    <Item>
      <PriceUpdateDate>2025-11-12 09:13:29</PriceUpdateDate>
      <ItemCode>7290005509445</ItemCode>
      <ItemType>1</ItemType>
      <ItemName>מיני קוקיס בטעם חמאה</ItemName>
      <ManufacturerName>קריות זול</ManufacturerName>
      <ManufactureCountry>לא ידוע</ManufactureCountry>
      <ManufacturerItemDescription>מיני קוקיס בטעם חמאה</ManufacturerItemDescription>
      <UnitQty>לא ידוע</UnitQty>
      <Quantity>600.00</Quantity>
      <UnitOfMeasure>לא ידוע</UnitOfMeasure>
      <bIsWeighted>0</bIsWeighted>
      <QtyInPackage>לא ידוע</QtyInPackage>
      <ItemPrice>22.90</ItemPrice>
      <UnitOfMeasurePrice>0.0382</UnitOfMeasurePrice>
      <AllowDiscount>1</AllowDiscount>
      <ItemStatus>1</ItemStatus>
      <ItemId>165720</ItemId>
    </Item>
    <Item>
      <PriceUpdateDate>2025-08-19 18:18:29</PriceUpdateDate>
      <ItemCode>7290003475124</ItemCode>
      <ItemType>1</ItemType>
      <ItemName>צמר גפן 100גר</ItemName>
      <ManufacturerName>קריות זול</ManufacturerName>
      <ManufactureCountry>לא ידוע</ManufactureCountry>
      <ManufacturerItemDescription>צמר גפן 100גר</ManufacturerItemDescription>
      <UnitQty>לא ידוע</UnitQty>
      <Quantity>100.00</Quantity>
      <UnitOfMeasure>לא ידוע</UnitOfMeasure>
      <bIsWeighted>0</bIsWeighted>
      <QtyInPackage>לא ידוע</QtyInPackage>
      <ItemPrice>9.90</ItemPrice>
      <UnitOfMeasurePrice>0.0990</UnitOfMeasurePrice>
      <AllowDiscount>1</AllowDiscount>
      <ItemStatus>1</ItemStatus>
      <ItemId>215544</ItemId>
    </Item>
    <Item>
      <PriceUpdateDate>2025-12-05 11:33:47</PriceUpdateDate>
      <ItemCode>7290001216040</ItemCode>
      <ItemType>1</ItemType>
      <ItemName>טחינה גולמית אל ארז</ItemName>
      <ManufacturerName>לא ידוע</ManufacturerName>
      <ManufactureCountry>לא ידוע</ManufactureCountry>
      <ManufacturerItemDescription>טחינה גולמית אל ארז</ManufacturerItemDescription>
      <UnitQty>לא ידוע</UnitQty>
      <Quantity>500.00</Quantity>
      <UnitOfMeasure>לא ידוע</UnitOfMeasure>
      <bIsWeighted>0</bIsWeighted>
      <QtyInPackage>לא ידוע</QtyInPackage>
      <ItemPrice>19.90</ItemPrice>
      <UnitOfMeasurePrice>0.0398</UnitOfMeasurePrice>
      <AllowDiscount>1</AllowDiscount>
      <ItemStatus>1</ItemStatus>
      <ItemId>165926</ItemId>
    </Item>
    <Item>
      <PriceUpdateDate>2024-12-15 09:53:04</PriceUpdateDate>
      <ItemCode>6112012100808</ItemCode>
      <ItemType>1</ItemType>
      <ItemName>פינג'ן גדול</ItemName>
      <ManufacturerName>לא ידוע</ManufacturerName>
      <ManufactureCountry>לא ידוע</ManufactureCountry>
      <ManufacturerItemDescription>פינג'ן גדול</ManufacturerItemDescription>
      <UnitQty>יחידה   </UnitQty>
      <Quantity>0.00</Quantity>
      <UnitOfMeasure>יחידה   </UnitOfMeasure>
      <bIsWeighted>0</bIsWeighted>
      <QtyInPackage>לא ידוע</QtyInPackage>
      <ItemPrice>23.90</ItemPrice>
      <UnitOfMeasurePrice>0.0000</UnitOfMeasurePrice>
      <AllowDiscount>1</AllowDiscount>
      <ItemStatus>1</ItemStatus>
      <ItemId>165945</ItemId>
    </Item>
    <Item>
      <PriceUpdateDate>2024-12-15 09:53:58</PriceUpdateDate>
      <ItemCode>6931191500588</ItemCode>
      <ItemType>1</ItemType>
      <ItemName>פטיש לשניצל</ItemName>
      <ManufacturerName>לא ידוע</ManufacturerName>
      <ManufactureCountry>לא ידוע</ManufactureCountry>
      <ManufacturerItemDescription>פטיש לשניצל</ManufacturerItemDescription>
      <UnitQty>יחידה   </UnitQty>
      <Quantity>0.00</Quantity>
      <UnitOfMeasure>יחידה   </UnitOfMeasure>
      <bIsWeighted>0</bIsWeighted>
      <QtyInPackage>לא ידוע</QtyInPackage>
      <ItemPrice>13.90</ItemPrice>
      <UnitOfMeasurePrice>0.0000</UnitOfMeasurePrice>
      <AllowDiscount>1</AllowDiscount>
      <ItemStatus>1</ItemStatus>
      <ItemId>166026</ItemId>
    </Item>
    <Item>
      <PriceUpdateDate>2025-09-25 14:08:12</PriceUpdateDate>
      <ItemCode>7290120870932</ItemCode>
      <ItemType>1</ItemType>
      <ItemName>גרנולה עם אגוזי לוז</ItemName>
      <ManufacturerName>לא ידוע</ManufacturerName>
      <ManufactureCountry>לא ידוע</ManufactureCountry>
      <ManufacturerItemDescription>גרנולה עם אגוזי לוז</ManufacturerItemDescription>
      <UnitQty>לא ידוע</UnitQty>
      <Quantity>300.00</Quantity>
      <UnitOfMeasure>לא ידוע</UnitOfMeasure>
      <bIsWeighted>0</bIsWeighted>
      <QtyInPackage>לא ידוע</QtyInPackage>
      <ItemPrice>25.90</ItemPrice>
      <UnitOfMeasurePrice>0.0863</UnitOfMeasurePrice>
      <AllowDiscount>1</AllowDiscount>
      <ItemStatus>1</ItemStatus>
      <ItemId>255999</ItemId>
    </Item>
    <Item>
      <PriceUpdateDate>2025-09-07 08:01:52</PriceUpdateDate>
      <ItemCode>7290019750154</ItemCode>
      <ItemType>1</ItemType>
      <ItemName>רדיד אלומיניום 61 מט</ItemName>
      <ManufacturerName>לא ידוע</ManufacturerName>
      <ManufactureCountry>לא ידוע</ManufactureCountry>
      <ManufacturerItemDescription>רדיד אלומיניום 61 מט</ManufacturerItemDescription>
      <UnitQty>יחידה   </UnitQty>
      <Quantity>0.00</Quantity>
      <UnitOfMeasure>יחידה   </UnitOfMeasure>
      <bIsWeighted>0</bIsWeighted>
      <QtyInPackage>לא ידוע</QtyInPackage>
      <ItemPrice>35.90</ItemPrice>
      <UnitOfMeasurePrice>0.0000</UnitOfMeasurePrice>
      <AllowDiscount>1</AllowDiscount>
      <ItemStatus>1</ItemStatus>
      <ItemId>253977</ItemId>
    </Item>
    <Item>
      <PriceUpdateDate>2025-09-07 11:03:34</PriceUpdateDate>
      <ItemCode>80832560</ItemCode>
      <ItemType>1</ItemType>
      <ItemName>סוכריות מנטוס פירות</ItemName>
      <ManufacturerName>לא ידוע</ManufacturerName>
      <ManufactureCountry>לא ידוע</ManufactureCountry>
      <ManufacturerItemDescription>סוכריות מנטוס פירות</ManufacturerItemDescription>
      <UnitQty>יחידה   </UnitQty>
      <Quantity>0.00</Quantity>
      <UnitOfMeasure>יחידה   </UnitOfMeasure>
      <bIsWeighted>0</bIsWeighted>
      <QtyInPackage>לא ידוע</QtyInPackage>
      <ItemPrice>10.90</ItemPrice>
      <UnitOfMeasurePrice>0.0000</UnitOfMeasurePrice>
      <AllowDiscount>1</AllowDiscount>
      <ItemStatus>1</ItemStatus>
      <ItemId>243298</ItemId>
    </Item>
    <Item>
      <PriceUpdateDate>2024-12-15 09:54:59</PriceUpdateDate>
      <ItemCode>7296155150698</ItemCode>
      <ItemType>1</ItemType>
      <ItemName>דלי פיה סופר</ItemName>
      <ManufacturerName>לא ידוע</ManufacturerName>
      <ManufactureCountry>לא ידוע</ManufactureCountry>
      <ManufacturerItemDescription>דלי פיה סופר</ManufacturerItemDescription>
      <UnitQty>יחידה   </UnitQty>
      <Quantity>0.00</Quantity>
      <UnitOfMeasure>יחידה   </UnitOfMeasure>
      <bIsWeighted>0</bIsWeighted>
      <QtyInPackage>לא ידוע</QtyInPackage>
      <ItemPrice>13.90</ItemPrice>
      <UnitOfMeasurePrice>0.0000</UnitOfMeasurePrice>
      <AllowDiscount>1</AllowDiscount>
      <ItemStatus>1</ItemStatus>
      <ItemId>166065</ItemId>
    </Item>
    <Item>
      <PriceUpdateDate>2025-08-20 13:21:28</PriceUpdateDate>
      <ItemCode>7290004064389</ItemCode>
      <ItemType>1</ItemType>
      <ItemName>מלח הימלאיה דק מלחיי</ItemName>
      <ManufacturerName>לא ידוע</ManufacturerName>
      <ManufactureCountry>לא ידוע</ManufactureCountry>
      <ManufacturerItemDescription>מלח הימלאיה דק מלחיי</ManufacturerItemDescription>
      <UnitQty>לא ידוע</UnitQty>
      <Quantity>250.00</Quantity>
      <UnitOfMeasure>לא ידוע</UnitOfMeasure>
      <bIsWeighted>0</bIsWeighted>
      <QtyInPackage>לא ידוע</QtyInPackage>
      <ItemPrice>12.90</ItemPrice>
      <UnitOfMeasurePrice>0.0516</UnitOfMeasurePrice>
      <AllowDiscount>1</AllowDiscount>
      <ItemStatus>1</ItemStatus>
      <ItemId>234189</ItemId>
    </Item>
    <Item>
      <PriceUpdateDate>2025-08-20 09:03:17</PriceUpdateDate>
      <ItemCode>40099132</ItemCode>
      <ItemType>1</ItemType>
      <ItemName>מסטיק הובה בובה דובד</ItemName>
      <ManufacturerName>לא ידוע</ManufacturerName>
      <ManufactureCountry>לא ידוע</ManufactureCountry>
      <ManufacturerItemDescription>מסטיק הובה בובה דובד</ManufacturerItemDescription>
      <UnitQty>לא ידוע</UnitQty>
      <Quantity>35.00</Quantity>
      <UnitOfMeasure>לא ידוע</UnitOfMeasure>
      <bIsWeighted>0</bIsWeighted>
      <QtyInPackage>לא ידוע</QtyInPackage>
      <ItemPrice>5.00</ItemPrice>
      <UnitOfMeasurePrice>0.1429</UnitOfMeasurePrice>
      <AllowDiscount>1</AllowDiscount>
      <ItemStatus>1</ItemStatus>
      <ItemId>166089</ItemId>
    </Item>
    <Item>
      <PriceUpdateDate>2025-09-07 08:06:19</PriceUpdateDate>
      <ItemCode>7290016818628</ItemCode>
      <ItemType>1</ItemType>
      <ItemName>רביולי פסטה 300 גרם</ItemName>
      <ManufacturerName>קריות זול</ManufacturerName>
      <ManufactureCountry>לא ידוע</ManufactureCountry>
      <ManufacturerItemDescription>רביולי פסטה 300 גרם</ManufacturerItemDescription>
      <UnitQty>לא ידוע</UnitQty>
      <Quantity>300.00</Quantity>
      <UnitOfMeasure>לא ידוע</UnitOfMeasure>
      <bIsWeighted>0</bIsWeighted>
      <QtyInPackage>לא ידוע</QtyInPackage>
      <ItemPrice>22.90</ItemPrice>
      <UnitOfMeasurePrice>0.0763</UnitOfMeasurePrice>
      <AllowDiscount>1</AllowDiscount>
      <ItemStatus>1</ItemStatus>
      <ItemId>254371</ItemId>
    </Item>
    <Item>
      <PriceUpdateDate>2025-08-20 09:03:18</PriceUpdateDate>
      <ItemCode>42123866</ItemCode>
      <ItemType>1</ItemType>
      <ItemName>הובה בובה קלאסי צ'אנ</ItemName>
      <ManufacturerName>קריות זול</ManufacturerName>
      <ManufactureCountry>לא ידוע</ManufactureCountry>
      <ManufacturerItemDescription>הובה בובה קלאסי צ'אנ</ManufacturerItemDescription>
      <UnitQty>לא ידוע</UnitQty>
      <Quantity>35.00</Quantity>
      <UnitOfMeasure>לא ידוע</UnitOfMeasure>
      <bIsWeighted>0</bIsWeighted>
      <QtyInPackage>לא ידוע</QtyInPackage>
      <ItemPrice>5.00</ItemPrice>
      <UnitOfMeasurePrice>0.1429</UnitOfMeasurePrice>
      <AllowDiscount>1</AllowDiscount>
      <ItemStatus>1</ItemStatus>
      <ItemId>166099</ItemId>
    </Item>
    <Item>
      <PriceUpdateDate>2025-08-11 07:32:19</PriceUpdateDate>
      <ItemCode>4009900379564</ItemCode>
      <ItemType>1</ItemType>
      <ItemName>מסטיק הובה בובה טייפ</ItemName>
      <ManufacturerName>קריות זול</ManufacturerName>
      <ManufactureCountry>לא ידוע</ManufactureCountry>
      <ManufacturerItemDescription>מסטיק הובה בובה טייפ</ManufacturerItemDescription>
      <UnitQty>לא ידוע</UnitQty>
      <Quantity>56.00</Quantity>
      <UnitOfMeasure>לא ידוע</UnitOfMeasure>
      <bIsWeighted>0</bIsWeighted>
      <QtyInPackage>לא ידוע</QtyInPackage>
      <ItemPrice>9.90</ItemPrice>
      <UnitOfMeasurePrice>0.1768</UnitOfMeasurePrice>
      <AllowDiscount>1</AllowDiscount>
      <ItemStatus>1</ItemStatus>
      <ItemId>166168</ItemId>
    </Item>
    <Item>
      <PriceUpdateDate>2025-08-20 09:03:18</PriceUpdateDate>
      <ItemCode>4009900402965</ItemCode>
      <ItemType>1</ItemType>
      <ItemName>אורביט ווייט בקבוקון</ItemName>
      <ManufacturerName>לא ידוע</ManufacturerName>
      <ManufactureCountry>לא ידוע</ManufactureCountry>
      <ManufacturerItemDescription>אורביט ווייט בקבוקון</ManufacturerItemDescription>
      <UnitQty>לא ידוע</UnitQty>
      <Quantity>65.00</Quantity>
      <UnitOfMeasure>לא ידוע</UnitOfMeasure>
      <bIsWeighted>0</bIsWeighted>
      <QtyInPackage>לא ידוע</QtyInPackage>
      <ItemPrice>14.90</ItemPrice>
      <UnitOfMeasurePrice>0.2292</UnitOfMeasurePrice>
      <AllowDiscount>1</AllowDiscount>
      <ItemStatus>1</ItemStatus>
      <ItemId>166177</ItemId>
    </Item>
    <Item>
      <PriceUpdateDate>2025-09-17 08:55:01</PriceUpdateDate>
      <ItemCode>4009900403023</ItemCode>
      <ItemType>1</ItemType>
      <ItemName>אורביט ווייט בקבוקון</ItemName>
      <ManufacturerName>לא ידוע</ManufacturerName>
      <ManufactureCountry>לא ידוע</ManufactureCountry>
      <ManufacturerItemDescription>אורביט ווייט בקבוקון</ManufacturerItemDescription>
      <UnitQty>לא ידוע</UnitQty>
      <Quantity>64.00</Quantity>
      <UnitOfMeasure>לא ידוע</UnitOfMeasure>
      <bIsWeighted>0</bIsWeighted>
      <QtyInPackage>לא ידוע</QtyInPackage>
      <ItemPrice>14.90</ItemPrice>
      <UnitOfMeasurePrice>0.2328</UnitOfMeasurePrice>
      <AllowDiscount>1</AllowDiscount>
      <ItemStatus>1</ItemStatus>
      <ItemId>166178</ItemId>
    </Item>
    <Item>
      <PriceUpdateDate>2025-05-06 10:55:19</PriceUpdateDate>
      <ItemCode>4009900406918</ItemCode>
      <ItemType>1</ItemType>
      <ItemName>מסטיק הובה בובה טייפ</ItemName>
      <ManufacturerName>קריות זול</ManufacturerName>
      <ManufactureCountry>לא ידוע</ManufactureCountry>
      <ManufacturerItemDescription>מסטיק הובה בובה טייפ</ManufacturerItemDescription>
      <UnitQty>לא ידוע</UnitQty>
      <Quantity>56.00</Quantity>
      <UnitOfMeasure>לא ידוע</UnitOfMeasure>
      <bIsWeighted>0</bIsWeighted>
      <QtyInPackage>לא ידוע</QtyInPackage>
      <ItemPrice>9.90</ItemPrice>
      <UnitOfMeasurePrice>0.1768</UnitOfMeasurePrice>
      <AllowDiscount>1</AllowDiscount>
      <ItemStatus>1</ItemStatus>
      <ItemId>166181</ItemId>
    </Item>
    <Item>
      <PriceUpdateDate>2025-08-20 09:03:19</PriceUpdateDate>
      <ItemCode>4009900479998</ItemCode>
      <ItemType>1</ItemType>
      <ItemName>אורביט אוכמניות בקבו</ItemName>
      <ManufacturerName>לא ידוע</ManufacturerName>
      <ManufactureCountry>לא ידוע</ManufactureCountry>
      <ManufacturerItemDescription>אורביט אוכמניות בקבו</ManufacturerItemDescription>
      <UnitQty>יחידה   </UnitQty>
      <Quantity>0.00</Quantity>
      <UnitOfMeasure>יחידה   </UnitOfMeasure>
      <bIsWeighted>0</bIsWeighted>
      <QtyInPackage>לא ידוע</QtyInPackage>
      <ItemPrice>14.90</ItemPrice>
      <UnitOfMeasurePrice>0.0000</UnitOfMeasurePrice>
      <AllowDiscount>1</AllowDiscount>
      <ItemStatus>1</ItemStatus>
      <ItemId>166223</ItemId>
    </Item>
    <Item>
      <PriceUpdateDate>2025-08-20 09:03:19</PriceUpdateDate>
      <ItemCode>4009900482417</ItemCode>
      <ItemType>1</ItemType>
      <ItemName>אורביט באבל מינט בקב</ItemName>
      <ManufacturerName>לא ידוע</ManufacturerName>
      <ManufactureCountry>לא ידוע</ManufactureCountry>
      <ManufacturerItemDescription>אורביט באבל מינט בקב</ManufacturerItemDescription>
      <UnitQty>יחידה   </UnitQty>
      <Quantity>0.00</Quantity>
      <UnitOfMeasure>יחידה   </UnitOfMeasure>
      <bIsWeighted>0</bIsWeighted>
      <QtyInPackage>לא ידוע</QtyInPackage>
      <ItemPrice>14.90</ItemPrice>
      <UnitOfMeasurePrice>0.0000</UnitOfMeasurePrice>
      <AllowDiscount>1</AllowDiscount>
      <ItemStatus>1</ItemStatus>
      <ItemId>166225</ItemId>
    </Item>
    <Item>
      <PriceUpdateDate>2025-08-20 09:03:20</PriceUpdateDate>
      <ItemCode>4009900484060</ItemCode>
      <ItemType>1</ItemType>
      <ItemName>אורביט בקבוק בטעם מנ</ItemName>
      <ManufacturerName>לא ידוע</ManufacturerName>
      <ManufactureCountry>לא ידוע</ManufactureCountry>
      <ManufacturerItemDescription>אורביט בקבוק בטעם מנ</ManufacturerItemDescription>
      <UnitQty>לא ידוע</UnitQty>
      <Quantity>60.00</Quantity>
      <UnitOfMeasure>לא ידוע</UnitOfMeasure>
      <bIsWeighted>0</bIsWeighted>
      <QtyInPackage>לא ידוע</QtyInPackage>
      <ItemPrice>16.90</ItemPrice>
      <UnitOfMeasurePrice>0.2817</UnitOfMeasurePrice>
      <AllowDiscount>1</AllowDiscount>
      <ItemStatus>1</ItemStatus>
      <ItemId>166227</ItemId>
    </Item>
    <Item>
      <PriceUpdateDate>2025-08-20 09:03:20</PriceUpdateDate>
      <ItemCode>4009900484091</ItemCode>
      <ItemType>1</ItemType>
      <ItemName>אורביט בקבוק בטעם ספ</ItemName>
      <ManufacturerName>לא ידוע</ManufacturerName>
      <ManufactureCountry>לא ידוע</ManufactureCountry>
      <ManufacturerItemDescription>אורביט בקבוק בטעם ספ</ManufacturerItemDescription>
      <UnitQty>לא ידוע</UnitQty>
      <Quantity>84.00</Quantity>
      <UnitOfMeasure>לא ידוע</UnitOfMeasure>
      <bIsWeighted>0</bIsWeighted>
      <QtyInPackage>לא ידוע</QtyInPackage>
      <ItemPrice>16.90</ItemPrice>
      <UnitOfMeasurePrice>0.2012</UnitOfMeasurePrice>
      <AllowDiscount>1</AllowDiscount>
      <ItemStatus>1</ItemStatus>
      <ItemId>166228</ItemId>
    </Item>
    <Item>
      <PriceUpdateDate>2025-08-20 09:03:24</PriceUpdateDate>
      <ItemCode>5000159376655</ItemCode>
      <ItemType>1</ItemType>
      <ItemName>סוכריות בטעם פירות א</ItemName>
      <ManufacturerName>לא ידוע</ManufacturerName>
      <ManufactureCountry>לא ידוע</ManufactureCountry>
      <ManufacturerItemDescription>סוכריות בטעם פירות א</ManufacturerItemDescription>
      <UnitQty>לא ידוע</UnitQty>
      <Quantity>38.00</Quantity>
      <UnitOfMeasure>לא ידוע</UnitOfMeasure>
      <bIsWeighted>0</bIsWeighted>
      <QtyInPackage>לא ידוע</QtyInPackage>
      <ItemPrice>5.90</ItemPrice>
      <UnitOfMeasurePrice>0.1553</UnitOfMeasurePrice>
      <AllowDiscount>1</AllowDiscount>
      <ItemStatus>1</ItemStatus>
      <ItemId>166249</ItemId>
    </Item>
    <Item>
      <PriceUpdateDate>2025-08-20 09:03:24</PriceUpdateDate>
      <ItemCode>5000159376792</ItemCode>
      <ItemType>1</ItemType>
      <ItemName>סוכריות SKITTLES ירו</ItemName>
      <ManufacturerName>לא ידוע</ManufacturerName>
      <ManufactureCountry>לא ידוע</ManufactureCountry>
      <ManufacturerItemDescription>סוכריות SKITTLES ירו</ManufacturerItemDescription>
      <UnitQty>לא ידוע</UnitQty>
      <Quantity>38.00</Quantity>
      <UnitOfMeasure>לא ידוע</UnitOfMeasure>
      <bIsWeighted>0</bIsWeighted>
      <QtyInPackage>לא ידוע</QtyInPackage>
      <ItemPrice>5.90</ItemPrice>
      <UnitOfMeasurePrice>0.1553</UnitOfMeasurePrice>
      <AllowDiscount>1</AllowDiscount>
      <ItemStatus>1</ItemStatus>
      <ItemId>166250</ItemId>
    </Item>
    <Item>
      <PriceUpdateDate>2025-08-21 13:56:14</PriceUpdateDate>
      <ItemCode>80050025</ItemCode>
      <ItemType>1</ItemType>
      <ItemName>טיק טק תפוז 16גר</ItemName>
      <ManufacturerName>קריות זול</ManufacturerName>
      <ManufactureCountry>לא ידוע</ManufactureCountry>
      <ManufacturerItemDescription>טיק טק תפוז 16גר</ManufacturerItemDescription>
      <UnitQty>לא ידוע</UnitQty>
      <Quantity>16.00</Quantity>
      <UnitOfMeasure>לא ידוע</UnitOfMeasure>
      <bIsWeighted>0</bIsWeighted>
      <QtyInPackage>לא ידוע</QtyInPackage>
      <ItemPrice>5.50</ItemPrice>
      <UnitOfMeasurePrice>0.3438</UnitOfMeasurePrice>
      <AllowDiscount>1</AllowDiscount>
      <ItemStatus>1</ItemStatus>
      <ItemId>166281</ItemId>
    </Item>
    <Item>
      <PriceUpdateDate>2025-08-21 13:56:14</PriceUpdateDate>
      <ItemCode>80050124</ItemCode>
      <ItemType>1</ItemType>
      <ItemName>טיק טק מנטה 16גר</ItemName>
      <ManufacturerName>קריות זול</ManufacturerName>
      <ManufactureCountry>לא ידוע</ManufactureCountry>
      <ManufacturerItemDescription>טיק טק מנטה 16גר</ManufacturerItemDescription>
      <UnitQty>לא ידוע</UnitQty>
      <Quantity>16.00</Quantity>
      <UnitOfMeasure>לא ידוע</UnitOfMeasure>
      <bIsWeighted>0</bIsWeighted>
      <QtyInPackage>לא ידוע</QtyInPackage>
      <ItemPrice>5.50</ItemPrice>
      <UnitOfMeasurePrice>0.3438</UnitOfMeasurePrice>
      <AllowDiscount>1</AllowDiscount>
      <ItemStatus>1</ItemStatus>
      <ItemId>166282</ItemId>
    </Item>
    <Item>
      <PriceUpdateDate>2025-08-21 13:56:15</PriceUpdateDate>
      <ItemCode>80052760</ItemCode>
      <ItemType>1</ItemType>
      <ItemName>קינדר בואנו 43גר</ItemName>
      <ManufacturerName>קריות זול</ManufacturerName>
      <ManufactureCountry>לא ידוע</ManufactureCountry>
      <ManufacturerItemDescription>קינדר בואנו 43גר</ManufacturerItemDescription>
      <UnitQty>לא ידוע</UnitQty>
      <Quantity>43.00</Quantity>
      <UnitOfMeasure>לא ידוע</UnitOfMeasure>
      <bIsWeighted>0</bIsWeighted>
      <QtyInPackage>לא ידוע</QtyInPackage>
      <ItemPrice>6.90</ItemPrice>
      <UnitOfMeasurePrice>0.1605</UnitOfMeasurePrice>
      <AllowDiscount>1</AllowDiscount>
      <ItemStatus>1</ItemStatus>
      <ItemId>166289</ItemId>
    </Item>
    <Item>
      <PriceUpdateDate>2025-08-21 13:56:16</PriceUpdateDate>
      <ItemCode>80177609</ItemCode>
      <ItemType>1</ItemType>
      <ItemName>קינדר אצבעות שוקולד</ItemName>
      <ManufacturerName>קריות זול</ManufacturerName>
      <ManufactureCountry>לא ידוע</ManufactureCountry>
      <ManufacturerItemDescription>קינדר אצבעות שוקולד</ManufacturerItemDescription>
      <UnitQty>לא ידוע</UnitQty>
      <Quantity>50.00</Quantity>
      <UnitOfMeasure>לא ידוע</UnitOfMeasure>
      <bIsWeighted>0</bIsWeighted>
      <QtyInPackage>לא ידוע</QtyInPackage>
      <ItemPrice>6.90</ItemPrice>
      <UnitOfMeasurePrice>0.1380</UnitOfMeasurePrice>
      <AllowDiscount>1</AllowDiscount>
      <ItemStatus>1</ItemStatus>
      <ItemId>166295</ItemId>
    </Item>
    <Item>
      <PriceUpdateDate>2025-08-20 09:30:03</PriceUpdateDate>
      <ItemCode>5413548280189</ItemCode>
      <ItemType>1</ItemType>
      <ItemName>קינדר שוקובון 125גר</ItemName>
      <ManufacturerName>לא ידוע</ManufacturerName>
      <ManufactureCountry>לא ידוע</ManufactureCountry>
      <ManufacturerItemDescription>קינדר שוקובון 125גר</ManufacturerItemDescription>
      <UnitQty>לא ידוע</UnitQty>
      <Quantity>125.00</Quantity>
      <UnitOfMeasure>לא ידוע</UnitOfMeasure>
      <bIsWeighted>0</bIsWeighted>
      <QtyInPackage>לא ידוע</QtyInPackage>
      <ItemPrice>19.90</ItemPrice>
      <UnitOfMeasurePrice>0.1592</UnitOfMeasurePrice>
      <AllowDiscount>1</AllowDiscount>
      <ItemStatus>1</ItemStatus>
      <ItemId>166307</ItemId>
    </Item>
    <Item>
      <PriceUpdateDate>2025-08-20 12:43:56</PriceUpdateDate>
      <ItemCode>7290002753223</ItemCode>
      <ItemType>1</ItemType>
      <ItemName>טיקטק תפוז רביעייה 4</ItemName>
      <ManufacturerName>קריות זול</ManufacturerName>
      <ManufactureCountry>לא ידוע</ManufactureCountry>
      <ManufacturerItemDescription>טיקטק תפוז רביעייה 4</ManufacturerItemDescription>
      <UnitQty>לא ידוע</UnitQty>
      <Quantity>64.00</Quantity>
      <UnitOfMeasure>לא ידוע</UnitOfMeasure>
      <bIsWeighted>0</bIsWeighted>
      <QtyInPackage>לא ידוע</QtyInPackage>
      <ItemPrice>16.50</ItemPrice>
      <UnitOfMeasurePrice>0.2578</UnitOfMeasurePrice>
      <AllowDiscount>1</AllowDiscount>
      <ItemStatus>1</ItemStatus>
      <ItemId>166309</ItemId>
    </Item>
    <Item>
      <PriceUpdateDate>2025-04-20 08:18:36</PriceUpdateDate>
      <ItemCode>8000500009673</ItemCode>
      <ItemType>1</ItemType>
      <ItemName>פררו רושר בונבוניירה</ItemName>
      <ManufacturerName>קריות זול</ManufacturerName>
      <ManufactureCountry>לא ידוע</ManufactureCountry>
      <ManufacturerItemDescription>פררו רושר בונבוניירה</ManufacturerItemDescription>
      <UnitQty>לא ידוע</UnitQty>
      <Quantity>300.00</Quantity>
      <UnitOfMeasure>לא ידוע</UnitOfMeasure>
      <bIsWeighted>0</bIsWeighted>
      <QtyInPackage>לא ידוע</QtyInPackage>
      <ItemPrice>59.90</ItemPrice>
      <UnitOfMeasurePrice>0.1997</UnitOfMeasurePrice>
      <AllowDiscount>1</AllowDiscount>
      <ItemStatus>1</ItemStatus>
      <ItemId>166317</ItemId>
    </Item>
    <Item>
      <PriceUpdateDate>2025-08-21 13:56:19</PriceUpdateDate>
      <ItemCode>8000500023624</ItemCode>
      <ItemType>1</ItemType>
      <ItemName>קינדר הפי היפו חמישי</ItemName>
      <ManufacturerName>לא ידוע</ManufacturerName>
      <ManufactureCountry>לא ידוע</ManufactureCountry>
      <ManufacturerItemDescription>קינדר הפי היפו חמישי</ManufacturerItemDescription>
      <UnitQty>לא ידוע</UnitQty>
      <Quantity>102.00</Quantity>
      <UnitOfMeasure>לא ידוע</UnitOfMeasure>
      <bIsWeighted>0</bIsWeighted>
      <QtyInPackage>לא ידוע</QtyInPackage>
      <ItemPrice>18.90</ItemPrice>
      <UnitOfMeasurePrice>0.1853</UnitOfMeasurePrice>
      <AllowDiscount>1</AllowDiscount>
      <ItemStatus>1</ItemStatus>
      <ItemId>166318</ItemId>
    </Item>
    <Item>
      <PriceUpdateDate>2025-08-21 13:56:19</PriceUpdateDate>
      <ItemCode>8000500023976</ItemCode>
      <ItemType>1</ItemType>
      <ItemName>בונבוניירת רפאלו 150</ItemName>
      <ManufacturerName>קריות זול</ManufacturerName>
      <ManufactureCountry>לא ידוע</ManufactureCountry>
      <ManufacturerItemDescription>בונבוניירת רפאלו 150</ManufacturerItemDescription>
      <UnitQty>לא ידוע</UnitQty>
      <Quantity>150.00</Quantity>
      <UnitOfMeasure>לא ידוע</UnitOfMeasure>
      <bIsWeighted>0</bIsWeighted>
      <QtyInPackage>לא ידוע</QtyInPackage>
      <ItemPrice>25.90</ItemPrice>
      <UnitOfMeasurePrice>0.1727</UnitOfMeasurePrice>
      <AllowDiscount>1</AllowDiscount>
      <ItemStatus>1</ItemStatus>
      <ItemId>166319</ItemId>
    </Item>
    <Item>
      <PriceUpdateDate>2025-08-21 13:56:19</PriceUpdateDate>
      <ItemCode>8000500026731</ItemCode>
      <ItemType>1</ItemType>
      <ItemName>קינדר ביצי שוקולד 3*</ItemName>
      <ManufacturerName>קריות זול</ManufacturerName>
      <ManufactureCountry>לא ידוע</ManufactureCountry>
      <ManufacturerItemDescription>קינדר ביצי שוקולד 3*</ManufacturerItemDescription>
      <UnitQty>לא ידוע</UnitQty>
      <Quantity>60.00</Quantity>
      <UnitOfMeasure>לא ידוע</UnitOfMeasure>
      <bIsWeighted>0</bIsWeighted>
      <QtyInPackage>לא ידוע</QtyInPackage>
      <ItemPrice>19.50</ItemPrice>
      <UnitOfMeasurePrice>0.3250</UnitOfMeasurePrice>
      <AllowDiscount>1</AllowDiscount>
      <ItemStatus>1</ItemStatus>
      <ItemId>166320</ItemId>
    </Item>
    <Item>
      <PriceUpdateDate>2025-08-21 13:56:20</PriceUpdateDate>
      <ItemCode>8000500037874</ItemCode>
      <ItemType>1</ItemType>
      <ItemName>פררו רושר בונבוניירה</ItemName>
      <ManufacturerName>קריות זול</ManufacturerName>
      <ManufactureCountry>לא ידוע</ManufactureCountry>
      <ManufacturerItemDescription>פררו רושר בונבוניירה</ManufacturerItemDescription>
      <UnitQty>לא ידוע</UnitQty>
      <Quantity>200.00</Quantity>
      <UnitOfMeasure>לא ידוע</UnitOfMeasure>
      <bIsWeighted>0</bIsWeighted>
      <QtyInPackage>לא ידוע</QtyInPackage>
      <ItemPrice>36.90</ItemPrice>
      <UnitOfMeasurePrice>0.1845</UnitOfMeasurePrice>
      <AllowDiscount>1</AllowDiscount>
      <ItemStatus>1</ItemStatus>
      <ItemId>166324</ItemId>
    </Item>
    <Item>
      <PriceUpdateDate>2025-08-21 13:56:20</PriceUpdateDate>
      <ItemCode>8000500071083</ItemCode>
      <ItemType>1</ItemType>
      <ItemName>קינדר אצבעות שוקולד</ItemName>
      <ManufacturerName>לא ידוע</ManufacturerName>
      <ManufactureCountry>לא ידוע</ManufactureCountry>
      <ManufacturerItemDescription>קינדר אצבעות שוקולד</ManufacturerItemDescription>
      <UnitQty>לא ידוע</UnitQty>
      <Quantity>200.00</Quantity>
      <UnitOfMeasure>לא ידוע</UnitOfMeasure>
      <bIsWeighted>0</bIsWeighted>
      <QtyInPackage>לא ידוע</QtyInPackage>
      <ItemPrice>18.90</ItemPrice>
      <UnitOfMeasurePrice>0.0945</UnitOfMeasurePrice>
      <AllowDiscount>1</AllowDiscount>
      <ItemStatus>1</ItemStatus>
      <ItemId>166326</ItemId>
    </Item>
    <Item>
      <PriceUpdateDate>2025-08-26 10:11:37</PriceUpdateDate>
      <ItemCode>7290000253251</ItemCode>
      <ItemType>1</ItemType>
      <ItemName>שוקולד צ‘יפס לבן 250</ItemName>
      <ManufacturerName>לא ידוע</ManufacturerName>
      <ManufactureCountry>לא ידוע</ManufactureCountry>
      <ManufacturerItemDescription>שוקולד צ‘יפס לבן 250</ManufacturerItemDescription>
      <UnitQty>לא ידוע</UnitQty>
      <Quantity>250.00</Quantity>
      <UnitOfMeasure>לא ידוע</UnitOfMeasure>
      <bIsWeighted>0</bIsWeighted>
      <QtyInPackage>לא ידוע</QtyInPackage>
      <ItemPrice>18.90</ItemPrice>
      <UnitOfMeasurePrice>0.0756</UnitOfMeasurePrice>
      <AllowDiscount>1</AllowDiscount>
      <ItemStatus>1</ItemStatus>
      <ItemId>166342</ItemId>
    </Item>
    <Item>
      <PriceUpdateDate>2025-08-26 10:13:01</PriceUpdateDate>
      <ItemCode>7290012983160</ItemCode>
      <ItemType>1</ItemType>
      <ItemName>סילאן לחיץ חצר כנרת</ItemName>
      <ManufacturerName>לא ידוע</ManufacturerName>
      <ManufactureCountry>לא ידוע</ManufactureCountry>
      <ManufacturerItemDescription>סילאן לחיץ חצר כנרת</ManufacturerItemDescription>
      <UnitQty>לא ידוע</UnitQty>
      <Quantity>400.00</Quantity>
      <UnitOfMeasure>לא ידוע</UnitOfMeasure>
      <bIsWeighted>0</bIsWeighted>
      <QtyInPackage>לא ידוע</QtyInPackage>
      <ItemPrice>13.90</ItemPrice>
      <UnitOfMeasurePrice>0.0348</UnitOfMeasurePrice>
      <AllowDiscount>1</AllowDiscount>
      <ItemStatus>1</ItemStatus>
      <ItemId>166347</ItemId>
    </Item>
    <Item>
      <PriceUpdateDate>2025-09-08 07:55:00</PriceUpdateDate>
      <ItemCode>7290019627722</ItemCode>
      <ItemType>1</ItemType>
      <ItemName>נר נשמה 72 שעות בכוס</ItemName>
      <ManufacturerName>לא ידוע</ManufacturerName>
      <ManufactureCountry>לא ידוע</ManufactureCountry>
      <ManufacturerItemDescription>נר נשמה 72 שעות בכוס</ManufacturerItemDescription>
      <UnitQty>יחידה   </UnitQty>
      <Quantity>0.00</Quantity>
      <UnitOfMeasure>יחידה   </UnitOfMeasure>
      <bIsWeighted>0</bIsWeighted>
      <QtyInPackage>לא ידוע</QtyInPackage>
      <ItemPrice>6.90</ItemPrice>
      <UnitOfMeasurePrice>0.0000</UnitOfMeasurePrice>
      <AllowDiscount>1</AllowDiscount>
      <ItemStatus>1</ItemStatus>
      <ItemId>254252</ItemId>
    </Item>
    <Item>
      <PriceUpdateDate>2025-08-19 08:24:25</PriceUpdateDate>
      <ItemCode>4823077646270</ItemCode>
      <ItemType>1</ItemType>
      <ItemName>עוגיות LOVITA שוקולד</ItemName>
      <ManufacturerName>לא ידוע</ManufacturerName>
      <ManufactureCountry>לא ידוע</ManufactureCountry>
      <ManufacturerItemDescription>עוגיות LOVITA שוקולד</ManufacturerItemDescription>
      <UnitQty>לא ידוע</UnitQty>
      <Quantity>152.00</Quantity>
      <UnitOfMeasure>לא ידוע</UnitOfMeasure>
      <bIsWeighted>0</bIsWeighted>
      <QtyInPackage>לא ידוע</QtyInPackage>
      <ItemPrice>9.90</ItemPrice>
      <UnitOfMeasurePrice>0.0651</UnitOfMeasurePrice>
      <AllowDiscount>1</AllowDiscount>
      <ItemStatus>1</ItemStatus>
      <ItemId>254946</ItemId>
    </Item>
    <Item>
      <PriceUpdateDate>2025-09-08 07:57:15</PriceUpdateDate>
      <ItemCode>7622202257803</ItemCode>
      <ItemType>1</ItemType>
      <ItemName>מילקה חום לבן 90 גרם</ItemName>
      <ManufacturerName>לא ידוע</ManufacturerName>
      <ManufactureCountry>לא ידוע</ManufactureCountry>
      <ManufacturerItemDescription>מילקה חום לבן 90 גרם</ManufacturerItemDescription>
      <UnitQty>לא ידוע</UnitQty>
      <Quantity>90.00</Quantity>
      <UnitOfMeasure>לא ידוע</UnitOfMeasure>
      <bIsWeighted>0</bIsWeighted>
      <QtyInPackage>לא ידוע</QtyInPackage>
      <ItemPrice>9.90</ItemPrice>
      <UnitOfMeasurePrice>0.1100</UnitOfMeasurePrice>
      <AllowDiscount>1</AllowDiscount>
      <ItemStatus>1</ItemStatus>
      <ItemId>254136</ItemId>
    </Item>
    <Item>
      <PriceUpdateDate>2025-08-31 09:22:46</PriceUpdateDate>
      <ItemCode>7290019302643</ItemCode>
      <ItemType>1</ItemType>
      <ItemName>באזז תפוח 750 מ"ל</ItemName>
      <ManufacturerName>לא ידוע</ManufacturerName>
      <ManufactureCountry>לא ידוע</ManufactureCountry>
      <ManufacturerItemDescription>באזז תפוח 750 מ"ל</ManufacturerItemDescription>
      <UnitQty>לא ידוע</UnitQty>
      <Quantity>750.00</Quantity>
      <UnitOfMeasure>לא ידוע</UnitOfMeasure>
      <bIsWeighted>0</bIsWeighted>
      <QtyInPackage>לא ידוע</QtyInPackage>
      <ItemPrice>31.90</ItemPrice>
      <UnitOfMeasurePrice>0.0425</UnitOfMeasurePrice>
      <AllowDiscount>1</AllowDiscount>
      <ItemStatus>1</ItemStatus>
      <ItemId>243320</ItemId>
    </Item>
    <Item>
      <PriceUpdateDate>2025-09-07 08:02:05</PriceUpdateDate>
      <ItemCode>7290018493403</ItemCode>
      <ItemType>1</ItemType>
      <ItemName>קידס קצף אמבט ויטמינ</ItemName>
      <ManufacturerName>לא ידוע</ManufacturerName>
      <ManufactureCountry>לא ידוע</ManufactureCountry>
      <ManufacturerItemDescription>קידס קצף אמבט ויטמינ</ManufacturerItemDescription>
      <UnitQty>לא ידוע</UnitQty>
      <Quantity>750.00</Quantity>
      <UnitOfMeasure>לא ידוע</UnitOfMeasure>
      <bIsWeighted>0</bIsWeighted>
      <QtyInPackage>לא ידוע</QtyInPackage>
      <ItemPrice>18.90</ItemPrice>
      <UnitOfMeasurePrice>0.0252</UnitOfMeasurePrice>
      <AllowDiscount>1</AllowDiscount>
      <ItemStatus>1</ItemStatus>
      <ItemId>247588</ItemId>
    </Item>
    <Item>
      <PriceUpdateDate>2025-08-19 11:27:10</PriceUpdateDate>
      <ItemCode>7290000103457</ItemCode>
      <ItemType>1</ItemType>
      <ItemName>מיני כרובית סנפרוסט</ItemName>
      <ManufacturerName>לא ידוע</ManufacturerName>
      <ManufactureCountry>לא ידוע</ManufactureCountry>
      <ManufacturerItemDescription>מיני כרובית סנפרוסט</ManufacturerItemDescription>
      <UnitQty>לא ידוע</UnitQty>
      <Quantity>600.00</Quantity>
      <UnitOfMeasure>לא ידוע</UnitOfMeasure>
      <bIsWeighted>0</bIsWeighted>
      <QtyInPackage>לא ידוע</QtyInPackage>
      <ItemPrice>20.90</ItemPrice>
      <UnitOfMeasurePrice>0.0348</UnitOfMeasurePrice>
      <AllowDiscount>1</AllowDiscount>
      <ItemStatus>1</ItemStatus>
      <ItemId>215762</ItemId>
    </Item>
    <Item>
      <PriceUpdateDate>2025-08-19 11:27:39</PriceUpdateDate>
      <ItemCode>7290000364131</ItemCode>
      <ItemType>1</ItemType>
      <ItemName>סלמי פריזר כפרי טירת</ItemName>
      <ManufacturerName>לא ידוע</ManufacturerName>
      <ManufactureCountry>לא ידוע</ManufactureCountry>
      <ManufacturerItemDescription>סלמי פריזר כפרי טירת</ManufacturerItemDescription>
      <UnitQty>לא ידוע</UnitQty>
      <Quantity>400.00</Quantity>
      <UnitOfMeasure>לא ידוע</UnitOfMeasure>
      <bIsWeighted>0</bIsWeighted>
      <QtyInPackage>לא ידוע</QtyInPackage>
      <ItemPrice>22.90</ItemPrice>
      <UnitOfMeasurePrice>0.0572</UnitOfMeasurePrice>
      <AllowDiscount>1</AllowDiscount>
      <ItemStatus>1</ItemStatus>
      <ItemId>215770</ItemId>
    </Item>
    <Item>
      <PriceUpdateDate>2025-08-19 11:28:33</PriceUpdateDate>
      <ItemCode>7290008409049</ItemCode>
      <ItemType>1</ItemType>
      <ItemName>שניצלונים מיני מיני</ItemName>
      <ManufacturerName>לא ידוע</ManufacturerName>
      <ManufactureCountry>לא ידוע</ManufactureCountry>
      <ManufacturerItemDescription>שניצלונים מיני מיני</ManufacturerItemDescription>
      <UnitQty>לא ידוע</UnitQty>
      <Quantity>500.00</Quantity>
      <UnitOfMeasure>לא ידוע</UnitOfMeasure>
      <bIsWeighted>0</bIsWeighted>
      <QtyInPackage>לא ידוע</QtyInPackage>
      <ItemPrice>39.90</ItemPrice>
      <UnitOfMeasurePrice>0.0798</UnitOfMeasurePrice>
      <AllowDiscount>1</AllowDiscount>
      <ItemStatus>1</ItemStatus>
      <ItemId>215779</ItemId>
    </Item>
    <Item>
      <PriceUpdateDate>2025-08-19 11:28:37</PriceUpdateDate>
      <ItemCode>7290008409315</ItemCode>
      <ItemType>1</ItemType>
      <ItemName>מיני דק שניצלונים מא</ItemName>
      <ManufacturerName>לא ידוע</ManufacturerName>
      <ManufactureCountry>לא ידוע</ManufactureCountry>
      <ManufacturerItemDescription>מיני דק שניצלונים מא</ManufacturerItemDescription>
      <UnitQty>לא ידוע</UnitQty>
      <Quantity>500.00</Quantity>
      <UnitOfMeasure>לא ידוע</UnitOfMeasure>
      <bIsWeighted>0</bIsWeighted>
      <QtyInPackage>לא ידוע</QtyInPackage>
      <ItemPrice>39.90</ItemPrice>
      <UnitOfMeasurePrice>0.0798</UnitOfMeasurePrice>
      <AllowDiscount>1</AllowDiscount>
      <ItemStatus>1</ItemStatus>
      <ItemId>215783</ItemId>
    </Item>
    <Item>
      <PriceUpdateDate>2025-08-19 11:29:01</PriceUpdateDate>
      <ItemCode>7290013906236</ItemCode>
      <ItemType>1</ItemType>
      <ItemName>סלמי גלבוע טירת צבי</ItemName>
      <ManufacturerName>לא ידוע</ManufacturerName>
      <ManufactureCountry>לא ידוע</ManufactureCountry>
      <ManufacturerItemDescription>סלמי גלבוע טירת צבי</ManufacturerItemDescription>
      <UnitQty>לא ידוע</UnitQty>
      <Quantity>400.00</Quantity>
      <UnitOfMeasure>לא ידוע</UnitOfMeasure>
      <bIsWeighted>0</bIsWeighted>
      <QtyInPackage>לא ידוע</QtyInPackage>
      <ItemPrice>31.90</ItemPrice>
      <UnitOfMeasurePrice>0.0797</UnitOfMeasurePrice>
      <AllowDiscount>1</AllowDiscount>
      <ItemStatus>1</ItemStatus>
      <ItemId>215789</ItemId>
    </Item>
    <Item>
      <PriceUpdateDate>2025-09-07 08:02:30</PriceUpdateDate>
      <ItemCode>851598007274</ItemCode>
      <ItemType>1</ItemType>
      <ItemName>כפפות ניטריל S כחול</ItemName>
      <ManufacturerName>לא ידוע</ManufacturerName>
      <ManufactureCountry>לא ידוע</ManufactureCountry>
      <ManufacturerItemDescription>כפפות ניטריל S כחול</ManufacturerItemDescription>
      <UnitQty>יחידה   </UnitQty>
      <Quantity>0.00</Quantity>
      <UnitOfMeasure>יחידה   </UnitOfMeasure>
      <bIsWeighted>0</bIsWeighted>
      <QtyInPackage>לא ידוע</QtyInPackage>
      <ItemPrice>26.90</ItemPrice>
      <UnitOfMeasurePrice>0.0000</UnitOfMeasurePrice>
      <AllowDiscount>1</AllowDiscount>
      <ItemStatus>1</ItemStatus>
      <ItemId>254737</ItemId>
    </Item>
    <Item>
      <PriceUpdateDate>2025-09-08 07:55:00</PriceUpdateDate>
      <ItemCode>7290019627739</ItemCode>
      <ItemType>1</ItemType>
      <ItemName>נר נשמה שבועי בכוס ז</ItemName>
      <ManufacturerName>לא ידוע</ManufacturerName>
      <ManufactureCountry>לא ידוע</ManufactureCountry>
      <ManufacturerItemDescription>נר נשמה שבועי בכוס ז</ManufacturerItemDescription>
      <UnitQty>יחידה   </UnitQty>
      <Quantity>0.00</Quantity>
      <UnitOfMeasure>יחידה   </UnitOfMeasure>
      <bIsWeighted>0</bIsWeighted>
      <QtyInPackage>לא ידוע</QtyInPackage>
      <ItemPrice>10.90</ItemPrice>
      <UnitOfMeasurePrice>0.0000</UnitOfMeasurePrice>
      <AllowDiscount>1</AllowDiscount>
      <ItemStatus>1</ItemStatus>
      <ItemId>254253</ItemId>
    </Item>
    <Item>
      <PriceUpdateDate>2025-08-27 09:42:25</PriceUpdateDate>
      <ItemCode>7290010613977</ItemCode>
      <ItemType>1</ItemType>
      <ItemName>טאצ' מטליות רצפה חד</ItemName>
      <ManufacturerName>לא ידוע</ManufacturerName>
      <ManufactureCountry>לא ידוע</ManufactureCountry>
      <ManufacturerItemDescription>טאצ' מטליות רצפה חד</ManufacturerItemDescription>
      <UnitQty>יחידה   </UnitQty>
      <Quantity>0.00</Quantity>
      <UnitOfMeasure>יחידה   </UnitOfMeasure>
      <bIsWeighted>0</bIsWeighted>
      <QtyInPackage>לא ידוע</QtyInPackage>
      <ItemPrice>13.90</ItemPrice>
      <UnitOfMeasurePrice>0.0000</UnitOfMeasurePrice>
      <AllowDiscount>1</AllowDiscount>
      <ItemStatus>1</ItemStatus>
      <ItemId>236770</ItemId>
    </Item>
    <Item>
      <PriceUpdateDate>2025-08-18 11:35:56</PriceUpdateDate>
      <ItemCode>4023103073241</ItemCode>
      <ItemType>1</ItemType>
      <ItemName>וילדה-ספוגיות הגיינה</ItemName>
      <ManufacturerName>לא ידוע</ManufacturerName>
      <ManufactureCountry>לא ידוע</ManufactureCountry>
      <ManufacturerItemDescription>וילדה-ספוגיות הגיינה</ManufacturerItemDescription>
      <UnitQty>יחידה   </UnitQty>
      <Quantity>0.00</Quantity>
      <UnitOfMeasure>יחידה   </UnitOfMeasure>
      <bIsWeighted>0</bIsWeighted>
      <QtyInPackage>לא ידוע</QtyInPackage>
      <ItemPrice>16.90</ItemPrice>
      <UnitOfMeasurePrice>0.0000</UnitOfMeasurePrice>
      <AllowDiscount>1</AllowDiscount>
      <ItemStatus>1</ItemStatus>
      <ItemId>242958</ItemId>
    </Item>
    <Item>
      <PriceUpdateDate>2025-04-20 08:19:57</PriceUpdateDate>
      <ItemCode>7290018500361</ItemCode>
      <ItemType>1</ItemType>
      <ItemName>לחם שחור פרוס אנג'ל</ItemName>
      <ManufacturerName>לא ידוע</ManufacturerName>
      <ManufactureCountry>לא ידוע</ManufactureCountry>
      <ManufacturerItemDescription>לחם שחור פרוס אנג'ל</ManufacturerItemDescription>
      <UnitQty>לא ידוע</UnitQty>
      <Quantity>900.00</Quantity>
      <UnitOfMeasure>לא ידוע</UnitOfMeasure>
      <bIsWeighted>0</bIsWeighted>
      <QtyInPackage>לא ידוע</QtyInPackage>
      <ItemPrice>10.05</ItemPrice>
      <UnitOfMeasurePrice>0.0112</UnitOfMeasurePrice>
      <AllowDiscount>1</AllowDiscount>
      <ItemStatus>1</ItemStatus>
      <ItemId>243029</ItemId>
    </Item>
    <Item>
      <PriceUpdateDate>2025-08-31 08:43:28</PriceUpdateDate>
      <ItemCode>7290002007487</ItemCode>
      <ItemType>1</ItemType>
      <ItemName>צמר פלדה 100גר</ItemName>
      <ManufacturerName>קריות זול</ManufacturerName>
      <ManufactureCountry>לא ידוע</ManufactureCountry>
      <ManufacturerItemDescription>צמר פלדה 100גר</ManufacturerItemDescription>
      <UnitQty>לא ידוע</UnitQty>
      <Quantity>100.00</Quantity>
      <UnitOfMeasure>לא ידוע</UnitOfMeasure>
      <bIsWeighted>0</bIsWeighted>
      <QtyInPackage>לא ידוע</QtyInPackage>
      <ItemPrice>5.90</ItemPrice>
      <UnitOfMeasurePrice>0.0590</UnitOfMeasurePrice>
      <AllowDiscount>1</AllowDiscount>
      <ItemStatus>1</ItemStatus>
      <ItemId>215936</ItemId>
    </Item>
    <Item>
      <PriceUpdateDate>2025-08-20 12:27:25</PriceUpdateDate>
      <ItemCode>7290000000070</ItemCode>
      <ItemType>1</ItemType>
      <ItemName>סופגניה מיני</ItemName>
      <ManufacturerName>לא ידוע</ManufacturerName>
      <ManufactureCountry>לא ידוע</ManufactureCountry>
      <ManufacturerItemDescription>סופגניה מיני</ManufacturerItemDescription>
      <UnitQty>יחידה   </UnitQty>
      <Quantity>0.00</Quantity>
      <UnitOfMeasure>יחידה   </UnitOfMeasure>
      <bIsWeighted>0</bIsWeighted>
      <QtyInPackage>לא ידוע</QtyInPackage>
      <ItemPrice>4.90</ItemPrice>
      <UnitOfMeasurePrice>0.0000</UnitOfMeasurePrice>
      <AllowDiscount>1</AllowDiscount>
      <ItemStatus>1</ItemStatus>
      <ItemId>239861</ItemId>
    </Item>
    <Item>
      <PriceUpdateDate>2025-09-08 07:57:15</PriceUpdateDate>
      <ItemCode>7622202268298</ItemCode>
      <ItemType>1</ItemType>
      <ItemName>מילקה שוקולד חלב 90</ItemName>
      <ManufacturerName>לא ידוע</ManufacturerName>
      <ManufactureCountry>לא ידוע</ManufactureCountry>
      <ManufacturerItemDescription>מילקה שוקולד חלב 90</ManufacturerItemDescription>
      <UnitQty>לא ידוע</UnitQty>
      <Quantity>90.00</Quantity>
      <UnitOfMeasure>לא ידוע</UnitOfMeasure>
      <bIsWeighted>0</bIsWeighted>
      <QtyInPackage>לא ידוע</QtyInPackage>
      <ItemPrice>9.90</ItemPrice>
      <UnitOfMeasurePrice>0.1100</UnitOfMeasurePrice>
      <AllowDiscount>1</AllowDiscount>
      <ItemStatus>1</ItemStatus>
      <ItemId>254137</ItemId>
    </Item>
    <Item>
      <PriceUpdateDate>2025-08-27 09:53:26</PriceUpdateDate>
      <ItemCode>7290002814580</ItemCode>
      <ItemType>1</ItemType>
      <ItemName>טורנדו גרגרים לפתיחת</ItemName>
      <ManufacturerName>לא ידוע</ManufacturerName>
      <ManufactureCountry>לא ידוע</ManufactureCountry>
      <ManufacturerItemDescription>טורנדו גרגרים לפתיחת</ManufacturerItemDescription>
      <UnitQty>לא ידוע</UnitQty>
      <Quantity>200.00</Quantity>
      <UnitOfMeasure>לא ידוע</UnitOfMeasure>
      <bIsWeighted>0</bIsWeighted>
      <QtyInPackage>לא ידוע</QtyInPackage>
      <ItemPrice>13.90</ItemPrice>
      <UnitOfMeasurePrice>0.0695</UnitOfMeasurePrice>
      <AllowDiscount>1</AllowDiscount>
      <ItemStatus>1</ItemStatus>
      <ItemId>210958</ItemId>
    </Item>
    <Item>
      <PriceUpdateDate>2025-01-06 11:31:21</PriceUpdateDate>
      <ItemCode>7290115190458</ItemCode>
      <ItemType>1</ItemType>
      <ItemName>נקסט אדג חפיסה</ItemName>
      <ManufacturerName>לא ידוע</ManufacturerName>
      <ManufactureCountry>לא ידוע</ManufactureCountry>
      <ManufacturerItemDescription>נקסט אדג חפיסה</ManufacturerItemDescription>
      <UnitQty>יחידה   </UnitQty>
      <Quantity>0.00</Quantity>
      <UnitOfMeasure>יחידה   </UnitOfMeasure>
      <bIsWeighted>0</bIsWeighted>
      <QtyInPackage>לא ידוע</QtyInPackage>
      <ItemPrice>36.00</ItemPrice>
      <UnitOfMeasurePrice>0.0000</UnitOfMeasurePrice>
      <AllowDiscount>0</AllowDiscount>
      <ItemStatus>1</ItemStatus>
      <ItemId>240778</ItemId>
    </Item>
    <Item>
      <PriceUpdateDate>2025-09-07 11:03:34</PriceUpdateDate>
      <ItemCode>80854753</ItemCode>
      <ItemType>1</ItemType>
      <ItemName>סוכריות מנטוס מנטה ל</ItemName>
      <ManufacturerName>לא ידוע</ManufacturerName>
      <ManufactureCountry>לא ידוע</ManufactureCountry>
      <ManufacturerItemDescription>סוכריות מנטוס מנטה ל</ManufacturerItemDescription>
      <UnitQty>יחידה   </UnitQty>
      <Quantity>0.00</Quantity>
      <UnitOfMeasure>יחידה   </UnitOfMeasure>
      <bIsWeighted>0</bIsWeighted>
      <QtyInPackage>לא ידוע</QtyInPackage>
      <ItemPrice>10.90</ItemPrice>
      <UnitOfMeasurePrice>0.0000</UnitOfMeasurePrice>
      <AllowDiscount>1</AllowDiscount>
      <ItemStatus>1</ItemStatus>
      <ItemId>243299</ItemId>
    </Item>
    <Item>
      <PriceUpdateDate>2025-05-25 10:20:27</PriceUpdateDate>
      <ItemCode>8700216891011</ItemCode>
      <ItemType>1</ItemType>
      <ItemName>חיתולי פמפרס פרימיום</ItemName>
      <ManufacturerName>לא ידוע</ManufacturerName>
      <ManufactureCountry>לא ידוע</ManufactureCountry>
      <ManufacturerItemDescription>חיתולי פמפרס פרימיום</ManufacturerItemDescription>
      <UnitQty>לא ידוע</UnitQty>
      <Quantity>22.00</Quantity>
      <UnitOfMeasure>לא ידוע</UnitOfMeasure>
      <bIsWeighted>0</bIsWeighted>
      <QtyInPackage>לא ידוע</QtyInPackage>
      <ItemPrice>36.90</ItemPrice>
      <UnitOfMeasurePrice>1.6773</UnitOfMeasurePrice>
      <AllowDiscount>1</AllowDiscount>
      <ItemStatus>1</ItemStatus>
      <ItemId>254622</ItemId>
    </Item>
    <Item>
      <PriceUpdateDate>2025-08-20 09:03:26</PriceUpdateDate>
      <ItemCode>5900951316227</ItemCode>
      <ItemType>1</ItemType>
      <ItemName>אם אן אם שוקולד 150</ItemName>
      <ManufacturerName>לא ידוע</ManufacturerName>
      <ManufactureCountry>לא ידוע</ManufactureCountry>
      <ManufacturerItemDescription>אם אן אם שוקולד 150</ManufacturerItemDescription>
      <UnitQty>לא ידוע</UnitQty>
      <Quantity>150.00</Quantity>
      <UnitOfMeasure>לא ידוע</UnitOfMeasure>
      <bIsWeighted>0</bIsWeighted>
      <QtyInPackage>לא ידוע</QtyInPackage>
      <ItemPrice>17.90</ItemPrice>
      <UnitOfMeasurePrice>0.1193</UnitOfMeasurePrice>
      <AllowDiscount>1</AllowDiscount>
      <ItemStatus>1</ItemStatus>
      <ItemId>248750</ItemId>
    </Item>
    <Item>
      <PriceUpdateDate>2025-08-26 10:52:40</PriceUpdateDate>
      <ItemCode>7290112357069</ItemCode>
      <ItemType>1</ItemType>
      <ItemName>מחית עגבניות איטלקיו</ItemName>
      <ManufacturerName>לא ידוע</ManufacturerName>
      <ManufactureCountry>לא ידוע</ManufactureCountry>
      <ManufacturerItemDescription>מחית עגבניות איטלקיו</ManufacturerItemDescription>
      <UnitQty>לא ידוע</UnitQty>
      <Quantity>500.00</Quantity>
      <UnitOfMeasure>לא ידוע</UnitOfMeasure>
      <bIsWeighted>0</bIsWeighted>
      <QtyInPackage>לא ידוע</QtyInPackage>
      <ItemPrice>9.50</ItemPrice>
      <UnitOfMeasurePrice>0.0190</UnitOfMeasurePrice>
      <AllowDiscount>1</AllowDiscount>
      <ItemStatus>1</ItemStatus>
      <ItemId>231281</ItemId>
    </Item>
    <Item>
      <PriceUpdateDate>2025-08-19 08:36:04</PriceUpdateDate>
      <ItemCode>4006529002170</ItemCode>
      <ItemType>1</ItemType>
      <ItemName>עוגיות גולד רינג 400</ItemName>
      <ManufacturerName>לא ידוע</ManufacturerName>
      <ManufactureCountry>לא ידוע</ManufactureCountry>
      <ManufacturerItemDescription>עוגיות גולד רינג 400</ManufacturerItemDescription>
      <UnitQty>לא ידוע</UnitQty>
      <Quantity>400.00</Quantity>
      <UnitOfMeasure>לא ידוע</UnitOfMeasure>
      <bIsWeighted>0</bIsWeighted>
      <QtyInPackage>לא ידוע</QtyInPackage>
      <ItemPrice>13.90</ItemPrice>
      <UnitOfMeasurePrice>0.0348</UnitOfMeasurePrice>
      <AllowDiscount>1</AllowDiscount>
      <ItemStatus>1</ItemStatus>
      <ItemId>171142</ItemId>
    </Item>
    <Item>
      <PriceUpdateDate>2025-09-07 10:41:36</PriceUpdateDate>
      <ItemCode>7290108353747</ItemCode>
      <ItemType>1</ItemType>
      <ItemName>קרמה תחליב רחצה ספא</ItemName>
      <ManufacturerName>לא ידוע</ManufacturerName>
      <ManufactureCountry>לא ידוע</ManufactureCountry>
      <ManufacturerItemDescription>קרמה תחליב רחצה ספא</ManufacturerItemDescription>
      <UnitQty>לא ידוע</UnitQty>
      <Quantity>600.00</Quantity>
      <UnitOfMeasure>לא ידוע</UnitOfMeasure>
      <bIsWeighted>0</bIsWeighted>
      <QtyInPackage>לא ידוע</QtyInPackage>
      <ItemPrice>19.90</ItemPrice>
      <UnitOfMeasurePrice>0.0332</UnitOfMeasurePrice>
      <AllowDiscount>1</AllowDiscount>
      <ItemStatus>1</ItemStatus>
      <ItemId>239034</ItemId>
    </Item>
    <Item>
      <PriceUpdateDate>2024-08-11 09:15:07</PriceUpdateDate>
      <ItemCode>18389430</ItemCode>
      <ItemType>1</ItemType>
      <ItemName>סינטה טרי</ItemName>
      <ManufacturerName>לא ידוע</ManufacturerName>
      <ManufactureCountry>לא ידוע</ManufactureCountry>
      <ManufacturerItemDescription>סינטה טרי</ManufacturerItemDescription>
      <UnitQty>קילוגרמים</UnitQty>
      <Quantity>1.00</Quantity>
      <UnitOfMeasure>ק"ג</UnitOfMeasure>
      <bIsWeighted>1</bIsWeighted>
      <QtyInPackage>לא ידוע</QtyInPackage>
      <ItemPrice>159.00</ItemPrice>
      <UnitOfMeasurePrice>159.0000</UnitOfMeasurePrice>
      <AllowDiscount>1</AllowDiscount>
      <ItemStatus>1</ItemStatus>
      <ItemId>234346</ItemId>
    </Item>
    <Item>
      <PriceUpdateDate>2025-08-31 10:18:29</PriceUpdateDate>
      <ItemCode>7290017477305</ItemCode>
      <ItemType>1</ItemType>
      <ItemName>זרעי צ'יה 250 גרם.</ItemName>
      <ManufacturerName>לא ידוע</ManufacturerName>
      <ManufactureCountry>לא ידוע</ManufactureCountry>
      <ManufacturerItemDescription>זרעי צ'יה 250 גרם.</ManufacturerItemDescription>
      <UnitQty>לא ידוע</UnitQty>
      <Quantity>250.00</Quantity>
      <UnitOfMeasure>לא ידוע</UnitOfMeasure>
      <bIsWeighted>0</bIsWeighted>
      <QtyInPackage>לא ידוע</QtyInPackage>
      <ItemPrice>11.90</ItemPrice>
      <UnitOfMeasurePrice>0.0476</UnitOfMeasurePrice>
      <AllowDiscount>1</AllowDiscount>
      <ItemStatus>1</ItemStatus>
      <ItemId>211170</ItemId>
    </Item>
    <Item>
      <PriceUpdateDate>2025-04-20 08:35:25</PriceUpdateDate>
      <ItemCode>4770237049313</ItemCode>
      <ItemType>1</ItemType>
      <ItemName>אסקימו עגול פלומביר</ItemName>
      <ManufacturerName>לא ידוע</ManufacturerName>
      <ManufactureCountry>לא ידוע</ManufactureCountry>
      <ManufacturerItemDescription>אסקימו עגול פלומביר</ManufacturerItemDescription>
      <UnitQty>יחידה   </UnitQty>
      <Quantity>0.00</Quantity>
      <UnitOfMeasure>יחידה   </UnitOfMeasure>
      <bIsWeighted>0</bIsWeighted>
      <QtyInPackage>לא ידוע</QtyInPackage>
      <ItemPrice>7.90</ItemPrice>
      <UnitOfMeasurePrice>0.0000</UnitOfMeasurePrice>
      <AllowDiscount>1</AllowDiscount>
      <ItemStatus>1</ItemStatus>
      <ItemId>172143</ItemId>
    </Item>
    <Item>
      <PriceUpdateDate>2025-08-18 11:13:18</PriceUpdateDate>
      <ItemCode>5410291022776</ItemCode>
      <ItemType>1</ItemType>
      <ItemName>צוקטה ממרח אגוזי לוז</ItemName>
      <ManufacturerName>לא ידוע</ManufacturerName>
      <ManufactureCountry>לא ידוע</ManufactureCountry>
      <ManufacturerItemDescription>צוקטה ממרח אגוזי לוז</ManufacturerItemDescription>
      <UnitQty>לא ידוע</UnitQty>
      <Quantity>700.00</Quantity>
      <UnitOfMeasure>לא ידוע</UnitOfMeasure>
      <bIsWeighted>0</bIsWeighted>
      <QtyInPackage>לא ידוע</QtyInPackage>
      <ItemPrice>26.90</ItemPrice>
      <UnitOfMeasurePrice>0.0384</UnitOfMeasurePrice>
      <AllowDiscount>1</AllowDiscount>
      <ItemStatus>1</ItemStatus>
      <ItemId>216012</ItemId>
    </Item>
    <Item>
      <PriceUpdateDate>2025-08-26 12:49:11</PriceUpdateDate>
      <ItemCode>7290112005649</ItemCode>
      <ItemType>1</ItemType>
      <ItemName>וניש גל ורוד לכביסה</ItemName>
      <ManufacturerName>לא ידוע</ManufacturerName>
      <ManufactureCountry>לא ידוע</ManufactureCountry>
      <ManufacturerItemDescription>וניש גל ורוד לכביסה</ManufacturerItemDescription>
      <UnitQty>לא ידוע</UnitQty>
      <Quantity>2750.00</Quantity>
      <UnitOfMeasure>לא ידוע</UnitOfMeasure>
      <bIsWeighted>0</bIsWeighted>
      <QtyInPackage>לא ידוע</QtyInPackage>
      <ItemPrice>31.90</ItemPrice>
      <UnitOfMeasurePrice>0.0116</UnitOfMeasurePrice>
      <AllowDiscount>1</AllowDiscount>
      <ItemStatus>1</ItemStatus>
      <ItemId>240900</ItemId>
    </Item>
    <Item>
      <PriceUpdateDate>2025-09-03 07:27:38</PriceUpdateDate>
      <ItemCode>7290111096389</ItemCode>
      <ItemType>1</ItemType>
      <ItemName>מגבוני בייביסיטר ללא</ItemName>
      <ManufacturerName>לא ידוע</ManufacturerName>
      <ManufactureCountry>לא ידוע</ManufactureCountry>
      <ManufacturerItemDescription>מגבוני בייביסיטר ללא</ManufacturerItemDescription>
      <UnitQty>לא ידוע</UnitQty>
      <Quantity>540.00</Quantity>
      <UnitOfMeasure>לא ידוע</UnitOfMeasure>
      <bIsWeighted>0</bIsWeighted>
      <QtyInPackage>לא ידוע</QtyInPackage>
      <ItemPrice>26.90</ItemPrice>
      <UnitOfMeasurePrice>0.0498</UnitOfMeasurePrice>
      <AllowDiscount>1</AllowDiscount>
      <ItemStatus>1</ItemStatus>
      <ItemId>251140</ItemId>
    </Item>
    <Item>
      <PriceUpdateDate>2025-08-26 11:14:23</PriceUpdateDate>
      <ItemCode>7290119373925</ItemCode>
      <ItemType>1</ItemType>
      <ItemName>מטבוחה חריפה אש 250ג</ItemName>
      <ManufacturerName>לא ידוע</ManufacturerName>
      <ManufactureCountry>לא ידוע</ManufactureCountry>
      <ManufacturerItemDescription>מטבוחה חריפה אש 250ג</ManufacturerItemDescription>
      <UnitQty>לא ידוע</UnitQty>
      <Quantity>250.00</Quantity>
      <UnitOfMeasure>לא ידוע</UnitOfMeasure>
      <bIsWeighted>0</bIsWeighted>
      <QtyInPackage>לא ידוע</QtyInPackage>
      <ItemPrice>12.90</ItemPrice>
      <UnitOfMeasurePrice>0.0516</UnitOfMeasurePrice>
      <AllowDiscount>1</AllowDiscount>
      <ItemStatus>1</ItemStatus>
      <ItemId>254391</ItemId>
    </Item>
    <Item>
      <PriceUpdateDate>2025-08-20 13:15:38</PriceUpdateDate>
      <ItemCode>7290000189116</ItemCode>
      <ItemType>1</ItemType>
      <ItemName>תבניות אלומיניום עגו</ItemName>
      <ManufacturerName>לא ידוע</ManufacturerName>
      <ManufactureCountry>לא ידוע</ManufactureCountry>
      <ManufacturerItemDescription>תבניות אלומיניום עגו</ManufacturerItemDescription>
      <UnitQty>יחידה   </UnitQty>
      <Quantity>0.00</Quantity>
      <UnitOfMeasure>יחידה   </UnitOfMeasure>
      <bIsWeighted>0</bIsWeighted>
      <QtyInPackage>לא ידוע</QtyInPackage>
      <ItemPrice>13.90</ItemPrice>
      <UnitOfMeasurePrice>0.0000</UnitOfMeasurePrice>
      <AllowDiscount>1</AllowDiscount>
      <ItemStatus>1</ItemStatus>
      <ItemId>180469</ItemId>
    </Item>
    <Item>
      <PriceUpdateDate>2025-08-21 11:23:47</PriceUpdateDate>
      <ItemCode>7290100700327</ItemCode>
      <ItemType>1</ItemType>
      <ItemName>גריסי פנינה סוגת 1קג</ItemName>
      <ManufacturerName>לא ידוע</ManufacturerName>
      <ManufactureCountry>לא ידוע</ManufactureCountry>
      <ManufacturerItemDescription>גריסי פנינה סוגת 1קג</ManufacturerItemDescription>
      <UnitQty>לא ידוע</UnitQty>
      <Quantity>1000.00</Quantity>
      <UnitOfMeasure>לא ידוע</UnitOfMeasure>
      <bIsWeighted>0</bIsWeighted>
      <QtyInPackage>לא ידוע</QtyInPackage>
      <ItemPrice>12.90</ItemPrice>
      <UnitOfMeasurePrice>0.0129</UnitOfMeasurePrice>
      <AllowDiscount>1</AllowDiscount>
      <ItemStatus>1</ItemStatus>
      <ItemId>216082</ItemId>
    </Item>
    <Item>
      <PriceUpdateDate>2025-09-07 11:04:41</PriceUpdateDate>
      <ItemCode>880730200075</ItemCode>
      <ItemType>1</ItemType>
      <ItemName>בונבוניירה שוקולד בל</ItemName>
      <ManufacturerName>לא ידוע</ManufacturerName>
      <ManufactureCountry>לא ידוע</ManufactureCountry>
      <ManufacturerItemDescription>בונבוניירה שוקולד בל</ManufacturerItemDescription>
      <UnitQty>לא ידוע</UnitQty>
      <Quantity>250.00</Quantity>
      <UnitOfMeasure>לא ידוע</UnitOfMeasure>
      <bIsWeighted>0</bIsWeighted>
      <QtyInPackage>לא ידוע</QtyInPackage>
      <ItemPrice>32.90</ItemPrice>
      <UnitOfMeasurePrice>0.1316</UnitOfMeasurePrice>
      <AllowDiscount>1</AllowDiscount>
      <ItemStatus>1</ItemStatus>
      <ItemId>249492</ItemId>
    </Item>
    <Item>
      <PriceUpdateDate>2025-05-07 12:56:04</PriceUpdateDate>
      <ItemCode>7290010065295</ItemCode>
      <ItemType>1</ItemType>
      <ItemName>פרינוק מחית תפו"ע+בנ</ItemName>
      <ManufacturerName>לא ידוע</ManufacturerName>
      <ManufactureCountry>לא ידוע</ManufactureCountry>
      <ManufacturerItemDescription>פרינוק מחית תפו"ע+בנ</ManufacturerItemDescription>
      <UnitQty>לא ידוע</UnitQty>
      <Quantity>130.00</Quantity>
      <UnitOfMeasure>לא ידוע</UnitOfMeasure>
      <bIsWeighted>0</bIsWeighted>
      <QtyInPackage>לא ידוע</QtyInPackage>
      <ItemPrice>6.90</ItemPrice>
      <UnitOfMeasurePrice>0.0531</UnitOfMeasurePrice>
      <AllowDiscount>1</AllowDiscount>
      <ItemStatus>1</ItemStatus>
      <ItemId>216109</ItemId>
    </Item>
    <Item>
      <PriceUpdateDate>2025-09-03 13:37:52</PriceUpdateDate>
      <ItemCode>7290112350312</ItemCode>
      <ItemType>1</ItemType>
      <ItemName>קפסולות מס' 15למכונו</ItemName>
      <ManufacturerName>לא ידוע</ManufacturerName>
      <ManufactureCountry>לא ידוע</ManufactureCountry>
      <ManufacturerItemDescription>קפסולות מס' 15למכונו</ManufacturerItemDescription>
      <UnitQty>לא ידוע</UnitQty>
      <Quantity>50.00</Quantity>
      <UnitOfMeasure>לא ידוע</UnitOfMeasure>
      <bIsWeighted>0</bIsWeighted>
      <QtyInPackage>לא ידוע</QtyInPackage>
      <ItemPrice>21.90</ItemPrice>
      <UnitOfMeasurePrice>0.4380</UnitOfMeasurePrice>
      <AllowDiscount>1</AllowDiscount>
      <ItemStatus>1</ItemStatus>
      <ItemId>232815</ItemId>
    </Item>
    <Item>
      <PriceUpdateDate>2025-04-20 08:04:28</PriceUpdateDate>
      <ItemCode>7290000481487</ItemCode>
      <ItemType>1</ItemType>
      <ItemName>חלה רגילה 500גר</ItemName>
      <ManufacturerName>לא ידוע</ManufacturerName>
      <ManufactureCountry>לא ידוע</ManufactureCountry>
      <ManufacturerItemDescription>חלה רגילה 500גר</ManufacturerItemDescription>
      <UnitQty>לא ידוע</UnitQty>
      <Quantity>500.00</Quantity>
      <UnitOfMeasure>לא ידוע</UnitOfMeasure>
      <bIsWeighted>0</bIsWeighted>
      <QtyInPackage>לא ידוע</QtyInPackage>
      <ItemPrice>6.61</ItemPrice>
      <UnitOfMeasurePrice>0.0132</UnitOfMeasurePrice>
      <AllowDiscount>1</AllowDiscount>
      <ItemStatus>1</ItemStatus>
      <ItemId>216194</ItemId>
    </Item>
    <Item>
      <PriceUpdateDate>2025-04-20 08:04:29</PriceUpdateDate>
      <ItemCode>7290002079552</ItemCode>
      <ItemType>1</ItemType>
      <ItemName>לחם אחיד שחור</ItemName>
      <ManufacturerName>לא ידוע</ManufacturerName>
      <ManufactureCountry>לא ידוע</ManufactureCountry>
      <ManufacturerItemDescription>לחם אחיד שחור</ManufacturerItemDescription>
      <UnitQty>לא ידוע</UnitQty>
      <Quantity>750.00</Quantity>
      <UnitOfMeasure>לא ידוע</UnitOfMeasure>
      <bIsWeighted>0</bIsWeighted>
      <QtyInPackage>לא ידוע</QtyInPackage>
      <ItemPrice>7.36</ItemPrice>
      <UnitOfMeasurePrice>0.0098</UnitOfMeasurePrice>
      <AllowDiscount>1</AllowDiscount>
      <ItemStatus>1</ItemStatus>
      <ItemId>216197</ItemId>
    </Item>
    <Item>
      <PriceUpdateDate>2025-07-16 10:40:01</PriceUpdateDate>
      <ItemCode>7290000002002</ItemCode>
      <ItemType>1</ItemType>
      <ItemName>כרעיים עוף טרי</ItemName>
      <ManufacturerName>לא ידוע</ManufacturerName>
      <ManufactureCountry>ישראל</ManufactureCountry>
      <ManufacturerItemDescription>כרעיים עוף טרי</ManufacturerItemDescription>
      <UnitQty>קילוגרמים</UnitQty>
      <Quantity>1.00</Quantity>
      <UnitOfMeasure>ק"ג</UnitOfMeasure>
      <bIsWeighted>1</bIsWeighted>
      <QtyInPackage>לא ידוע</QtyInPackage>
      <ItemPrice>31.90</ItemPrice>
      <UnitOfMeasurePrice>31.9000</UnitOfMeasurePrice>
      <AllowDiscount>1</AllowDiscount>
      <ItemStatus>1</ItemStatus>
      <ItemId>130376</ItemId>
    </Item>
    <Item>
      <PriceUpdateDate>2025-01-06 15:55:45</PriceUpdateDate>
      <ItemCode>7290000002026</ItemCode>
      <ItemType>1</ItemType>
      <ItemName>חזה הודו טרי</ItemName>
      <ManufacturerName>לא ידוע</ManufacturerName>
      <ManufactureCountry>ישראל</ManufactureCountry>
      <ManufacturerItemDescription>חזה הודו טרי</ManufacturerItemDescription>
      <UnitQty>קילוגרמים</UnitQty>
      <Quantity>1.00</Quantity>
      <UnitOfMeasure>ק"ג</UnitOfMeasure>
      <bIsWeighted>1</bIsWeighted>
      <QtyInPackage>לא ידוע</QtyInPackage>
      <ItemPrice>42.90</ItemPrice>
      <UnitOfMeasurePrice>42.9000</UnitOfMeasurePrice>
      <AllowDiscount>1</AllowDiscount>
      <ItemStatus>1</ItemStatus>
      <ItemId>130377</ItemId>
    </Item>
    <Item>
      <PriceUpdateDate>2025-04-20 08:04:30</PriceUpdateDate>
      <ItemCode>7290002079590</ItemCode>
      <ItemType>1</ItemType>
      <ItemName>חלה רגילה 500גר</ItemName>
      <ManufacturerName>לא ידוע</ManufacturerName>
      <ManufactureCountry>לא ידוע</ManufactureCountry>
      <ManufacturerItemDescription>חלה רגילה 500גר</ManufacturerItemDescription>
      <UnitQty>לא ידוע</UnitQty>
      <Quantity>500.00</Quantity>
      <UnitOfMeasure>לא ידוע</UnitOfMeasure>
      <bIsWeighted>0</bIsWeighted>
      <QtyInPackage>לא ידוע</QtyInPackage>
      <ItemPrice>6.61</ItemPrice>
      <UnitOfMeasurePrice>0.0132</UnitOfMeasurePrice>
      <AllowDiscount>1</AllowDiscount>
      <ItemStatus>1</ItemStatus>
      <ItemId>216199</ItemId>
    </Item>
    <Item>
      <PriceUpdateDate>2025-04-20 08:04:30</PriceUpdateDate>
      <ItemCode>7290002079606</ItemCode>
      <ItemType>1</ItemType>
      <ItemName>חלה רגילה 500גר</ItemName>
      <ManufacturerName>לא ידוע</ManufacturerName>
      <ManufactureCountry>לא ידוע</ManufactureCountry>
      <ManufacturerItemDescription>חלה רגילה 500גר</ManufacturerItemDescription>
      <UnitQty>לא ידוע</UnitQty>
      <Quantity>500.00</Quantity>
      <UnitOfMeasure>לא ידוע</UnitOfMeasure>
      <bIsWeighted>0</bIsWeighted>
      <QtyInPackage>לא ידוע</QtyInPackage>
      <ItemPrice>6.61</ItemPrice>
      <UnitOfMeasurePrice>0.0132</UnitOfMeasurePrice>
      <AllowDiscount>1</AllowDiscount>
      <ItemStatus>1</ItemStatus>
      <ItemId>216200</ItemId>
    </Item>
    <Item>
      <PriceUpdateDate>2024-12-31 12:09:31</PriceUpdateDate>
      <ItemCode>7290000136790</ItemCode>
      <ItemType>1</ItemType>
      <ItemName>סודה טמפו 6* 1.5 ליט</ItemName>
      <ManufacturerName>לא ידוע</ManufacturerName>
      <ManufactureCountry>לא ידוע</ManufactureCountry>
      <ManufacturerItemDescription>סודה טמפו 6* 1.5 ליט</ManufacturerItemDescription>
      <UnitQty>לא ידוע</UnitQty>
      <Quantity>9000.00</Quantity>
      <UnitOfMeasure>לא ידוע</UnitOfMeasure>
      <bIsWeighted>0</bIsWeighted>
      <QtyInPackage>לא ידוע</QtyInPackage>
      <ItemPrice>20.50</ItemPrice>
      <UnitOfMeasurePrice>0.0023</UnitOfMeasurePrice>
      <AllowDiscount>1</AllowDiscount>
      <ItemStatus>1</ItemStatus>
      <ItemId>236797</ItemId>
    </Item>
    <Item>
      <PriceUpdateDate>2025-08-20 11:37:50</PriceUpdateDate>
      <ItemCode>7290000481029</ItemCode>
      <ItemType>1</ItemType>
      <ItemName>פיתות בטעם ביתי 10 י</ItemName>
      <ManufacturerName>לא ידוע</ManufacturerName>
      <ManufactureCountry>לא ידוע</ManufactureCountry>
      <ManufacturerItemDescription>פיתות בטעם ביתי 10 י</ManufacturerItemDescription>
      <UnitQty>לא ידוע</UnitQty>
      <Quantity>1000.00</Quantity>
      <UnitOfMeasure>לא ידוע</UnitOfMeasure>
      <bIsWeighted>0</bIsWeighted>
      <QtyInPackage>לא ידוע</QtyInPackage>
      <ItemPrice>15.90</ItemPrice>
      <UnitOfMeasurePrice>0.0159</UnitOfMeasurePrice>
      <AllowDiscount>1</AllowDiscount>
      <ItemStatus>1</ItemStatus>
      <ItemId>233653</ItemId>
    </Item>
    <Item>
      <PriceUpdateDate>2025-08-26 11:46:53</PriceUpdateDate>
      <ItemCode>7290014648692</ItemCode>
      <ItemType>1</ItemType>
      <ItemName>צמר גפן כדורים 72יח</ItemName>
      <ManufacturerName>לא ידוע</ManufacturerName>
      <ManufactureCountry>לא ידוע</ManufactureCountry>
      <ManufacturerItemDescription>צמר גפן כדורים 72יח</ManufacturerItemDescription>
      <UnitQty>יחידה   </UnitQty>
      <Quantity>0.00</Quantity>
      <UnitOfMeasure>יחידה   </UnitOfMeasure>
      <bIsWeighted>0</bIsWeighted>
      <QtyInPackage>לא ידוע</QtyInPackage>
      <ItemPrice>9.90</ItemPrice>
      <UnitOfMeasurePrice>0.0000</UnitOfMeasurePrice>
      <AllowDiscount>1</AllowDiscount>
      <ItemStatus>1</ItemStatus>
      <ItemId>245922</ItemId>
    </Item>
    <Item>
      <PriceUpdateDate>2025-09-04 12:00:16</PriceUpdateDate>
      <ItemCode>7290110114800</ItemCode>
      <ItemType>1</ItemType>
      <ItemName>נביעות+ ענבים 1.5ליט</ItemName>
      <ManufacturerName>לא ידוע</ManufacturerName>
      <ManufactureCountry>לא ידוע</ManufactureCountry>
      <ManufacturerItemDescription>נביעות+ ענבים 1.5ליט</ManufacturerItemDescription>
      <UnitQty>לא ידוע</UnitQty>
      <Quantity>1500.00</Quantity>
      <UnitOfMeasure>לא ידוע</UnitOfMeasure>
      <bIsWeighted>0</bIsWeighted>
      <QtyInPackage>לא ידוע</QtyInPackage>
      <ItemPrice>10.30</ItemPrice>
      <UnitOfMeasurePrice>0.0069</UnitOfMeasurePrice>
      <AllowDiscount>1</AllowDiscount>
      <ItemStatus>1</ItemStatus>
      <ItemId>236971</ItemId>
    </Item>
    <Item>
      <PriceUpdateDate>2025-04-20 08:04:31</PriceUpdateDate>
      <ItemCode>7290003268030</ItemCode>
      <ItemType>1</ItemType>
      <ItemName>חלה רגילה 500גר</ItemName>
      <ManufacturerName>לא ידוע</ManufacturerName>
      <ManufactureCountry>לא ידוע</ManufactureCountry>
      <ManufacturerItemDescription>חלה רגילה 500גר</ManufacturerItemDescription>
      <UnitQty>לא ידוע</UnitQty>
      <Quantity>500.00</Quantity>
      <UnitOfMeasure>לא ידוע</UnitOfMeasure>
      <bIsWeighted>0</bIsWeighted>
      <QtyInPackage>לא ידוע</QtyInPackage>
      <ItemPrice>6.61</ItemPrice>
      <UnitOfMeasurePrice>0.0132</UnitOfMeasurePrice>
      <AllowDiscount>1</AllowDiscount>
      <ItemStatus>1</ItemStatus>
      <ItemId>216203</ItemId>
    </Item>
    <Item>
      <PriceUpdateDate>2025-04-20 08:04:31</PriceUpdateDate>
      <ItemCode>7290003268740</ItemCode>
      <ItemType>1</ItemType>
      <ItemName>לחם אחיד שחור</ItemName>
      <ManufacturerName>לא ידוע</ManufacturerName>
      <ManufactureCountry>לא ידוע</ManufactureCountry>
      <ManufacturerItemDescription>לחם אחיד שחור</ManufacturerItemDescription>
      <UnitQty>לא ידוע</UnitQty>
      <Quantity>750.00</Quantity>
      <UnitOfMeasure>לא ידוע</UnitOfMeasure>
      <bIsWeighted>0</bIsWeighted>
      <QtyInPackage>לא ידוע</QtyInPackage>
      <ItemPrice>7.36</ItemPrice>
      <UnitOfMeasurePrice>0.0098</UnitOfMeasurePrice>
      <AllowDiscount>1</AllowDiscount>
      <ItemStatus>1</ItemStatus>
      <ItemId>216204</ItemId>
    </Item>
    <Item>
      <PriceUpdateDate>2025-09-03 11:27:48</PriceUpdateDate>
      <ItemCode>7290112496447</ItemCode>
      <ItemType>1</ItemType>
      <ItemName>נמס בכוס קנור אקסטרה</ItemName>
      <ManufacturerName>לא ידוע</ManufacturerName>
      <ManufactureCountry>לא ידוע</ManufactureCountry>
      <ManufacturerItemDescription>נמס בכוס קנור אקסטרה</ManufacturerItemDescription>
      <UnitQty>לא ידוע</UnitQty>
      <Quantity>27.00</Quantity>
      <UnitOfMeasure>לא ידוע</UnitOfMeasure>
      <bIsWeighted>0</bIsWeighted>
      <QtyInPackage>לא ידוע</QtyInPackage>
      <ItemPrice>6.90</ItemPrice>
      <UnitOfMeasurePrice>0.2556</UnitOfMeasurePrice>
      <AllowDiscount>1</AllowDiscount>
      <ItemStatus>1</ItemStatus>
      <ItemId>233786</ItemId>
    </Item>
    <Item>
      <PriceUpdateDate>2025-07-20 08:20:16</PriceUpdateDate>
      <ItemCode>4860019001346</ItemCode>
      <ItemType>1</ItemType>
      <ItemName>בורגומי מים מינרלים</ItemName>
      <ManufacturerName>לא ידוע</ManufacturerName>
      <ManufactureCountry>לא ידוע</ManufactureCountry>
      <ManufacturerItemDescription>בורגומי מים מינרלים</ManufacturerItemDescription>
      <UnitQty>לא ידוע</UnitQty>
      <Quantity>500.00</Quantity>
      <UnitOfMeasure>לא ידוע</UnitOfMeasure>
      <bIsWeighted>0</bIsWeighted>
      <QtyInPackage>לא ידוע</QtyInPackage>
      <ItemPrice>8.90</ItemPrice>
      <UnitOfMeasurePrice>0.0178</UnitOfMeasurePrice>
      <AllowDiscount>1</AllowDiscount>
      <ItemStatus>1</ItemStatus>
      <ItemId>216235</ItemId>
    </Item>
    <Item>
      <PriceUpdateDate>2025-07-20 08:20:16</PriceUpdateDate>
      <ItemCode>4860019001414</ItemCode>
      <ItemType>1</ItemType>
      <ItemName>בורגומי מים מינרלים</ItemName>
      <ManufacturerName>לא ידוע</ManufacturerName>
      <ManufactureCountry>לא ידוע</ManufactureCountry>
      <ManufacturerItemDescription>בורגומי מים מינרלים</ManufacturerItemDescription>
      <UnitQty>לא ידוע</UnitQty>
      <Quantity>500.00</Quantity>
      <UnitOfMeasure>לא ידוע</UnitOfMeasure>
      <bIsWeighted>0</bIsWeighted>
      <QtyInPackage>לא ידוע</QtyInPackage>
      <ItemPrice>11.90</ItemPrice>
      <UnitOfMeasurePrice>0.0238</UnitOfMeasurePrice>
      <AllowDiscount>1</AllowDiscount>
      <ItemStatus>1</ItemStatus>
      <ItemId>216236</ItemId>
    </Item>
    <Item>
      <PriceUpdateDate>2025-08-26 11:13:18</PriceUpdateDate>
      <ItemCode>72940976</ItemCode>
      <ItemType>1</ItemType>
      <ItemName>כרוב אדום אחלה 250גר</ItemName>
      <ManufacturerName>קריות זול</ManufacturerName>
      <ManufactureCountry>לא ידוע</ManufactureCountry>
      <ManufacturerItemDescription>כרוב אדום אחלה 250גר</ManufacturerItemDescription>
      <UnitQty>לא ידוע</UnitQty>
      <Quantity>250.00</Quantity>
      <UnitOfMeasure>לא ידוע</UnitOfMeasure>
      <bIsWeighted>0</bIsWeighted>
      <QtyInPackage>לא ידוע</QtyInPackage>
      <ItemPrice>12.90</ItemPrice>
      <UnitOfMeasurePrice>0.0516</UnitOfMeasurePrice>
      <AllowDiscount>1</AllowDiscount>
      <ItemStatus>1</ItemStatus>
      <ItemId>216239</ItemId>
    </Item>
    <Item>
      <PriceUpdateDate>2025-08-21 11:28:02</PriceUpdateDate>
      <ItemCode>7290005174568</ItemCode>
      <ItemType>1</ItemType>
      <ItemName>חצילים במיונז יום יו</ItemName>
      <ManufacturerName>קריות זול</ManufacturerName>
      <ManufactureCountry>לא ידוע</ManufactureCountry>
      <ManufacturerItemDescription>חצילים במיונז יום יו</ManufacturerItemDescription>
      <UnitQty>לא ידוע</UnitQty>
      <Quantity>125.00</Quantity>
      <UnitOfMeasure>לא ידוע</UnitOfMeasure>
      <bIsWeighted>0</bIsWeighted>
      <QtyInPackage>לא ידוע</QtyInPackage>
      <ItemPrice>6.90</ItemPrice>
      <UnitOfMeasurePrice>0.0552</UnitOfMeasurePrice>
      <AllowDiscount>1</AllowDiscount>
      <ItemStatus>1</ItemStatus>
      <ItemId>216246</ItemId>
    </Item>
    <Item>
      <PriceUpdateDate>2025-08-21 11:28:04</PriceUpdateDate>
      <ItemCode>7290008644112</ItemCode>
      <ItemType>1</ItemType>
      <ItemName>סלט מטבוחה אחלה 125ג</ItemName>
      <ManufacturerName>קריות זול</ManufacturerName>
      <ManufactureCountry>לא ידוע</ManufactureCountry>
      <ManufacturerItemDescription>סלט מטבוחה אחלה 125ג</ManufacturerItemDescription>
      <UnitQty>לא ידוע</UnitQty>
      <Quantity>125.00</Quantity>
      <UnitOfMeasure>לא ידוע</UnitOfMeasure>
      <bIsWeighted>0</bIsWeighted>
      <QtyInPackage>לא ידוע</QtyInPackage>
      <ItemPrice>6.90</ItemPrice>
      <UnitOfMeasurePrice>0.0552</UnitOfMeasurePrice>
      <AllowDiscount>1</AllowDiscount>
      <ItemStatus>1</ItemStatus>
      <ItemId>216248</ItemId>
    </Item>
    <Item>
      <PriceUpdateDate>2025-08-21 11:28:05</PriceUpdateDate>
      <ItemCode>7290008645935</ItemCode>
      <ItemType>1</ItemType>
      <ItemName>חומוס לניגוב אחלה 75</ItemName>
      <ManufacturerName>קריות זול</ManufacturerName>
      <ManufactureCountry>לא ידוע</ManufactureCountry>
      <ManufacturerItemDescription>חומוס לניגוב אחלה 75</ManufacturerItemDescription>
      <UnitQty>לא ידוע</UnitQty>
      <Quantity>1000.00</Quantity>
      <UnitOfMeasure>לא ידוע</UnitOfMeasure>
      <bIsWeighted>0</bIsWeighted>
      <QtyInPackage>לא ידוע</QtyInPackage>
      <ItemPrice>14.90</ItemPrice>
      <UnitOfMeasurePrice>0.0149</UnitOfMeasurePrice>
      <AllowDiscount>1</AllowDiscount>
      <ItemStatus>1</ItemStatus>
      <ItemId>216249</ItemId>
    </Item>
    <Item>
      <PriceUpdateDate>2025-08-21 11:28:07</PriceUpdateDate>
      <ItemCode>7290012645129</ItemCode>
      <ItemType>1</ItemType>
      <ItemName>יוגורט כבשים בדלי חל</ItemName>
      <ManufacturerName>לא ידוע</ManufacturerName>
      <ManufactureCountry>לא ידוע</ManufactureCountry>
      <ManufacturerItemDescription>יוגורט כבשים בדלי חל</ManufacturerItemDescription>
      <UnitQty>לא ידוע</UnitQty>
      <Quantity>750.00</Quantity>
      <UnitOfMeasure>לא ידוע</UnitOfMeasure>
      <bIsWeighted>0</bIsWeighted>
      <QtyInPackage>לא ידוע</QtyInPackage>
      <ItemPrice>25.60</ItemPrice>
      <UnitOfMeasurePrice>0.0341</UnitOfMeasurePrice>
      <AllowDiscount>1</AllowDiscount>
      <ItemStatus>1</ItemStatus>
      <ItemId>216250</ItemId>
    </Item>
    <Item>
      <PriceUpdateDate>2025-08-31 10:12:07</PriceUpdateDate>
      <ItemCode>7290105368904</ItemCode>
      <ItemType>1</ItemType>
      <ItemName>שמנת מתוקה להקצפה 32</ItemName>
      <ManufacturerName>לא ידוע</ManufacturerName>
      <ManufactureCountry>לא ידוע</ManufactureCountry>
      <ManufacturerItemDescription>שמנת מתוקה להקצפה 32</ManufacturerItemDescription>
      <UnitQty>לא ידוע</UnitQty>
      <Quantity>500.00</Quantity>
      <UnitOfMeasure>לא ידוע</UnitOfMeasure>
      <bIsWeighted>0</bIsWeighted>
      <QtyInPackage>לא ידוע</QtyInPackage>
      <ItemPrice>9.70</ItemPrice>
      <UnitOfMeasurePrice>0.0194</UnitOfMeasurePrice>
      <AllowDiscount>1</AllowDiscount>
      <ItemStatus>1</ItemStatus>
      <ItemId>216257</ItemId>
    </Item>
    <Item>
      <PriceUpdateDate>2025-08-20 14:03:07</PriceUpdateDate>
      <ItemCode>7290003744428</ItemCode>
      <ItemType>1</ItemType>
      <ItemName>אובלטים קימל 300 גר'</ItemName>
      <ManufacturerName>לא ידוע</ManufacturerName>
      <ManufactureCountry>לא ידוע</ManufactureCountry>
      <ManufacturerItemDescription>אובלטים קימל 300 גר'</ManufacturerItemDescription>
      <UnitQty>לא ידוע</UnitQty>
      <Quantity>300.00</Quantity>
      <UnitOfMeasure>לא ידוע</UnitOfMeasure>
      <bIsWeighted>0</bIsWeighted>
      <QtyInPackage>לא ידוע</QtyInPackage>
      <ItemPrice>15.90</ItemPrice>
      <UnitOfMeasurePrice>0.0530</UnitOfMeasurePrice>
      <AllowDiscount>1</AllowDiscount>
      <ItemStatus>1</ItemStatus>
      <ItemId>216263</ItemId>
    </Item>
    <Item>
      <PriceUpdateDate>2025-08-20 11:37:15</PriceUpdateDate>
      <ItemCode>7290017396507</ItemCode>
      <ItemType>1</ItemType>
      <ItemName>בייגל חיטה</ItemName>
      <ManufacturerName>לא ידוע</ManufacturerName>
      <ManufactureCountry>לא ידוע</ManufactureCountry>
      <ManufacturerItemDescription>בייגל חיטה</ManufacturerItemDescription>
      <UnitQty>יחידה   </UnitQty>
      <Quantity>0.00</Quantity>
      <UnitOfMeasure>יחידה   </UnitOfMeasure>
      <bIsWeighted>0</bIsWeighted>
      <QtyInPackage>לא ידוע</QtyInPackage>
      <ItemPrice>19.90</ItemPrice>
      <UnitOfMeasurePrice>0.0000</UnitOfMeasurePrice>
      <AllowDiscount>1</AllowDiscount>
      <ItemStatus>1</ItemStatus>
      <ItemId>236042</ItemId>
    </Item>
    <Item>
      <PriceUpdateDate>2025-09-03 11:57:29</PriceUpdateDate>
      <ItemCode>7290121164139</ItemCode>
      <ItemType>1</ItemType>
      <ItemName>מרבה עוגיות קנטוצ'י</ItemName>
      <ManufacturerName>לא ידוע</ManufacturerName>
      <ManufactureCountry>לא ידוע</ManufactureCountry>
      <ManufacturerItemDescription>מרבה עוגיות קנטוצ'י</ManufacturerItemDescription>
      <UnitQty>לא ידוע</UnitQty>
      <Quantity>200.00</Quantity>
      <UnitOfMeasure>לא ידוע</UnitOfMeasure>
      <bIsWeighted>0</bIsWeighted>
      <QtyInPackage>לא ידוע</QtyInPackage>
      <ItemPrice>9.90</ItemPrice>
      <UnitOfMeasurePrice>0.0495</UnitOfMeasurePrice>
      <AllowDiscount>1</AllowDiscount>
      <ItemStatus>1</ItemStatus>
      <ItemId>255644</ItemId>
    </Item>
    <Item>
      <PriceUpdateDate>2025-04-20 08:19:58</PriceUpdateDate>
      <ItemCode>7290018500422</ItemCode>
      <ItemType>1</ItemType>
      <ItemName>חלה עגולה אנג'ל 650</ItemName>
      <ManufacturerName>לא ידוע</ManufacturerName>
      <ManufactureCountry>לא ידוע</ManufactureCountry>
      <ManufacturerItemDescription>חלה עגולה אנג'ל 650</ManufacturerItemDescription>
      <UnitQty>לא ידוע</UnitQty>
      <Quantity>650.00</Quantity>
      <UnitOfMeasure>לא ידוע</UnitOfMeasure>
      <bIsWeighted>0</bIsWeighted>
      <QtyInPackage>לא ידוע</QtyInPackage>
      <ItemPrice>8.60</ItemPrice>
      <UnitOfMeasurePrice>0.0132</UnitOfMeasurePrice>
      <AllowDiscount>1</AllowDiscount>
      <ItemStatus>1</ItemStatus>
      <ItemId>243030</ItemId>
    </Item>
    <Item>
      <PriceUpdateDate>2025-08-26 11:25:35</PriceUpdateDate>
      <ItemCode>7290110558703</ItemCode>
      <ItemType>1</ItemType>
      <ItemName>מעדן חלב מועשר בחלבו</ItemName>
      <ManufacturerName>לא ידוע</ManufacturerName>
      <ManufactureCountry>לא ידוע</ManufactureCountry>
      <ManufacturerItemDescription>מעדן חלב מועשר בחלבו</ManufacturerItemDescription>
      <UnitQty>לא ידוע</UnitQty>
      <Quantity>150.00</Quantity>
      <UnitOfMeasure>לא ידוע</UnitOfMeasure>
      <bIsWeighted>0</bIsWeighted>
      <QtyInPackage>לא ידוע</QtyInPackage>
      <ItemPrice>7.10</ItemPrice>
      <UnitOfMeasurePrice>0.0473</UnitOfMeasurePrice>
      <AllowDiscount>1</AllowDiscount>
      <ItemStatus>1</ItemStatus>
      <ItemId>254925</ItemId>
    </Item>
    <Item>
      <PriceUpdateDate>2025-08-31 08:42:12</PriceUpdateDate>
      <ItemCode>7290010711437</ItemCode>
      <ItemType>1</ItemType>
      <ItemName>4 סרטי קרצוף לניקוי</ItemName>
      <ManufacturerName>לא ידוע</ManufacturerName>
      <ManufactureCountry>לא ידוע</ManufactureCountry>
      <ManufacturerItemDescription>4 סרטי קרצוף לניקוי</ManufacturerItemDescription>
      <UnitQty>יחידה   </UnitQty>
      <Quantity>0.00</Quantity>
      <UnitOfMeasure>יחידה   </UnitOfMeasure>
      <bIsWeighted>0</bIsWeighted>
      <QtyInPackage>לא ידוע</QtyInPackage>
      <ItemPrice>12.90</ItemPrice>
      <UnitOfMeasurePrice>0.0000</UnitOfMeasurePrice>
      <AllowDiscount>1</AllowDiscount>
      <ItemStatus>1</ItemStatus>
      <ItemId>216349</ItemId>
    </Item>
    <Item>
      <PriceUpdateDate>2025-08-20 09:49:41</PriceUpdateDate>
      <ItemCode>7290001881873</ItemCode>
      <ItemType>1</ItemType>
      <ItemName>כרוב עם חמוציות מאמא</ItemName>
      <ManufacturerName>לא ידוע</ManufacturerName>
      <ManufactureCountry>לא ידוע</ManufactureCountry>
      <ManufacturerItemDescription>כרוב עם חמוציות מאמא</ManufacturerItemDescription>
      <UnitQty>לא ידוע</UnitQty>
      <Quantity>1000.00</Quantity>
      <UnitOfMeasure>לא ידוע</UnitOfMeasure>
      <bIsWeighted>0</bIsWeighted>
      <QtyInPackage>לא ידוע</QtyInPackage>
      <ItemPrice>24.90</ItemPrice>
      <UnitOfMeasurePrice>0.0249</UnitOfMeasurePrice>
      <AllowDiscount>1</AllowDiscount>
      <ItemStatus>1</ItemStatus>
      <ItemId>216361</ItemId>
    </Item>
    <Item>
      <PriceUpdateDate>2025-08-20 09:49:48</PriceUpdateDate>
      <ItemCode>7290006960023</ItemCode>
      <ItemType>1</ItemType>
      <ItemName>כרוב כבוש מאמא מרי</ItemName>
      <ManufacturerName>לא ידוע</ManufacturerName>
      <ManufactureCountry>לא ידוע</ManufactureCountry>
      <ManufacturerItemDescription>כרוב כבוש מאמא מרי</ManufacturerItemDescription>
      <UnitQty>יחידה   </UnitQty>
      <Quantity>0.00</Quantity>
      <UnitOfMeasure>יחידה   </UnitOfMeasure>
      <bIsWeighted>0</bIsWeighted>
      <QtyInPackage>לא ידוע</QtyInPackage>
      <ItemPrice>24.90</ItemPrice>
      <UnitOfMeasurePrice>0.0000</UnitOfMeasurePrice>
      <AllowDiscount>1</AllowDiscount>
      <ItemStatus>1</ItemStatus>
      <ItemId>216372</ItemId>
    </Item>
    <Item>
      <PriceUpdateDate>2025-08-20 09:49:49</PriceUpdateDate>
      <ItemCode>7290006960429</ItemCode>
      <ItemType>1</ItemType>
      <ItemName>כרוב כבוש בולגרי מאמ</ItemName>
      <ManufacturerName>לא ידוע</ManufacturerName>
      <ManufactureCountry>לא ידוע</ManufactureCountry>
      <ManufacturerItemDescription>כרוב כבוש בולגרי מאמ</ManufacturerItemDescription>
      <UnitQty>יחידה   </UnitQty>
      <Quantity>0.00</Quantity>
      <UnitOfMeasure>יחידה   </UnitOfMeasure>
      <bIsWeighted>0</bIsWeighted>
      <QtyInPackage>לא ידוע</QtyInPackage>
      <ItemPrice>24.90</ItemPrice>
      <UnitOfMeasurePrice>0.0000</UnitOfMeasurePrice>
      <AllowDiscount>1</AllowDiscount>
      <ItemStatus>1</ItemStatus>
      <ItemId>216373</ItemId>
    </Item>
    <Item>
      <PriceUpdateDate>2025-09-02 11:48:01</PriceUpdateDate>
      <ItemCode>7290110326333</ItemCode>
      <ItemType>1</ItemType>
      <ItemName>פרוסות גבינה סקנדינב</ItemName>
      <ManufacturerName>לא ידוע</ManufacturerName>
      <ManufactureCountry>לא ידוע</ManufactureCountry>
      <ManufacturerItemDescription>פרוסות גבינה סקנדינב</ManufacturerItemDescription>
      <UnitQty>לא ידוע</UnitQty>
      <Quantity>170.00</Quantity>
      <UnitOfMeasure>לא ידוע</UnitOfMeasure>
      <bIsWeighted>0</bIsWeighted>
      <QtyInPackage>לא ידוע</QtyInPackage>
      <ItemPrice>24.50</ItemPrice>
      <UnitOfMeasurePrice>0.1441</UnitOfMeasurePrice>
      <AllowDiscount>1</AllowDiscount>
      <ItemStatus>1</ItemStatus>
      <ItemId>232991</ItemId>
    </Item>
    <Item>
      <PriceUpdateDate>2025-05-04 08:15:02</PriceUpdateDate>
      <ItemCode>7290000009025</ItemCode>
      <ItemType>1</ItemType>
      <ItemName>גבינה צהובה נעם 22%</ItemName>
      <ManufacturerName>לא ידוע</ManufacturerName>
      <ManufactureCountry>ישראל</ManufactureCountry>
      <ManufacturerItemDescription>גבינה צהובה נעם 22%</ManufacturerItemDescription>
      <UnitQty>קילוגרמים</UnitQty>
      <Quantity>1.00</Quantity>
      <UnitOfMeasure>ק"ג</UnitOfMeasure>
      <bIsWeighted>1</bIsWeighted>
      <QtyInPackage>לא ידוע</QtyInPackage>
      <ItemPrice>49.72</ItemPrice>
      <UnitOfMeasurePrice>49.7200</UnitOfMeasurePrice>
      <AllowDiscount>1</AllowDiscount>
      <ItemStatus>1</ItemStatus>
      <ItemId>182751</ItemId>
    </Item>
    <Item>
      <PriceUpdateDate>2025-08-26 10:36:55</PriceUpdateDate>
      <ItemCode>7290002211297</ItemCode>
      <ItemType>1</ItemType>
      <ItemName>קמח חיטה לבן בהיר מנ</ItemName>
      <ManufacturerName>לא ידוע</ManufacturerName>
      <ManufactureCountry>לא ידוע</ManufactureCountry>
      <ManufacturerItemDescription>קמח חיטה לבן בהיר מנ</ManufacturerItemDescription>
      <UnitQty>לא ידוע</UnitQty>
      <Quantity>1000.00</Quantity>
      <UnitOfMeasure>לא ידוע</UnitOfMeasure>
      <bIsWeighted>0</bIsWeighted>
      <QtyInPackage>לא ידוע</QtyInPackage>
      <ItemPrice>9.90</ItemPrice>
      <UnitOfMeasurePrice>0.0099</UnitOfMeasurePrice>
      <AllowDiscount>1</AllowDiscount>
      <ItemStatus>1</ItemStatus>
      <ItemId>238780</ItemId>
    </Item>
    <Item>
      <PriceUpdateDate>2025-04-20 08:20:43</PriceUpdateDate>
      <ItemCode>4823077636172</ItemCode>
      <ItemType>1</ItemType>
      <ItemName>וופל רושן בטעם לימון</ItemName>
      <ManufacturerName>לא ידוע</ManufacturerName>
      <ManufactureCountry>לא ידוע</ManufactureCountry>
      <ManufacturerItemDescription>וופל רושן בטעם לימון</ManufacturerItemDescription>
      <UnitQty>לא ידוע</UnitQty>
      <Quantity>216.00</Quantity>
      <UnitOfMeasure>לא ידוע</UnitOfMeasure>
      <bIsWeighted>0</bIsWeighted>
      <QtyInPackage>לא ידוע</QtyInPackage>
      <ItemPrice>9.90</ItemPrice>
      <UnitOfMeasurePrice>0.0458</UnitOfMeasurePrice>
      <AllowDiscount>1</AllowDiscount>
      <ItemStatus>1</ItemStatus>
      <ItemId>238511</ItemId>
    </Item>
    <Item>
      <PriceUpdateDate>2024-10-30 07:48:46</PriceUpdateDate>
      <ItemCode>7290000004105</ItemCode>
      <ItemType>1</ItemType>
      <ItemName>עוף שלם טרי</ItemName>
      <ManufacturerName>לא ידוע</ManufacturerName>
      <ManufactureCountry>ישראל</ManufactureCountry>
      <ManufacturerItemDescription>עוף שלם טרי</ManufacturerItemDescription>
      <UnitQty>קילוגרמים</UnitQty>
      <Quantity>1.00</Quantity>
      <UnitOfMeasure>ק"ג</UnitOfMeasure>
      <bIsWeighted>1</bIsWeighted>
      <QtyInPackage>לא ידוע</QtyInPackage>
      <ItemPrice>22.90</ItemPrice>
      <UnitOfMeasurePrice>22.9000</UnitOfMeasurePrice>
      <AllowDiscount>1</AllowDiscount>
      <ItemStatus>1</ItemStatus>
      <ItemId>130391</ItemId>
    </Item>
    <Item>
      <PriceUpdateDate>2024-10-30 07:48:46</PriceUpdateDate>
      <ItemCode>7290000004167</ItemCode>
      <ItemType>1</ItemType>
      <ItemName>עוף טרי מחולק מוכשר</ItemName>
      <ManufacturerName>לא ידוע</ManufacturerName>
      <ManufactureCountry>ישראל</ManufactureCountry>
      <ManufacturerItemDescription>עוף טרי מחולק מוכשר</ManufacturerItemDescription>
      <UnitQty>קילוגרמים</UnitQty>
      <Quantity>1.00</Quantity>
      <UnitOfMeasure>ק"ג</UnitOfMeasure>
      <bIsWeighted>1</bIsWeighted>
      <QtyInPackage>לא ידוע</QtyInPackage>
      <ItemPrice>25.90</ItemPrice>
      <UnitOfMeasurePrice>25.9000</UnitOfMeasurePrice>
      <AllowDiscount>1</AllowDiscount>
      <ItemStatus>1</ItemStatus>
      <ItemId>130392</ItemId>
    </Item>
    <Item>
      <PriceUpdateDate>2025-08-27 11:49:20</PriceUpdateDate>
      <ItemCode>7290018237410</ItemCode>
      <ItemType>1</ItemType>
      <ItemName>פסטרמה במעשנה מנתח ש</ItemName>
      <ManufacturerName>לא ידוע</ManufacturerName>
      <ManufactureCountry>לא ידוע</ManufactureCountry>
      <ManufacturerItemDescription>פסטרמה במעשנה מנתח ש</ManufacturerItemDescription>
      <UnitQty>לא ידוע</UnitQty>
      <Quantity>300.00</Quantity>
      <UnitOfMeasure>לא ידוע</UnitOfMeasure>
      <bIsWeighted>0</bIsWeighted>
      <QtyInPackage>לא ידוע</QtyInPackage>
      <ItemPrice>33.90</ItemPrice>
      <UnitOfMeasurePrice>0.1130</UnitOfMeasurePrice>
      <AllowDiscount>1</AllowDiscount>
      <ItemStatus>1</ItemStatus>
      <ItemId>237978</ItemId>
    </Item>
    <Item>
      <PriceUpdateDate>2025-08-21 13:56:15</PriceUpdateDate>
      <ItemCode>80136194</ItemCode>
      <ItemType>1</ItemType>
      <ItemName>הפי היפו אגוזי לוז 1</ItemName>
      <ManufacturerName>לא ידוע</ManufacturerName>
      <ManufactureCountry>לא ידוע</ManufactureCountry>
      <ManufacturerItemDescription>הפי היפו אגוזי לוז 1</ManufacturerItemDescription>
      <UnitQty>יחידה   </UnitQty>
      <Quantity>0.00</Quantity>
      <UnitOfMeasure>יחידה   </UnitOfMeasure>
      <bIsWeighted>0</bIsWeighted>
      <QtyInPackage>לא ידוע</QtyInPackage>
      <ItemPrice>18.90</ItemPrice>
      <UnitOfMeasurePrice>0.0000</UnitOfMeasurePrice>
      <AllowDiscount>1</AllowDiscount>
      <ItemStatus>1</ItemStatus>
      <ItemId>183310</ItemId>
    </Item>
    <Item>
      <PriceUpdateDate>2025-08-31 08:42:29</PriceUpdateDate>
      <ItemCode>7290014217485</ItemCode>
      <ItemType>1</ItemType>
      <ItemName>תערובת תיבול קייג'ון</ItemName>
      <ManufacturerName>לא ידוע</ManufacturerName>
      <ManufactureCountry>לא ידוע</ManufactureCountry>
      <ManufacturerItemDescription>תערובת תיבול קייג'ון</ManufacturerItemDescription>
      <UnitQty>לא ידוע</UnitQty>
      <Quantity>100.00</Quantity>
      <UnitOfMeasure>לא ידוע</UnitOfMeasure>
      <bIsWeighted>0</bIsWeighted>
      <QtyInPackage>לא ידוע</QtyInPackage>
      <ItemPrice>12.90</ItemPrice>
      <UnitOfMeasurePrice>0.1290</UnitOfMeasurePrice>
      <AllowDiscount>1</AllowDiscount>
      <ItemStatus>1</ItemStatus>
      <ItemId>216465</ItemId>
    </Item>
    <Item>
      <PriceUpdateDate>2025-08-31 08:42:29</PriceUpdateDate>
      <ItemCode>7290014217492</ItemCode>
      <ItemType>1</ItemType>
      <ItemName>תערובת תיבול פילדלפי</ItemName>
      <ManufacturerName>לא ידוע</ManufacturerName>
      <ManufactureCountry>לא ידוע</ManufactureCountry>
      <ManufacturerItemDescription>תערובת תיבול פילדלפי</ManufacturerItemDescription>
      <UnitQty>לא ידוע</UnitQty>
      <Quantity>100.00</Quantity>
      <UnitOfMeasure>לא ידוע</UnitOfMeasure>
      <bIsWeighted>0</bIsWeighted>
      <QtyInPackage>לא ידוע</QtyInPackage>
      <ItemPrice>12.90</ItemPrice>
      <UnitOfMeasurePrice>0.1290</UnitOfMeasurePrice>
      <AllowDiscount>1</AllowDiscount>
      <ItemStatus>1</ItemStatus>
      <ItemId>216466</ItemId>
    </Item>
    <Item>
      <PriceUpdateDate>2025-08-31 08:43:23</PriceUpdateDate>
      <ItemCode>7290001419779</ItemCode>
      <ItemType>1</ItemType>
      <ItemName>עלמה וופל קלאסי שוקו</ItemName>
      <ManufacturerName>לא ידוע</ManufacturerName>
      <ManufactureCountry>לא ידוע</ManufactureCountry>
      <ManufacturerItemDescription>עלמה וופל קלאסי שוקו</ManufacturerItemDescription>
      <UnitQty>לא ידוע</UnitQty>
      <Quantity>200.00</Quantity>
      <UnitOfMeasure>לא ידוע</UnitOfMeasure>
      <bIsWeighted>0</bIsWeighted>
      <QtyInPackage>לא ידוע</QtyInPackage>
      <ItemPrice>5.90</ItemPrice>
      <UnitOfMeasurePrice>0.0295</UnitOfMeasurePrice>
      <AllowDiscount>1</AllowDiscount>
      <ItemStatus>1</ItemStatus>
      <ItemId>216486</ItemId>
    </Item>
    <Item>
      <PriceUpdateDate>2025-09-04 08:51:27</PriceUpdateDate>
      <ItemCode>7290019204978</ItemCode>
      <ItemType>1</ItemType>
      <ItemName>קציצות בקר ישרל'ה סי</ItemName>
      <ManufacturerName>לא ידוע</ManufacturerName>
      <ManufactureCountry>לא ידוע</ManufactureCountry>
      <ManufacturerItemDescription>קציצות בקר ישרל'ה סי</ManufacturerItemDescription>
      <UnitQty>לא ידוע</UnitQty>
      <Quantity>500.00</Quantity>
      <UnitOfMeasure>לא ידוע</UnitOfMeasure>
      <bIsWeighted>0</bIsWeighted>
      <QtyInPackage>לא ידוע</QtyInPackage>
      <ItemPrice>35.90</ItemPrice>
      <UnitOfMeasurePrice>0.0718</UnitOfMeasurePrice>
      <AllowDiscount>1</AllowDiscount>
      <ItemStatus>1</ItemStatus>
      <ItemId>246887</ItemId>
    </Item>
    <Item>
      <PriceUpdateDate>2024-12-31 12:14:12</PriceUpdateDate>
      <ItemCode>7290014791091</ItemCode>
      <ItemType>1</ItemType>
      <ItemName>שוופס לימונייד 500מל</ItemName>
      <ManufacturerName>לא ידוע</ManufacturerName>
      <ManufactureCountry>לא ידוע</ManufactureCountry>
      <ManufacturerItemDescription>שוופס לימונייד 500מל</ManufacturerItemDescription>
      <UnitQty>לא ידוע</UnitQty>
      <Quantity>500.00</Quantity>
      <UnitOfMeasure>לא ידוע</UnitOfMeasure>
      <bIsWeighted>0</bIsWeighted>
      <QtyInPackage>לא ידוע</QtyInPackage>
      <ItemPrice>7.90</ItemPrice>
      <UnitOfMeasurePrice>0.0158</UnitOfMeasurePrice>
      <AllowDiscount>1</AllowDiscount>
      <ItemStatus>1</ItemStatus>
      <ItemId>186554</ItemId>
    </Item>
    <Item>
      <PriceUpdateDate>2025-09-03 07:34:01</PriceUpdateDate>
      <ItemCode>7290014791626</ItemCode>
      <ItemType>1</ItemType>
      <ItemName>שוופס מי סודה 250מל</ItemName>
      <ManufacturerName>לא ידוע</ManufacturerName>
      <ManufactureCountry>לא ידוע</ManufactureCountry>
      <ManufacturerItemDescription>שוופס מי סודה 250מל</ManufacturerItemDescription>
      <UnitQty>לא ידוע</UnitQty>
      <Quantity>250.00</Quantity>
      <UnitOfMeasure>לא ידוע</UnitOfMeasure>
      <bIsWeighted>0</bIsWeighted>
      <QtyInPackage>לא ידוע</QtyInPackage>
      <ItemPrice>5.00</ItemPrice>
      <UnitOfMeasurePrice>0.0200</UnitOfMeasurePrice>
      <AllowDiscount>1</AllowDiscount>
      <ItemStatus>1</ItemStatus>
      <ItemId>186558</ItemId>
    </Item>
    <Item>
      <PriceUpdateDate>2024-12-31 12:14:13</PriceUpdateDate>
      <ItemCode>7290014791725</ItemCode>
      <ItemType>1</ItemType>
      <ItemName>שוופס מוגז תפוח 500מ</ItemName>
      <ManufacturerName>לא ידוע</ManufacturerName>
      <ManufactureCountry>לא ידוע</ManufactureCountry>
      <ManufacturerItemDescription>שוופס מוגז תפוח 500מ</ManufacturerItemDescription>
      <UnitQty>לא ידוע</UnitQty>
      <Quantity>500.00</Quantity>
      <UnitOfMeasure>לא ידוע</UnitOfMeasure>
      <bIsWeighted>0</bIsWeighted>
      <QtyInPackage>לא ידוע</QtyInPackage>
      <ItemPrice>7.90</ItemPrice>
      <UnitOfMeasurePrice>0.0158</UnitOfMeasurePrice>
      <AllowDiscount>1</AllowDiscount>
      <ItemStatus>1</ItemStatus>
      <ItemId>186561</ItemId>
    </Item>
    <Item>
      <PriceUpdateDate>2025-10-23 11:26:53</PriceUpdateDate>
      <ItemCode>7290015652261</ItemCode>
      <ItemType>1</ItemType>
      <ItemName>בוטנים קלויים 300 גר</ItemName>
      <ManufacturerName>לא ידוע</ManufacturerName>
      <ManufactureCountry>לא ידוע</ManufactureCountry>
      <ManufacturerItemDescription>בוטנים קלויים 300 גר</ManufacturerItemDescription>
      <UnitQty>לא ידוע</UnitQty>
      <Quantity>300.00</Quantity>
      <UnitOfMeasure>לא ידוע</UnitOfMeasure>
      <bIsWeighted>0</bIsWeighted>
      <QtyInPackage>לא ידוע</QtyInPackage>
      <ItemPrice>11.90</ItemPrice>
      <UnitOfMeasurePrice>0.0397</UnitOfMeasurePrice>
      <AllowDiscount>1</AllowDiscount>
      <ItemStatus>1</ItemStatus>
      <ItemId>186910</ItemId>
    </Item>
    <Item>
      <PriceUpdateDate>2025-10-23 11:26:54</PriceUpdateDate>
      <ItemCode>7290015652278</ItemCode>
      <ItemType>1</ItemType>
      <ItemName>תערובת פיצוחים 250גר</ItemName>
      <ManufacturerName>לא ידוע</ManufacturerName>
      <ManufactureCountry>לא ידוע</ManufactureCountry>
      <ManufacturerItemDescription>תערובת פיצוחים 250גר</ManufacturerItemDescription>
      <UnitQty>לא ידוע</UnitQty>
      <Quantity>250.00</Quantity>
      <UnitOfMeasure>לא ידוע</UnitOfMeasure>
      <bIsWeighted>0</bIsWeighted>
      <QtyInPackage>לא ידוע</QtyInPackage>
      <ItemPrice>22.90</ItemPrice>
      <UnitOfMeasurePrice>0.0916</UnitOfMeasurePrice>
      <AllowDiscount>1</AllowDiscount>
      <ItemStatus>1</ItemStatus>
      <ItemId>186911</ItemId>
    </Item>
    <Item>
      <PriceUpdateDate>2025-10-23 11:26:54</PriceUpdateDate>
      <ItemCode>7290015652308</ItemCode>
      <ItemType>1</ItemType>
      <ItemName>מנצס ששון הקולה 300</ItemName>
      <ManufacturerName>לא ידוע</ManufacturerName>
      <ManufactureCountry>לא ידוע</ManufactureCountry>
      <ManufacturerItemDescription>מנצס ששון הקולה 300</ManufacturerItemDescription>
      <UnitQty>לא ידוע</UnitQty>
      <Quantity>300.00</Quantity>
      <UnitOfMeasure>לא ידוע</UnitOfMeasure>
      <bIsWeighted>0</bIsWeighted>
      <QtyInPackage>לא ידוע</QtyInPackage>
      <ItemPrice>11.90</ItemPrice>
      <UnitOfMeasurePrice>0.0397</UnitOfMeasurePrice>
      <AllowDiscount>1</AllowDiscount>
      <ItemStatus>1</ItemStatus>
      <ItemId>186912</ItemId>
    </Item>
    <Item>
      <PriceUpdateDate>2025-10-23 11:26:55</PriceUpdateDate>
      <ItemCode>7290015652407</ItemCode>
      <ItemType>1</ItemType>
      <ItemName>פיסטוק 250גר</ItemName>
      <ManufacturerName>לא ידוע</ManufacturerName>
      <ManufactureCountry>לא ידוע</ManufactureCountry>
      <ManufacturerItemDescription>פיסטוק 250גר</ManufacturerItemDescription>
      <UnitQty>לא ידוע</UnitQty>
      <Quantity>250.00</Quantity>
      <UnitOfMeasure>לא ידוע</UnitOfMeasure>
      <bIsWeighted>0</bIsWeighted>
      <QtyInPackage>לא ידוע</QtyInPackage>
      <ItemPrice>22.90</ItemPrice>
      <UnitOfMeasurePrice>0.0916</UnitOfMeasurePrice>
      <AllowDiscount>1</AllowDiscount>
      <ItemStatus>1</ItemStatus>
      <ItemId>186917</ItemId>
    </Item>
    <Item>
      <PriceUpdateDate>2025-08-31 09:57:57</PriceUpdateDate>
      <ItemCode>7290108501667</ItemCode>
      <ItemType>1</ItemType>
      <ItemName>קוקטייל פירות בסירופ</ItemName>
      <ManufacturerName>לא ידוע</ManufacturerName>
      <ManufactureCountry>לא ידוע</ManufactureCountry>
      <ManufacturerItemDescription>קוקטייל פירות בסירופ</ManufacturerItemDescription>
      <UnitQty>לא ידוע</UnitQty>
      <Quantity>113.00</Quantity>
      <UnitOfMeasure>לא ידוע</UnitOfMeasure>
      <bIsWeighted>0</bIsWeighted>
      <QtyInPackage>לא ידוע</QtyInPackage>
      <ItemPrice>14.50</ItemPrice>
      <UnitOfMeasurePrice>0.1283</UnitOfMeasurePrice>
      <AllowDiscount>1</AllowDiscount>
      <ItemStatus>1</ItemStatus>
      <ItemId>210888</ItemId>
    </Item>
    <Item>
      <PriceUpdateDate>2024-12-31 12:14:14</PriceUpdateDate>
      <ItemCode>7290016006148</ItemCode>
      <ItemType>1</ItemType>
      <ItemName>שוופס מוגז ענבים 500</ItemName>
      <ManufacturerName>לא ידוע</ManufacturerName>
      <ManufactureCountry>לא ידוע</ManufactureCountry>
      <ManufacturerItemDescription>שוופס מוגז ענבים 500</ManufacturerItemDescription>
      <UnitQty>לא ידוע</UnitQty>
      <Quantity>500.00</Quantity>
      <UnitOfMeasure>לא ידוע</UnitOfMeasure>
      <bIsWeighted>0</bIsWeighted>
      <QtyInPackage>לא ידוע</QtyInPackage>
      <ItemPrice>7.90</ItemPrice>
      <UnitOfMeasurePrice>0.0158</UnitOfMeasurePrice>
      <AllowDiscount>1</AllowDiscount>
      <ItemStatus>1</ItemStatus>
      <ItemId>187068</ItemId>
    </Item>
    <Item>
      <PriceUpdateDate>2025-08-21 11:23:54</PriceUpdateDate>
      <ItemCode>7290100702741</ItemCode>
      <ItemType>1</ItemType>
      <ItemName>סוכר חום קלאסי בקופס</ItemName>
      <ManufacturerName>לא ידוע</ManufacturerName>
      <ManufactureCountry>לא ידוע</ManufactureCountry>
      <ManufacturerItemDescription>סוכר חום קלאסי בקופס</ManufacturerItemDescription>
      <UnitQty>לא ידוע</UnitQty>
      <Quantity>1000.00</Quantity>
      <UnitOfMeasure>לא ידוע</UnitOfMeasure>
      <bIsWeighted>0</bIsWeighted>
      <QtyInPackage>לא ידוע</QtyInPackage>
      <ItemPrice>16.90</ItemPrice>
      <UnitOfMeasurePrice>0.0169</UnitOfMeasurePrice>
      <AllowDiscount>1</AllowDiscount>
      <ItemStatus>1</ItemStatus>
      <ItemId>187252</ItemId>
    </Item>
    <Item>
      <PriceUpdateDate>2025-08-21 11:23:54</PriceUpdateDate>
      <ItemCode>7290100703007</ItemCode>
      <ItemType>1</ItemType>
      <ItemName>עדשים שחורות בלוגה ס</ItemName>
      <ManufacturerName>לא ידוע</ManufacturerName>
      <ManufactureCountry>לא ידוע</ManufactureCountry>
      <ManufacturerItemDescription>עדשים שחורות בלוגה ס</ManufacturerItemDescription>
      <UnitQty>לא ידוע</UnitQty>
      <Quantity>500.00</Quantity>
      <UnitOfMeasure>לא ידוע</UnitOfMeasure>
      <bIsWeighted>0</bIsWeighted>
      <QtyInPackage>לא ידוע</QtyInPackage>
      <ItemPrice>10.90</ItemPrice>
      <UnitOfMeasurePrice>0.0218</UnitOfMeasurePrice>
      <AllowDiscount>1</AllowDiscount>
      <ItemStatus>1</ItemStatus>
      <ItemId>187260</ItemId>
    </Item>
    <Item>
      <PriceUpdateDate>2025-09-07 08:03:59</PriceUpdateDate>
      <ItemCode>7290017969091</ItemCode>
      <ItemType>1</ItemType>
      <ItemName>לפתניות 25 יחידות</ItemName>
      <ManufacturerName>לא ידוע</ManufacturerName>
      <ManufactureCountry>לא ידוע</ManufactureCountry>
      <ManufacturerItemDescription>לפתניות 25 יחידות</ManufacturerItemDescription>
      <UnitQty>יחידה   </UnitQty>
      <Quantity>0.00</Quantity>
      <UnitOfMeasure>יחידה   </UnitOfMeasure>
      <bIsWeighted>0</bIsWeighted>
      <QtyInPackage>לא ידוע</QtyInPackage>
      <ItemPrice>7.90</ItemPrice>
      <UnitOfMeasurePrice>0.0000</UnitOfMeasurePrice>
      <AllowDiscount>1</AllowDiscount>
      <ItemStatus>1</ItemStatus>
      <ItemId>223790</ItemId>
    </Item>
    <Item>
      <PriceUpdateDate>2025-08-27 09:53:16</PriceUpdateDate>
      <ItemCode>7290001713105</ItemCode>
      <ItemType>1</ItemType>
      <ItemName>נייר אפיה עלמה 50יח'</ItemName>
      <ManufacturerName>לא ידוע</ManufacturerName>
      <ManufactureCountry>לא ידוע</ManufactureCountry>
      <ManufacturerItemDescription>נייר אפיה עלמה 50יח'</ManufacturerItemDescription>
      <UnitQty>יחידה   </UnitQty>
      <Quantity>0.00</Quantity>
      <UnitOfMeasure>יחידה   </UnitOfMeasure>
      <bIsWeighted>0</bIsWeighted>
      <QtyInPackage>לא ידוע</QtyInPackage>
      <ItemPrice>10.90</ItemPrice>
      <UnitOfMeasurePrice>0.0000</UnitOfMeasurePrice>
      <AllowDiscount>1</AllowDiscount>
      <ItemStatus>1</ItemStatus>
      <ItemId>250752</ItemId>
    </Item>
    <Item>
      <PriceUpdateDate>2025-09-01 07:58:31</PriceUpdateDate>
      <ItemCode>7290017724027</ItemCode>
      <ItemType>1</ItemType>
      <ItemName>עוגיות אלפא חורס</ItemName>
      <ManufacturerName>לא ידוע</ManufacturerName>
      <ManufactureCountry>לא ידוע</ManufactureCountry>
      <ManufacturerItemDescription>עוגיות אלפא חורס</ManufacturerItemDescription>
      <UnitQty>לא ידוע</UnitQty>
      <Quantity>300.00</Quantity>
      <UnitOfMeasure>לא ידוע</UnitOfMeasure>
      <bIsWeighted>0</bIsWeighted>
      <QtyInPackage>לא ידוע</QtyInPackage>
      <ItemPrice>27.90</ItemPrice>
      <UnitOfMeasurePrice>0.0930</UnitOfMeasurePrice>
      <AllowDiscount>1</AllowDiscount>
      <ItemStatus>1</ItemStatus>
      <ItemId>234970</ItemId>
    </Item>
    <Item>
      <PriceUpdateDate>2025-11-17 23:35:24</PriceUpdateDate>
      <ItemCode>7290016693553</ItemCode>
      <ItemType>1</ItemType>
      <ItemName>יין עונות מרלו 750 מ</ItemName>
      <ManufacturerName>לא ידוע</ManufacturerName>
      <ManufactureCountry>לא ידוע</ManufactureCountry>
      <ManufacturerItemDescription>יין עונות מרלו 750 מ</ManufacturerItemDescription>
      <UnitQty>לא ידוע</UnitQty>
      <Quantity>750.00</Quantity>
      <UnitOfMeasure>לא ידוע</UnitOfMeasure>
      <bIsWeighted>0</bIsWeighted>
      <QtyInPackage>לא ידוע</QtyInPackage>
      <ItemPrice>28.90</ItemPrice>
      <UnitOfMeasurePrice>0.0385</UnitOfMeasurePrice>
      <AllowDiscount>1</AllowDiscount>
      <ItemStatus>1</ItemStatus>
      <ItemId>256463</ItemId>
    </Item>
    <Item>
      <PriceUpdateDate>2025-09-08 07:59:15</PriceUpdateDate>
      <ItemCode>9000100806657</ItemCode>
      <ItemType>1</ItemType>
      <ItemName>דאודורנט פה רול און</ItemName>
      <ManufacturerName>לא ידוע</ManufacturerName>
      <ManufactureCountry>לא ידוע</ManufactureCountry>
      <ManufacturerItemDescription>דאודורנט פה רול און</ManufacturerItemDescription>
      <UnitQty>לא ידוע</UnitQty>
      <Quantity>50.00</Quantity>
      <UnitOfMeasure>לא ידוע</UnitOfMeasure>
      <bIsWeighted>0</bIsWeighted>
      <QtyInPackage>לא ידוע</QtyInPackage>
      <ItemPrice>13.90</ItemPrice>
      <UnitOfMeasurePrice>0.2780</UnitOfMeasurePrice>
      <AllowDiscount>1</AllowDiscount>
      <ItemStatus>1</ItemStatus>
      <ItemId>194107</ItemId>
    </Item>
    <Item>
      <PriceUpdateDate>2025-08-21 13:13:35</PriceUpdateDate>
      <ItemCode>7290002929642</ItemCode>
      <ItemType>1</ItemType>
      <ItemName>טונה ויליגר בשמן 4*1</ItemName>
      <ManufacturerName>לא ידוע</ManufacturerName>
      <ManufactureCountry>לא ידוע</ManufactureCountry>
      <ManufacturerItemDescription>טונה ויליגר בשמן 4*1</ManufacturerItemDescription>
      <UnitQty>לא ידוע</UnitQty>
      <Quantity>560.00</Quantity>
      <UnitOfMeasure>לא ידוע</UnitOfMeasure>
      <bIsWeighted>0</bIsWeighted>
      <QtyInPackage>לא ידוע</QtyInPackage>
      <ItemPrice>23.90</ItemPrice>
      <UnitOfMeasurePrice>0.0427</UnitOfMeasurePrice>
      <AllowDiscount>1</AllowDiscount>
      <ItemStatus>1</ItemStatus>
      <ItemId>194580</ItemId>
    </Item>
    <Item>
      <PriceUpdateDate>2025-08-21 10:39:07</PriceUpdateDate>
      <ItemCode>681131129855</ItemCode>
      <ItemType>1</ItemType>
      <ItemName>בירה בלגית  שלוס  פח</ItemName>
      <ManufacturerName>לא ידוע</ManufacturerName>
      <ManufactureCountry>לא ידוע</ManufactureCountry>
      <ManufacturerItemDescription>בירה בלגית  שלוס  פח</ManufacturerItemDescription>
      <UnitQty>לא ידוע</UnitQty>
      <Quantity>500.00</Quantity>
      <UnitOfMeasure>לא ידוע</UnitOfMeasure>
      <bIsWeighted>0</bIsWeighted>
      <QtyInPackage>לא ידוע</QtyInPackage>
      <ItemPrice>7.90</ItemPrice>
      <UnitOfMeasurePrice>0.0158</UnitOfMeasurePrice>
      <AllowDiscount>1</AllowDiscount>
      <ItemStatus>1</ItemStatus>
      <ItemId>194648</ItemId>
    </Item>
    <Item>
      <PriceUpdateDate>2025-07-01 16:32:38</PriceUpdateDate>
      <ItemCode>7290106576223</ItemCode>
      <ItemType>1</ItemType>
      <ItemName>אפרופו שוקולד אסם 40</ItemName>
      <ManufacturerName>לא ידוע</ManufacturerName>
      <ManufactureCountry>לא ידוע</ManufactureCountry>
      <ManufacturerItemDescription>אפרופו שוקולד אסם 40</ManufacturerItemDescription>
      <UnitQty>לא ידוע</UnitQty>
      <Quantity>40.00</Quantity>
      <UnitOfMeasure>לא ידוע</UnitOfMeasure>
      <bIsWeighted>0</bIsWeighted>
      <QtyInPackage>לא ידוע</QtyInPackage>
      <ItemPrice>6.90</ItemPrice>
      <UnitOfMeasurePrice>0.1725</UnitOfMeasurePrice>
      <AllowDiscount>1</AllowDiscount>
      <ItemStatus>1</ItemStatus>
      <ItemId>203908</ItemId>
    </Item>
    <Item>
      <PriceUpdateDate>2025-08-21 11:28:07</PriceUpdateDate>
      <ItemCode>7290012645112</ItemCode>
      <ItemType>1</ItemType>
      <ItemName>יוגורט עיזים בדלי חל</ItemName>
      <ManufacturerName>לא ידוע</ManufacturerName>
      <ManufactureCountry>לא ידוע</ManufactureCountry>
      <ManufacturerItemDescription>יוגורט עיזים בדלי חל</ManufacturerItemDescription>
      <UnitQty>לא ידוע</UnitQty>
      <Quantity>750.00</Quantity>
      <UnitOfMeasure>לא ידוע</UnitOfMeasure>
      <bIsWeighted>0</bIsWeighted>
      <QtyInPackage>לא ידוע</QtyInPackage>
      <ItemPrice>25.60</ItemPrice>
      <UnitOfMeasurePrice>0.0341</UnitOfMeasurePrice>
      <AllowDiscount>1</AllowDiscount>
      <ItemStatus>1</ItemStatus>
      <ItemId>203631</ItemId>
    </Item>
    <Item>
      <PriceUpdateDate>2025-08-26 11:41:05</PriceUpdateDate>
      <ItemCode>7290106668577</ItemCode>
      <ItemType>1</ItemType>
      <ItemName>מיץ לימון טבעי 250 מ</ItemName>
      <ManufacturerName>לא ידוע</ManufacturerName>
      <ManufactureCountry>לא ידוע</ManufactureCountry>
      <ManufacturerItemDescription>מיץ לימון טבעי 250 מ</ManufacturerItemDescription>
      <UnitQty>לא ידוע</UnitQty>
      <Quantity>250.00</Quantity>
      <UnitOfMeasure>לא ידוע</UnitOfMeasure>
      <bIsWeighted>0</bIsWeighted>
      <QtyInPackage>לא ידוע</QtyInPackage>
      <ItemPrice>10.90</ItemPrice>
      <UnitOfMeasurePrice>0.0436</UnitOfMeasurePrice>
      <AllowDiscount>1</AllowDiscount>
      <ItemStatus>1</ItemStatus>
      <ItemId>194688</ItemId>
    </Item>
    <Item>
      <PriceUpdateDate>2025-08-20 13:15:46</PriceUpdateDate>
      <ItemCode>7290000196763</ItemCode>
      <ItemType>1</ItemType>
      <ItemName>השקית החזקה ניקול</ItemName>
      <ManufacturerName>לא ידוע</ManufacturerName>
      <ManufactureCountry>לא ידוע</ManufactureCountry>
      <ManufacturerItemDescription>השקית החזקה ניקול</ManufacturerItemDescription>
      <UnitQty>יחידה   </UnitQty>
      <Quantity>0.00</Quantity>
      <UnitOfMeasure>יחידה   </UnitOfMeasure>
      <bIsWeighted>0</bIsWeighted>
      <QtyInPackage>לא ידוע</QtyInPackage>
      <ItemPrice>27.90</ItemPrice>
      <UnitOfMeasurePrice>0.0000</UnitOfMeasurePrice>
      <AllowDiscount>1</AllowDiscount>
      <ItemStatus>1</ItemStatus>
      <ItemId>194711</ItemId>
    </Item>
    <Item>
      <PriceUpdateDate>2025-08-18 11:13:17</PriceUpdateDate>
      <ItemCode>5410291021991</ItemCode>
      <ItemType>1</ItemType>
      <ItemName>ממרח אגוזי לוז עם קק</ItemName>
      <ManufacturerName>לא ידוע</ManufacturerName>
      <ManufactureCountry>לא ידוע</ManufactureCountry>
      <ManufacturerItemDescription>ממרח אגוזי לוז עם קק</ManufacturerItemDescription>
      <UnitQty>לא ידוע</UnitQty>
      <Quantity>700.00</Quantity>
      <UnitOfMeasure>לא ידוע</UnitOfMeasure>
      <bIsWeighted>0</bIsWeighted>
      <QtyInPackage>לא ידוע</QtyInPackage>
      <ItemPrice>26.90</ItemPrice>
      <UnitOfMeasurePrice>0.0384</UnitOfMeasurePrice>
      <AllowDiscount>1</AllowDiscount>
      <ItemStatus>1</ItemStatus>
      <ItemId>203580</ItemId>
    </Item>
    <Item>
      <PriceUpdateDate>2025-04-20 08:18:34</PriceUpdateDate>
      <ItemCode>9800800056</ItemCode>
      <ItemType>1</ItemType>
      <ItemName>נוטלה&amp;גו חטיף 52גר</ItemName>
      <ManufacturerName>לא ידוע</ManufacturerName>
      <ManufactureCountry>לא ידוע</ManufactureCountry>
      <ManufacturerItemDescription>נוטלה&amp;גו חטיף 52גר</ManufacturerItemDescription>
      <UnitQty>לא ידוע</UnitQty>
      <Quantity>52.00</Quantity>
      <UnitOfMeasure>לא ידוע</UnitOfMeasure>
      <bIsWeighted>0</bIsWeighted>
      <QtyInPackage>לא ידוע</QtyInPackage>
      <ItemPrice>8.90</ItemPrice>
      <UnitOfMeasurePrice>0.1712</UnitOfMeasurePrice>
      <AllowDiscount>1</AllowDiscount>
      <ItemStatus>1</ItemStatus>
      <ItemId>203563</ItemId>
    </Item>
    <Item>
      <PriceUpdateDate>2025-05-06 15:47:46</PriceUpdateDate>
      <ItemCode>7613035758834</ItemCode>
      <ItemType>1</ItemType>
      <ItemName>פיטנס גרנולה חמוציות</ItemName>
      <ManufacturerName>לא ידוע</ManufacturerName>
      <ManufactureCountry>לא ידוע</ManufactureCountry>
      <ManufacturerItemDescription>פיטנס גרנולה חמוציות</ManufacturerItemDescription>
      <UnitQty>לא ידוע</UnitQty>
      <Quantity>300.00</Quantity>
      <UnitOfMeasure>לא ידוע</UnitOfMeasure>
      <bIsWeighted>0</bIsWeighted>
      <QtyInPackage>לא ידוע</QtyInPackage>
      <ItemPrice>17.90</ItemPrice>
      <UnitOfMeasurePrice>0.0597</UnitOfMeasurePrice>
      <AllowDiscount>1</AllowDiscount>
      <ItemStatus>1</ItemStatus>
      <ItemId>203591</ItemId>
    </Item>
    <Item>
      <PriceUpdateDate>2025-09-07 10:41:31</PriceUpdateDate>
      <ItemCode>7290108352689</ItemCode>
      <ItemType>1</ItemType>
      <ItemName>סנו סושי כריות קרצוף</ItemName>
      <ManufacturerName>לא ידוע</ManufacturerName>
      <ManufactureCountry>לא ידוע</ManufactureCountry>
      <ManufacturerItemDescription>סנו סושי כריות קרצוף</ManufacturerItemDescription>
      <UnitQty>לא ידוע</UnitQty>
      <Quantity>9.00</Quantity>
      <UnitOfMeasure>לא ידוע</UnitOfMeasure>
      <bIsWeighted>0</bIsWeighted>
      <QtyInPackage>לא ידוע</QtyInPackage>
      <ItemPrice>12.90</ItemPrice>
      <UnitOfMeasurePrice>1.4333</UnitOfMeasurePrice>
      <AllowDiscount>1</AllowDiscount>
      <ItemStatus>1</ItemStatus>
      <ItemId>203595</ItemId>
    </Item>
    <Item>
      <PriceUpdateDate>2025-08-20 12:24:16</PriceUpdateDate>
      <ItemCode>7290018540817</ItemCode>
      <ItemType>1</ItemType>
      <ItemName>ארטיזנל לחם כוסמין 5</ItemName>
      <ManufacturerName>לא ידוע</ManufacturerName>
      <ManufactureCountry>לא ידוע</ManufactureCountry>
      <ManufacturerItemDescription>ארטיזנל לחם כוסמין 5</ManufacturerItemDescription>
      <UnitQty>לא ידוע</UnitQty>
      <Quantity>500.00</Quantity>
      <UnitOfMeasure>לא ידוע</UnitOfMeasure>
      <bIsWeighted>0</bIsWeighted>
      <QtyInPackage>לא ידוע</QtyInPackage>
      <ItemPrice>21.90</ItemPrice>
      <UnitOfMeasurePrice>0.0438</UnitOfMeasurePrice>
      <AllowDiscount>1</AllowDiscount>
      <ItemStatus>1</ItemStatus>
      <ItemId>243031</ItemId>
    </Item>
    <Item>
      <PriceUpdateDate>2025-09-04 11:41:21</PriceUpdateDate>
      <ItemCode>7290111568251</ItemCode>
      <ItemType>1</ItemType>
      <ItemName>נודלס איטריות להקפצה</ItemName>
      <ManufacturerName>לא ידוע</ManufacturerName>
      <ManufactureCountry>לא ידוע</ManufactureCountry>
      <ManufacturerItemDescription>נודלס איטריות להקפצה</ManufacturerItemDescription>
      <UnitQty>לא ידוע</UnitQty>
      <Quantity>350.00</Quantity>
      <UnitOfMeasure>לא ידוע</UnitOfMeasure>
      <bIsWeighted>0</bIsWeighted>
      <QtyInPackage>לא ידוע</QtyInPackage>
      <ItemPrice>13.90</ItemPrice>
      <UnitOfMeasurePrice>0.0397</UnitOfMeasurePrice>
      <AllowDiscount>1</AllowDiscount>
      <ItemStatus>1</ItemStatus>
      <ItemId>210890</ItemId>
    </Item>
    <Item>
      <PriceUpdateDate>2025-08-18 11:48:16</PriceUpdateDate>
      <ItemCode>7290004456108</ItemCode>
      <ItemType>1</ItemType>
      <ItemName>פילה סלמון נורבגי קפ</ItemName>
      <ManufacturerName>לא ידוע</ManufacturerName>
      <ManufactureCountry>לא ידוע</ManufactureCountry>
      <ManufacturerItemDescription>פילה סלמון נורבגי קפ</ManufacturerItemDescription>
      <UnitQty>קילוגרמים</UnitQty>
      <Quantity>1.00</Quantity>
      <UnitOfMeasure>ק"ג</UnitOfMeasure>
      <bIsWeighted>1</bIsWeighted>
      <QtyInPackage>לא ידוע</QtyInPackage>
      <ItemPrice>85.90</ItemPrice>
      <UnitOfMeasurePrice>85.9000</UnitOfMeasurePrice>
      <AllowDiscount>1</AllowDiscount>
      <ItemStatus>1</ItemStatus>
      <ItemId>239716</ItemId>
    </Item>
    <Item>
      <PriceUpdateDate>2025-08-26 11:40:06</PriceUpdateDate>
      <ItemCode>7290017599274</ItemCode>
      <ItemType>1</ItemType>
      <ItemName>סוכרזית סטיוויה 120</ItemName>
      <ManufacturerName>לא ידוע</ManufacturerName>
      <ManufactureCountry>לא ידוע</ManufactureCountry>
      <ManufacturerItemDescription>סוכרזית סטיוויה 120</ManufacturerItemDescription>
      <UnitQty>יחידה   </UnitQty>
      <Quantity>0.00</Quantity>
      <UnitOfMeasure>יחידה   </UnitOfMeasure>
      <bIsWeighted>0</bIsWeighted>
      <QtyInPackage>לא ידוע</QtyInPackage>
      <ItemPrice>39.90</ItemPrice>
      <UnitOfMeasurePrice>0.0000</UnitOfMeasurePrice>
      <AllowDiscount>1</AllowDiscount>
      <ItemStatus>1</ItemStatus>
      <ItemId>239290</ItemId>
    </Item>
    <Item>
      <PriceUpdateDate>2025-08-26 10:36:58</PriceUpdateDate>
      <ItemCode>7290002211518</ItemCode>
      <ItemType>1</ItemType>
      <ItemName>קמח חיטה לבן מנופה ט</ItemName>
      <ManufacturerName>לא ידוע</ManufacturerName>
      <ManufactureCountry>לא ידוע</ManufactureCountry>
      <ManufacturerItemDescription>קמח חיטה לבן מנופה ט</ManufacturerItemDescription>
      <UnitQty>לא ידוע</UnitQty>
      <Quantity>1000.00</Quantity>
      <UnitOfMeasure>לא ידוע</UnitOfMeasure>
      <bIsWeighted>0</bIsWeighted>
      <QtyInPackage>לא ידוע</QtyInPackage>
      <ItemPrice>9.90</ItemPrice>
      <UnitOfMeasurePrice>0.0099</UnitOfMeasurePrice>
      <AllowDiscount>1</AllowDiscount>
      <ItemStatus>1</ItemStatus>
      <ItemId>238781</ItemId>
    </Item>
    <Item>
      <PriceUpdateDate>2024-08-11 09:15:07</PriceUpdateDate>
      <ItemCode>18389621</ItemCode>
      <ItemType>1</ItemType>
      <ItemName>סינטה טרי</ItemName>
      <ManufacturerName>לא ידוע</ManufacturerName>
      <ManufactureCountry>לא ידוע</ManufactureCountry>
      <ManufacturerItemDescription>סינטה טרי</ManufacturerItemDescription>
      <UnitQty>קילוגרמים</UnitQty>
      <Quantity>1.00</Quantity>
      <UnitOfMeasure>ק"ג</UnitOfMeasure>
      <bIsWeighted>1</bIsWeighted>
      <QtyInPackage>לא ידוע</QtyInPackage>
      <ItemPrice>159.00</ItemPrice>
      <UnitOfMeasurePrice>159.0000</UnitOfMeasurePrice>
      <AllowDiscount>1</AllowDiscount>
      <ItemStatus>1</ItemStatus>
      <ItemId>234347</ItemId>
    </Item>
    <Item>
      <PriceUpdateDate>2025-02-18 13:55:24</PriceUpdateDate>
      <ItemCode>7290004225285</ItemCode>
      <ItemType>1</ItemType>
      <ItemName>גבינה בסגנון דנאבלו</ItemName>
      <ManufacturerName>לא ידוע</ManufacturerName>
      <ManufactureCountry>לא ידוע</ManufactureCountry>
      <ManufacturerItemDescription>גבינה בסגנון דנאבלו</ManufacturerItemDescription>
      <UnitQty>לא ידוע</UnitQty>
      <Quantity>100.00</Quantity>
      <UnitOfMeasure>לא ידוע</UnitOfMeasure>
      <bIsWeighted>0</bIsWeighted>
      <QtyInPackage>לא ידוע</QtyInPackage>
      <ItemPrice>13.90</ItemPrice>
      <UnitOfMeasurePrice>0.1390</UnitOfMeasurePrice>
      <AllowDiscount>1</AllowDiscount>
      <ItemStatus>1</ItemStatus>
      <ItemId>219608</ItemId>
    </Item>
    <Item>
      <PriceUpdateDate>2025-07-22 10:33:06</PriceUpdateDate>
      <ItemCode>7290003451555</ItemCode>
      <ItemType>1</ItemType>
      <ItemName>שריר מס'8 מוכשר קפוא</ItemName>
      <ManufacturerName>לא ידוע</ManufacturerName>
      <ManufactureCountry>לא ידוע</ManufactureCountry>
      <ManufacturerItemDescription>שריר מס'8 מוכשר קפוא</ManufacturerItemDescription>
      <UnitQty>קילוגרמים</UnitQty>
      <Quantity>1.00</Quantity>
      <UnitOfMeasure>ק"ג</UnitOfMeasure>
      <bIsWeighted>1</bIsWeighted>
      <QtyInPackage>לא ידוע</QtyInPackage>
      <ItemPrice>49.90</ItemPrice>
      <UnitOfMeasurePrice>49.9000</UnitOfMeasurePrice>
      <AllowDiscount>1</AllowDiscount>
      <ItemStatus>1</ItemStatus>
      <ItemId>216556</ItemId>
    </Item>
    <Item>
      <PriceUpdateDate>2025-04-20 08:25:22</PriceUpdateDate>
      <ItemCode>4002631025069</ItemCode>
      <ItemType>1</ItemType>
      <ItemName>בירה קוניגסבכר פחית</ItemName>
      <ManufacturerName>לא ידוע</ManufacturerName>
      <ManufactureCountry>לא ידוע</ManufactureCountry>
      <ManufacturerItemDescription>בירה קוניגסבכר פחית</ManufacturerItemDescription>
      <UnitQty>לא ידוע</UnitQty>
      <Quantity>500.00</Quantity>
      <UnitOfMeasure>לא ידוע</UnitOfMeasure>
      <bIsWeighted>0</bIsWeighted>
      <QtyInPackage>לא ידוע</QtyInPackage>
      <ItemPrice>8.90</ItemPrice>
      <UnitOfMeasurePrice>0.0178</UnitOfMeasurePrice>
      <AllowDiscount>1</AllowDiscount>
      <ItemStatus>1</ItemStatus>
      <ItemId>195606</ItemId>
    </Item>
    <Item>
      <PriceUpdateDate>2025-08-31 10:12:27</PriceUpdateDate>
      <ItemCode>7290110573386</ItemCode>
      <ItemType>1</ItemType>
      <ItemName>דנונה לשתייה בננה מנ</ItemName>
      <ManufacturerName>לא ידוע</ManufacturerName>
      <ManufactureCountry>לא ידוע</ManufactureCountry>
      <ManufacturerItemDescription>דנונה לשתייה בננה מנ</ManufacturerItemDescription>
      <UnitQty>לא ידוע</UnitQty>
      <Quantity>267.00</Quantity>
      <UnitOfMeasure>לא ידוע</UnitOfMeasure>
      <bIsWeighted>0</bIsWeighted>
      <QtyInPackage>לא ידוע</QtyInPackage>
      <ItemPrice>6.90</ItemPrice>
      <UnitOfMeasurePrice>0.0258</UnitOfMeasurePrice>
      <AllowDiscount>1</AllowDiscount>
      <ItemStatus>1</ItemStatus>
      <ItemId>242731</ItemId>
    </Item>
    <Item>
      <PriceUpdateDate>2025-08-26 10:36:52</PriceUpdateDate>
      <ItemCode>7290002211112</ItemCode>
      <ItemType>1</ItemType>
      <ItemName>קמח רגיל רוט כחול לב</ItemName>
      <ManufacturerName>לא ידוע</ManufacturerName>
      <ManufactureCountry>לא ידוע</ManufactureCountry>
      <ManufacturerItemDescription>קמח רגיל רוט כחול לב</ManufacturerItemDescription>
      <UnitQty>לא ידוע</UnitQty>
      <Quantity>1000.00</Quantity>
      <UnitOfMeasure>לא ידוע</UnitOfMeasure>
      <bIsWeighted>0</bIsWeighted>
      <QtyInPackage>לא ידוע</QtyInPackage>
      <ItemPrice>5.50</ItemPrice>
      <UnitOfMeasurePrice>0.0055</UnitOfMeasurePrice>
      <AllowDiscount>1</AllowDiscount>
      <ItemStatus>1</ItemStatus>
      <ItemId>195623</ItemId>
    </Item>
    <Item>
      <PriceUpdateDate>2025-08-19 11:27:57</PriceUpdateDate>
      <ItemCode>7290002371533</ItemCode>
      <ItemType>1</ItemType>
      <ItemName>סלסולי פסטרמה בדבש ט</ItemName>
      <ManufacturerName>לא ידוע</ManufacturerName>
      <ManufactureCountry>לא ידוע</ManufactureCountry>
      <ManufacturerItemDescription>סלסולי פסטרמה בדבש ט</ManufacturerItemDescription>
      <UnitQty>לא ידוע</UnitQty>
      <Quantity>120.00</Quantity>
      <UnitOfMeasure>לא ידוע</UnitOfMeasure>
      <bIsWeighted>0</bIsWeighted>
      <QtyInPackage>לא ידוע</QtyInPackage>
      <ItemPrice>20.90</ItemPrice>
      <UnitOfMeasurePrice>0.1742</UnitOfMeasurePrice>
      <AllowDiscount>1</AllowDiscount>
      <ItemStatus>1</ItemStatus>
      <ItemId>195629</ItemId>
    </Item>
    <Item>
      <PriceUpdateDate>2025-08-19 08:31:35</PriceUpdateDate>
      <ItemCode>4823077630057</ItemCode>
      <ItemType>1</ItemType>
      <ItemName>חמאת רושן 200 גרם</ItemName>
      <ManufacturerName>לא ידוע</ManufacturerName>
      <ManufactureCountry>לא ידוע</ManufactureCountry>
      <ManufacturerItemDescription>חמאת רושן 200 גרם</ManufacturerItemDescription>
      <UnitQty>לא ידוע</UnitQty>
      <Quantity>200.00</Quantity>
      <UnitOfMeasure>לא ידוע</UnitOfMeasure>
      <bIsWeighted>0</bIsWeighted>
      <QtyInPackage>לא ידוע</QtyInPackage>
      <ItemPrice>12.90</ItemPrice>
      <UnitOfMeasurePrice>0.0645</UnitOfMeasurePrice>
      <AllowDiscount>1</AllowDiscount>
      <ItemStatus>1</ItemStatus>
      <ItemId>234647</ItemId>
    </Item>
    <Item>
      <PriceUpdateDate>2025-08-19 11:29:11</PriceUpdateDate>
      <ItemCode>7290014218321</ItemCode>
      <ItemType>1</ItemType>
      <ItemName>בורקס יפו גבינה מעדנ</ItemName>
      <ManufacturerName>לא ידוע</ManufacturerName>
      <ManufactureCountry>לא ידוע</ManufactureCountry>
      <ManufacturerItemDescription>בורקס יפו גבינה מעדנ</ManufacturerItemDescription>
      <UnitQty>לא ידוע</UnitQty>
      <Quantity>600.00</Quantity>
      <UnitOfMeasure>לא ידוע</UnitOfMeasure>
      <bIsWeighted>0</bIsWeighted>
      <QtyInPackage>לא ידוע</QtyInPackage>
      <ItemPrice>22.90</ItemPrice>
      <UnitOfMeasurePrice>0.0382</UnitOfMeasurePrice>
      <AllowDiscount>1</AllowDiscount>
      <ItemStatus>1</ItemStatus>
      <ItemId>195658</ItemId>
    </Item>
    <Item>
      <PriceUpdateDate>2025-08-19 11:29:13</PriceUpdateDate>
      <ItemCode>7290014218338</ItemCode>
      <ItemType>1</ItemType>
      <ItemName>בורקס יפו תפו"א מעדנ</ItemName>
      <ManufacturerName>לא ידוע</ManufacturerName>
      <ManufactureCountry>לא ידוע</ManufactureCountry>
      <ManufacturerItemDescription>בורקס יפו תפו"א מעדנ</ManufacturerItemDescription>
      <UnitQty>לא ידוע</UnitQty>
      <Quantity>600.00</Quantity>
      <UnitOfMeasure>לא ידוע</UnitOfMeasure>
      <bIsWeighted>0</bIsWeighted>
      <QtyInPackage>לא ידוע</QtyInPackage>
      <ItemPrice>22.90</ItemPrice>
      <UnitOfMeasurePrice>0.0382</UnitOfMeasurePrice>
      <AllowDiscount>1</AllowDiscount>
      <ItemStatus>1</ItemStatus>
      <ItemId>195659</ItemId>
    </Item>
    <Item>
      <PriceUpdateDate>2025-09-07 12:46:25</PriceUpdateDate>
      <ItemCode>805278001847</ItemCode>
      <ItemType>1</ItemType>
      <ItemName>אורז בסמטי הימלאיה 1</ItemName>
      <ManufacturerName>לא ידוע</ManufacturerName>
      <ManufactureCountry>לא ידוע</ManufactureCountry>
      <ManufacturerItemDescription>אורז בסמטי הימלאיה 1</ManufacturerItemDescription>
      <UnitQty>לא ידוע</UnitQty>
      <Quantity>1000.00</Quantity>
      <UnitOfMeasure>לא ידוע</UnitOfMeasure>
      <bIsWeighted>0</bIsWeighted>
      <QtyInPackage>לא ידוע</QtyInPackage>
      <ItemPrice>13.90</ItemPrice>
      <UnitOfMeasurePrice>0.0139</UnitOfMeasurePrice>
      <AllowDiscount>1</AllowDiscount>
      <ItemStatus>1</ItemStatus>
      <ItemId>235320</ItemId>
    </Item>
    <Item>
      <PriceUpdateDate>2025-08-20 09:49:46</PriceUpdateDate>
      <ItemCode>7290003224661</ItemCode>
      <ItemType>1</ItemType>
      <ItemName>קרפלך תפו"א ובצל מטו</ItemName>
      <ManufacturerName>לא ידוע</ManufacturerName>
      <ManufactureCountry>לא ידוע</ManufactureCountry>
      <ManufacturerItemDescription>קרפלך תפו"א ובצל מטו</ManufacturerItemDescription>
      <UnitQty>לא ידוע</UnitQty>
      <Quantity>800.00</Quantity>
      <UnitOfMeasure>לא ידוע</UnitOfMeasure>
      <bIsWeighted>0</bIsWeighted>
      <QtyInPackage>לא ידוע</QtyInPackage>
      <ItemPrice>31.90</ItemPrice>
      <UnitOfMeasurePrice>0.0399</UnitOfMeasurePrice>
      <AllowDiscount>1</AllowDiscount>
      <ItemStatus>1</ItemStatus>
      <ItemId>247876</ItemId>
    </Item>
    <Item>
      <PriceUpdateDate>2025-08-18 09:17:43</PriceUpdateDate>
      <ItemCode>7290001022375</ItemCode>
      <ItemType>1</ItemType>
      <ItemName>גבינת שמנת 1ק"ג 18%</ItemName>
      <ManufacturerName>קריות זול</ManufacturerName>
      <ManufactureCountry>לא ידוע</ManufactureCountry>
      <ManufacturerItemDescription>גבינת שמנת 1ק"ג 18%</ManufacturerItemDescription>
      <UnitQty>לא ידוע</UnitQty>
      <Quantity>1000.00</Quantity>
      <UnitOfMeasure>לא ידוע</UnitOfMeasure>
      <bIsWeighted>0</bIsWeighted>
      <QtyInPackage>לא ידוע</QtyInPackage>
      <ItemPrice>35.90</ItemPrice>
      <UnitOfMeasurePrice>0.0359</UnitOfMeasurePrice>
      <AllowDiscount>1</AllowDiscount>
      <ItemStatus>1</ItemStatus>
      <ItemId>242841</ItemId>
    </Item>
    <Item>
      <PriceUpdateDate>2025-08-28 10:18:59</PriceUpdateDate>
      <ItemCode>7290117264683</ItemCode>
      <ItemType>1</ItemType>
      <ItemName>גבינה מוצרלה עם חלבו</ItemName>
      <ManufacturerName>לא ידוע</ManufacturerName>
      <ManufactureCountry>לא ידוע</ManufactureCountry>
      <ManufacturerItemDescription>גבינה מוצרלה עם חלבו</ManufacturerItemDescription>
      <UnitQty>לא ידוע</UnitQty>
      <Quantity>100.00</Quantity>
      <UnitOfMeasure>לא ידוע</UnitOfMeasure>
      <bIsWeighted>0</bIsWeighted>
      <QtyInPackage>לא ידוע</QtyInPackage>
      <ItemPrice>16.90</ItemPrice>
      <UnitOfMeasurePrice>0.1690</UnitOfMeasurePrice>
      <AllowDiscount>1</AllowDiscount>
      <ItemStatus>1</ItemStatus>
      <ItemId>247180</ItemId>
    </Item>
    <Item>
      <PriceUpdateDate>2025-08-27 08:03:27</PriceUpdateDate>
      <ItemCode>7290111568466</ItemCode>
      <ItemType>1</ItemType>
      <ItemName>רוטב אסייתי למוקפץ א</ItemName>
      <ManufacturerName>לא ידוע</ManufacturerName>
      <ManufactureCountry>לא ידוע</ManufactureCountry>
      <ManufacturerItemDescription>רוטב אסייתי למוקפץ א</ManufacturerItemDescription>
      <UnitQty>לא ידוע</UnitQty>
      <Quantity>290.00</Quantity>
      <UnitOfMeasure>לא ידוע</UnitOfMeasure>
      <bIsWeighted>0</bIsWeighted>
      <QtyInPackage>לא ידוע</QtyInPackage>
      <ItemPrice>20.90</ItemPrice>
      <UnitOfMeasurePrice>0.0721</UnitOfMeasurePrice>
      <AllowDiscount>1</AllowDiscount>
      <ItemStatus>1</ItemStatus>
      <ItemId>210897</ItemId>
    </Item>
    <Item>
      <PriceUpdateDate>2025-09-08 08:24:31</PriceUpdateDate>
      <ItemCode>7290108354089</ItemCode>
      <ItemType>1</ItemType>
      <ItemName>סנו מקסימה למייבש בי</ItemName>
      <ManufacturerName>לא ידוע</ManufacturerName>
      <ManufactureCountry>לא ידוע</ManufactureCountry>
      <ManufacturerItemDescription>סנו מקסימה למייבש בי</ManufacturerItemDescription>
      <UnitQty>לא ידוע</UnitQty>
      <Quantity>750.00</Quantity>
      <UnitOfMeasure>לא ידוע</UnitOfMeasure>
      <bIsWeighted>0</bIsWeighted>
      <QtyInPackage>לא ידוע</QtyInPackage>
      <ItemPrice>20.90</ItemPrice>
      <UnitOfMeasurePrice>0.0279</UnitOfMeasurePrice>
      <AllowDiscount>1</AllowDiscount>
      <ItemStatus>1</ItemStatus>
      <ItemId>255777</ItemId>
    </Item>
    <Item>
      <PriceUpdateDate>2025-09-04 08:51:25</PriceUpdateDate>
      <ItemCode>7290019204084</ItemCode>
      <ItemType>1</ItemType>
      <ItemName>נגיסי בקר ישרל'ה מחב</ItemName>
      <ManufacturerName>לא ידוע</ManufacturerName>
      <ManufactureCountry>לא ידוע</ManufactureCountry>
      <ManufacturerItemDescription>נגיסי בקר ישרל'ה מחב</ManufacturerItemDescription>
      <UnitQty>לא ידוע</UnitQty>
      <Quantity>600.00</Quantity>
      <UnitOfMeasure>לא ידוע</UnitOfMeasure>
      <bIsWeighted>0</bIsWeighted>
      <QtyInPackage>לא ידוע</QtyInPackage>
      <ItemPrice>43.90</ItemPrice>
      <UnitOfMeasurePrice>0.0732</UnitOfMeasurePrice>
      <AllowDiscount>1</AllowDiscount>
      <ItemStatus>1</ItemStatus>
      <ItemId>246888</ItemId>
    </Item>
    <Item>
      <PriceUpdateDate>2024-12-16 07:20:32</PriceUpdateDate>
      <ItemCode>7290101114376</ItemCode>
      <ItemType>1</ItemType>
      <ItemName>מאגדת שלישיה ציפוי ב</ItemName>
      <ManufacturerName>לא ידוע</ManufacturerName>
      <ManufactureCountry>לא ידוע</ManufactureCountry>
      <ManufacturerItemDescription>מאגדת שלישיה ציפוי ב</ManufacturerItemDescription>
      <UnitQty>יחידה   </UnitQty>
      <Quantity>0.00</Quantity>
      <UnitOfMeasure>יחידה   </UnitOfMeasure>
      <bIsWeighted>0</bIsWeighted>
      <QtyInPackage>לא ידוע</QtyInPackage>
      <ItemPrice>10.00</ItemPrice>
      <UnitOfMeasurePrice>0.0000</UnitOfMeasurePrice>
      <AllowDiscount>1</AllowDiscount>
      <ItemStatus>1</ItemStatus>
      <ItemId>247116</ItemId>
    </Item>
    <Item>
      <PriceUpdateDate>2025-08-26 10:36:58</PriceUpdateDate>
      <ItemCode>7290002211501</ItemCode>
      <ItemType>1</ItemType>
      <ItemName>קמח תופח מנופה טחנת</ItemName>
      <ManufacturerName>לא ידוע</ManufacturerName>
      <ManufactureCountry>לא ידוע</ManufactureCountry>
      <ManufacturerItemDescription>קמח תופח מנופה טחנת</ManufacturerItemDescription>
      <UnitQty>לא ידוע</UnitQty>
      <Quantity>1000.00</Quantity>
      <UnitOfMeasure>לא ידוע</UnitOfMeasure>
      <bIsWeighted>0</bIsWeighted>
      <QtyInPackage>לא ידוע</QtyInPackage>
      <ItemPrice>10.90</ItemPrice>
      <UnitOfMeasurePrice>0.0109</UnitOfMeasurePrice>
      <AllowDiscount>1</AllowDiscount>
      <ItemStatus>1</ItemStatus>
      <ItemId>238782</ItemId>
    </Item>
    <Item>
      <PriceUpdateDate>2025-09-03 14:24:43</PriceUpdateDate>
      <ItemCode>7290001356418</ItemCode>
      <ItemType>1</ItemType>
      <ItemName>פילה הרינג בשמן שקיל</ItemName>
      <ManufacturerName>לא ידוע</ManufacturerName>
      <ManufactureCountry>לא ידוע</ManufactureCountry>
      <ManufacturerItemDescription>פילה הרינג בשמן שקיל</ManufacturerItemDescription>
      <UnitQty>קילוגרמים</UnitQty>
      <Quantity>1.00</Quantity>
      <UnitOfMeasure>ק"ג</UnitOfMeasure>
      <bIsWeighted>1</bIsWeighted>
      <QtyInPackage>לא ידוע</QtyInPackage>
      <ItemPrice>69.00</ItemPrice>
      <UnitOfMeasurePrice>69.0000</UnitOfMeasurePrice>
      <AllowDiscount>1</AllowDiscount>
      <ItemStatus>1</ItemStatus>
      <ItemId>235515</ItemId>
    </Item>
    <Item>
      <PriceUpdateDate>2025-04-20 08:04:38</PriceUpdateDate>
      <ItemCode>7290000498355</ItemCode>
      <ItemType>1</ItemType>
      <ItemName>לחם אחיד שחור</ItemName>
      <ManufacturerName>לא ידוע</ManufacturerName>
      <ManufactureCountry>לא ידוע</ManufactureCountry>
      <ManufacturerItemDescription>לחם אחיד שחור</ManufacturerItemDescription>
      <UnitQty>לא ידוע</UnitQty>
      <Quantity>750.00</Quantity>
      <UnitOfMeasure>לא ידוע</UnitOfMeasure>
      <bIsWeighted>0</bIsWeighted>
      <QtyInPackage>לא ידוע</QtyInPackage>
      <ItemPrice>7.36</ItemPrice>
      <UnitOfMeasurePrice>0.0098</UnitOfMeasurePrice>
      <AllowDiscount>1</AllowDiscount>
      <ItemStatus>1</ItemStatus>
      <ItemId>245391</ItemId>
    </Item>
    <Item>
      <PriceUpdateDate>2025-08-18 13:58:50</PriceUpdateDate>
      <ItemCode>7290000190136</ItemCode>
      <ItemType>1</ItemType>
      <ItemName>חלה מתוקה ברמן</ItemName>
      <ManufacturerName>לא ידוע</ManufacturerName>
      <ManufactureCountry>לא ידוע</ManufactureCountry>
      <ManufacturerItemDescription>חלה מתוקה ברמן</ManufacturerItemDescription>
      <UnitQty>לא ידוע</UnitQty>
      <Quantity>500.00</Quantity>
      <UnitOfMeasure>לא ידוע</UnitOfMeasure>
      <bIsWeighted>0</bIsWeighted>
      <QtyInPackage>לא ידוע</QtyInPackage>
      <ItemPrice>10.90</ItemPrice>
      <UnitOfMeasurePrice>0.0218</UnitOfMeasurePrice>
      <AllowDiscount>1</AllowDiscount>
      <ItemStatus>1</ItemStatus>
      <ItemId>216646</ItemId>
    </Item>
    <Item>
      <PriceUpdateDate>2025-08-18 13:58:51</PriceUpdateDate>
      <ItemCode>7290003268627</ItemCode>
      <ItemType>1</ItemType>
      <ItemName>חלה מתוקה ברמן</ItemName>
      <ManufacturerName>לא ידוע</ManufacturerName>
      <ManufactureCountry>לא ידוע</ManufactureCountry>
      <ManufacturerItemDescription>חלה מתוקה ברמן</ManufacturerItemDescription>
      <UnitQty>לא ידוע</UnitQty>
      <Quantity>500.00</Quantity>
      <UnitOfMeasure>לא ידוע</UnitOfMeasure>
      <bIsWeighted>0</bIsWeighted>
      <QtyInPackage>לא ידוע</QtyInPackage>
      <ItemPrice>10.90</ItemPrice>
      <UnitOfMeasurePrice>0.0218</UnitOfMeasurePrice>
      <AllowDiscount>1</AllowDiscount>
      <ItemStatus>1</ItemStatus>
      <ItemId>216647</ItemId>
    </Item>
    <Item>
      <PriceUpdateDate>2025-08-20 11:44:23</PriceUpdateDate>
      <ItemCode>7290000497136</ItemCode>
      <ItemType>1</ItemType>
      <ItemName>חלה פרוסה ארוזה</ItemName>
      <ManufacturerName>לא ידוע</ManufacturerName>
      <ManufactureCountry>לא ידוע</ManufactureCountry>
      <ManufacturerItemDescription>חלה פרוסה ארוזה</ManufacturerItemDescription>
      <UnitQty>לא ידוע</UnitQty>
      <Quantity>500.00</Quantity>
      <UnitOfMeasure>לא ידוע</UnitOfMeasure>
      <bIsWeighted>0</bIsWeighted>
      <QtyInPackage>לא ידוע</QtyInPackage>
      <ItemPrice>12.90</ItemPrice>
      <UnitOfMeasurePrice>0.0258</UnitOfMeasurePrice>
      <AllowDiscount>1</AllowDiscount>
      <ItemStatus>1</ItemStatus>
      <ItemId>216650</ItemId>
    </Item>
    <Item>
      <PriceUpdateDate>2025-10-26 11:05:22</PriceUpdateDate>
      <ItemCode>7290120347908</ItemCode>
      <ItemType>1</ItemType>
      <ItemName>רביעיית תבלינים 4צנצ</ItemName>
      <ManufacturerName>לא ידוע</ManufacturerName>
      <ManufactureCountry>לא ידוע</ManufactureCountry>
      <ManufacturerItemDescription>רביעיית תבלינים 4צנצ</ManufacturerItemDescription>
      <UnitQty>יחידה   </UnitQty>
      <Quantity>0.00</Quantity>
      <UnitOfMeasure>יחידה   </UnitOfMeasure>
      <bIsWeighted>0</bIsWeighted>
      <QtyInPackage>לא ידוע</QtyInPackage>
      <ItemPrice>23.90</ItemPrice>
      <UnitOfMeasurePrice>0.0000</UnitOfMeasurePrice>
      <AllowDiscount>1</AllowDiscount>
      <ItemStatus>1</ItemStatus>
      <ItemId>256242</ItemId>
    </Item>
    <Item>
      <PriceUpdateDate>2025-09-03 11:28:25</PriceUpdateDate>
      <ItemCode>7290116535333</ItemCode>
      <ItemType>1</ItemType>
      <ItemName>וזלין פטרוליום אלוור</ItemName>
      <ManufacturerName>קריות זול</ManufacturerName>
      <ManufactureCountry>לא ידוע</ManufactureCountry>
      <ManufacturerItemDescription>וזלין פטרוליום אלוור</ManufacturerItemDescription>
      <UnitQty>לא ידוע</UnitQty>
      <Quantity>88.00</Quantity>
      <UnitOfMeasure>לא ידוע</UnitOfMeasure>
      <bIsWeighted>0</bIsWeighted>
      <QtyInPackage>לא ידוע</QtyInPackage>
      <ItemPrice>16.90</ItemPrice>
      <UnitOfMeasurePrice>0.1920</UnitOfMeasurePrice>
      <AllowDiscount>1</AllowDiscount>
      <ItemStatus>1</ItemStatus>
      <ItemId>249037</ItemId>
    </Item>
    <Item>
      <PriceUpdateDate>2025-08-21 11:48:34</PriceUpdateDate>
      <ItemCode>7290011015985</ItemCode>
      <ItemType>1</ItemType>
      <ItemName>סירופ ד.אננס 750 מל</ItemName>
      <ManufacturerName>לא ידוע</ManufacturerName>
      <ManufactureCountry>לא ידוע</ManufactureCountry>
      <ManufacturerItemDescription>סירופ ד.אננס 750 מל</ManufacturerItemDescription>
      <UnitQty>לא ידוע</UnitQty>
      <Quantity>750.00</Quantity>
      <UnitOfMeasure>לא ידוע</UnitOfMeasure>
      <bIsWeighted>0</bIsWeighted>
      <QtyInPackage>לא ידוע</QtyInPackage>
      <ItemPrice>22.90</ItemPrice>
      <UnitOfMeasurePrice>0.0305</UnitOfMeasurePrice>
      <AllowDiscount>1</AllowDiscount>
      <ItemStatus>1</ItemStatus>
      <ItemId>239792</ItemId>
    </Item>
    <Item>
      <PriceUpdateDate>2025-09-03 07:19:51</PriceUpdateDate>
      <ItemCode>7290019816324</ItemCode>
      <ItemType>1</ItemType>
      <ItemName>שלגון מילקה ביגלה 67</ItemName>
      <ManufacturerName>לא ידוע</ManufacturerName>
      <ManufactureCountry>לא ידוע</ManufactureCountry>
      <ManufacturerItemDescription>שלגון מילקה ביגלה 67</ManufacturerItemDescription>
      <UnitQty>לא ידוע</UnitQty>
      <Quantity>67.00</Quantity>
      <UnitOfMeasure>לא ידוע</UnitOfMeasure>
      <bIsWeighted>0</bIsWeighted>
      <QtyInPackage>לא ידוע</QtyInPackage>
      <ItemPrice>13.90</ItemPrice>
      <UnitOfMeasurePrice>0.2075</UnitOfMeasurePrice>
      <AllowDiscount>1</AllowDiscount>
      <ItemStatus>1</ItemStatus>
      <ItemId>252074</ItemId>
    </Item>
    <Item>
      <PriceUpdateDate>2025-09-08 07:58:50</PriceUpdateDate>
      <ItemCode>7290120663589</ItemCode>
      <ItemType>1</ItemType>
      <ItemName>מאוורר סוכריות -12יח</ItemName>
      <ManufacturerName>לא ידוע</ManufacturerName>
      <ManufactureCountry>לא ידוע</ManufactureCountry>
      <ManufacturerItemDescription>מאוורר סוכריות -12יח</ManufacturerItemDescription>
      <UnitQty>יחידה   </UnitQty>
      <Quantity>0.00</Quantity>
      <UnitOfMeasure>יחידה   </UnitOfMeasure>
      <bIsWeighted>0</bIsWeighted>
      <QtyInPackage>לא ידוע</QtyInPackage>
      <ItemPrice>9.50</ItemPrice>
      <UnitOfMeasurePrice>0.0000</UnitOfMeasurePrice>
      <AllowDiscount>1</AllowDiscount>
      <ItemStatus>1</ItemStatus>
      <ItemId>255221</ItemId>
    </Item>
    <Item>
      <PriceUpdateDate>2025-08-20 11:44:29</PriceUpdateDate>
      <ItemCode>7290002037569</ItemCode>
      <ItemType>1</ItemType>
      <ItemName>לחמניות באוניס 6יח 4</ItemName>
      <ManufacturerName>לא ידוע</ManufacturerName>
      <ManufactureCountry>לא ידוע</ManufactureCountry>
      <ManufacturerItemDescription>לחמניות באוניס 6יח 4</ManufacturerItemDescription>
      <UnitQty>לא ידוע</UnitQty>
      <Quantity>450.00</Quantity>
      <UnitOfMeasure>לא ידוע</UnitOfMeasure>
      <bIsWeighted>0</bIsWeighted>
      <QtyInPackage>לא ידוע</QtyInPackage>
      <ItemPrice>16.90</ItemPrice>
      <UnitOfMeasurePrice>0.0376</UnitOfMeasurePrice>
      <AllowDiscount>1</AllowDiscount>
      <ItemStatus>1</ItemStatus>
      <ItemId>216658</ItemId>
    </Item>
    <Item>
      <PriceUpdateDate>2025-09-07 08:01:18</PriceUpdateDate>
      <ItemCode>8001250152015</ItemCode>
      <ItemType>1</ItemType>
      <ItemName>פפרדלה 500 גר דה צקו</ItemName>
      <ManufacturerName>לא ידוע</ManufacturerName>
      <ManufactureCountry>לא ידוע</ManufactureCountry>
      <ManufacturerItemDescription>פפרדלה 500 גר דה צקו</ManufacturerItemDescription>
      <UnitQty>לא ידוע</UnitQty>
      <Quantity>500.00</Quantity>
      <UnitOfMeasure>לא ידוע</UnitOfMeasure>
      <bIsWeighted>0</bIsWeighted>
      <QtyInPackage>לא ידוע</QtyInPackage>
      <ItemPrice>17.90</ItemPrice>
      <UnitOfMeasurePrice>0.0358</UnitOfMeasurePrice>
      <AllowDiscount>1</AllowDiscount>
      <ItemStatus>1</ItemStatus>
      <ItemId>239848</ItemId>
    </Item>
    <Item>
      <PriceUpdateDate>2025-08-26 16:05:37</PriceUpdateDate>
      <ItemCode>7290115208047</ItemCode>
      <ItemType>1</ItemType>
      <ItemName>ויטמינציק פטל 1 ליטר</ItemName>
      <ManufacturerName>לא ידוע</ManufacturerName>
      <ManufactureCountry>לא ידוע</ManufactureCountry>
      <ManufacturerItemDescription>ויטמינציק פטל 1 ליטר</ManufacturerItemDescription>
      <UnitQty>לא ידוע</UnitQty>
      <Quantity>1000.00</Quantity>
      <UnitOfMeasure>לא ידוע</UnitOfMeasure>
      <bIsWeighted>0</bIsWeighted>
      <QtyInPackage>לא ידוע</QtyInPackage>
      <ItemPrice>15.90</ItemPrice>
      <UnitOfMeasurePrice>0.0159</UnitOfMeasurePrice>
      <AllowDiscount>1</AllowDiscount>
      <ItemStatus>1</ItemStatus>
      <ItemId>237292</ItemId>
    </Item>
    <Item>
      <PriceUpdateDate>2025-08-18 11:48:48</PriceUpdateDate>
      <ItemCode>54881005654</ItemCode>
      <ItemType>1</ItemType>
      <ItemName>תה אנגלי ירוק יסמין</ItemName>
      <ManufacturerName>לא ידוע</ManufacturerName>
      <ManufactureCountry>לא ידוע</ManufactureCountry>
      <ManufacturerItemDescription>תה אנגלי ירוק יסמין</ManufacturerItemDescription>
      <UnitQty>יחידה   </UnitQty>
      <Quantity>0.00</Quantity>
      <UnitOfMeasure>יחידה   </UnitOfMeasure>
      <bIsWeighted>0</bIsWeighted>
      <QtyInPackage>לא ידוע</QtyInPackage>
      <ItemPrice>13.90</ItemPrice>
      <UnitOfMeasurePrice>0.0000</UnitOfMeasurePrice>
      <AllowDiscount>1</AllowDiscount>
      <ItemStatus>1</ItemStatus>
      <ItemId>196727</ItemId>
    </Item>
    <Item>
      <PriceUpdateDate>2025-08-26 11:14:20</PriceUpdateDate>
      <ItemCode>7290119373741</ItemCode>
      <ItemType>1</ItemType>
      <ItemName>חומוס עם פלפל שיפקה</ItemName>
      <ManufacturerName>לא ידוע</ManufacturerName>
      <ManufactureCountry>לא ידוע</ManufactureCountry>
      <ManufacturerItemDescription>חומוס עם פלפל שיפקה</ManufacturerItemDescription>
      <UnitQty>לא ידוע</UnitQty>
      <Quantity>380.00</Quantity>
      <UnitOfMeasure>לא ידוע</UnitOfMeasure>
      <bIsWeighted>0</bIsWeighted>
      <QtyInPackage>לא ידוע</QtyInPackage>
      <ItemPrice>15.90</ItemPrice>
      <UnitOfMeasurePrice>0.0418</UnitOfMeasurePrice>
      <AllowDiscount>1</AllowDiscount>
      <ItemStatus>1</ItemStatus>
      <ItemId>254926</ItemId>
    </Item>
    <Item>
      <PriceUpdateDate>2025-09-03 11:27:55</PriceUpdateDate>
      <ItemCode>7290116530284</ItemCode>
      <ItemType>1</ItemType>
      <ItemName>פינוק שמפו בתוספת שמ</ItemName>
      <ManufacturerName>לא ידוע</ManufacturerName>
      <ManufactureCountry>לא ידוע</ManufactureCountry>
      <ManufacturerItemDescription>פינוק שמפו בתוספת שמ</ManufacturerItemDescription>
      <UnitQty>לא ידוע</UnitQty>
      <Quantity>700.00</Quantity>
      <UnitOfMeasure>לא ידוע</UnitOfMeasure>
      <bIsWeighted>0</bIsWeighted>
      <QtyInPackage>לא ידוע</QtyInPackage>
      <ItemPrice>15.90</ItemPrice>
      <UnitOfMeasurePrice>0.0227</UnitOfMeasurePrice>
      <AllowDiscount>1</AllowDiscount>
      <ItemStatus>1</ItemStatus>
      <ItemId>235178</ItemId>
    </Item>
    <Item>
      <PriceUpdateDate>2025-08-31 08:48:44</PriceUpdateDate>
      <ItemCode>7290006765000</ItemCode>
      <ItemType>1</ItemType>
      <ItemName>טורטיות מקמח חיטה מל</ItemName>
      <ManufacturerName>לא ידוע</ManufacturerName>
      <ManufactureCountry>לא ידוע</ManufactureCountry>
      <ManufacturerItemDescription>טורטיות מקמח חיטה מל</ManufacturerItemDescription>
      <UnitQty>לא ידוע</UnitQty>
      <Quantity>450.00</Quantity>
      <UnitOfMeasure>לא ידוע</UnitOfMeasure>
      <bIsWeighted>0</bIsWeighted>
      <QtyInPackage>לא ידוע</QtyInPackage>
      <ItemPrice>13.90</ItemPrice>
      <UnitOfMeasurePrice>0.0309</UnitOfMeasurePrice>
      <AllowDiscount>1</AllowDiscount>
      <ItemStatus>1</ItemStatus>
      <ItemId>216729</ItemId>
    </Item>
    <Item>
      <PriceUpdateDate>2025-08-31 10:18:26</PriceUpdateDate>
      <ItemCode>7290016883176</ItemCode>
      <ItemType>1</ItemType>
      <ItemName>מוזלי שוק.מריר ושבבי</ItemName>
      <ManufacturerName>לא ידוע</ManufacturerName>
      <ManufactureCountry>לא ידוע</ManufactureCountry>
      <ManufacturerItemDescription>מוזלי שוק.מריר ושבבי</ManufacturerItemDescription>
      <UnitQty>לא ידוע</UnitQty>
      <Quantity>850.00</Quantity>
      <UnitOfMeasure>לא ידוע</UnitOfMeasure>
      <bIsWeighted>0</bIsWeighted>
      <QtyInPackage>לא ידוע</QtyInPackage>
      <ItemPrice>26.90</ItemPrice>
      <UnitOfMeasurePrice>0.0316</UnitOfMeasurePrice>
      <AllowDiscount>1</AllowDiscount>
      <ItemStatus>1</ItemStatus>
      <ItemId>216756</ItemId>
    </Item>
    <Item>
      <PriceUpdateDate>2025-08-18 09:17:59</PriceUpdateDate>
      <ItemCode>7290005079344</ItemCode>
      <ItemType>1</ItemType>
      <ItemName>חריץ מוצרלה נעם במשק</ItemName>
      <ManufacturerName>לא ידוע</ManufacturerName>
      <ManufactureCountry>ישראל</ManufactureCountry>
      <ManufacturerItemDescription>חריץ מוצרלה נעם במשק</ManufacturerItemDescription>
      <UnitQty>קילוגרמים</UnitQty>
      <Quantity>1.00</Quantity>
      <UnitOfMeasure>ק"ג</UnitOfMeasure>
      <bIsWeighted>1</bIsWeighted>
      <QtyInPackage>לא ידוע</QtyInPackage>
      <ItemPrice>108.40</ItemPrice>
      <UnitOfMeasurePrice>108.4000</UnitOfMeasurePrice>
      <AllowDiscount>1</AllowDiscount>
      <ItemStatus>1</ItemStatus>
      <ItemId>246196</ItemId>
    </Item>
    <Item>
      <PriceUpdateDate>2025-08-18 11:49:38</PriceUpdateDate>
      <ItemCode>7290003672073</ItemCode>
      <ItemType>1</ItemType>
      <ItemName>פילה אמנון 5-7 ארוז</ItemName>
      <ManufacturerName>לא ידוע</ManufacturerName>
      <ManufactureCountry>לא ידוע</ManufactureCountry>
      <ManufacturerItemDescription>פילה אמנון 5-7 ארוז</ManufacturerItemDescription>
      <UnitQty>קילוגרמים</UnitQty>
      <Quantity>1.00</Quantity>
      <UnitOfMeasure>ק"ג</UnitOfMeasure>
      <bIsWeighted>1</bIsWeighted>
      <QtyInPackage>לא ידוע</QtyInPackage>
      <ItemPrice>37.90</ItemPrice>
      <UnitOfMeasurePrice>37.9000</UnitOfMeasurePrice>
      <AllowDiscount>1</AllowDiscount>
      <ItemStatus>1</ItemStatus>
      <ItemId>216834</ItemId>
    </Item>
    <Item>
      <PriceUpdateDate>2025-08-18 11:47:32</PriceUpdateDate>
      <ItemCode>7290003893690</ItemCode>
      <ItemType>1</ItemType>
      <ItemName>פילה אמנון 5-7 בוואק</ItemName>
      <ManufacturerName>לא ידוע</ManufacturerName>
      <ManufactureCountry>לא ידוע</ManufactureCountry>
      <ManufacturerItemDescription>פילה אמנון 5-7 בוואק</ManufacturerItemDescription>
      <UnitQty>קילוגרמים</UnitQty>
      <Quantity>1.00</Quantity>
      <UnitOfMeasure>ק"ג</UnitOfMeasure>
      <bIsWeighted>1</bIsWeighted>
      <QtyInPackage>לא ידוע</QtyInPackage>
      <ItemPrice>37.90</ItemPrice>
      <UnitOfMeasurePrice>37.9000</UnitOfMeasurePrice>
      <AllowDiscount>1</AllowDiscount>
      <ItemStatus>1</ItemStatus>
      <ItemId>216838</ItemId>
    </Item>
    <Item>
      <PriceUpdateDate>2025-08-26 11:14:30</PriceUpdateDate>
      <ItemCode>7290119375370</ItemCode>
      <ItemType>1</ItemType>
      <ItemName>סימפוניה 16% בטעם טב</ItemName>
      <ManufacturerName>קריות זול</ManufacturerName>
      <ManufactureCountry>לא ידוע</ManufactureCountry>
      <ManufacturerItemDescription>סימפוניה 16% בטעם טב</ManufacturerItemDescription>
      <UnitQty>לא ידוע</UnitQty>
      <Quantity>200.00</Quantity>
      <UnitOfMeasure>לא ידוע</UnitOfMeasure>
      <bIsWeighted>0</bIsWeighted>
      <QtyInPackage>לא ידוע</QtyInPackage>
      <ItemPrice>13.90</ItemPrice>
      <UnitOfMeasurePrice>0.0695</UnitOfMeasurePrice>
      <AllowDiscount>1</AllowDiscount>
      <ItemStatus>1</ItemStatus>
      <ItemId>247404</ItemId>
    </Item>
    <Item>
      <PriceUpdateDate>2024-11-06 09:03:24</PriceUpdateDate>
      <ItemCode>7290108355994</ItemCode>
      <ItemType>1</ItemType>
      <ItemName>מרכך כביסה מרוכז ביי</ItemName>
      <ManufacturerName>לא ידוע</ManufacturerName>
      <ManufactureCountry>לא ידוע</ManufactureCountry>
      <ManufacturerItemDescription>מרכך כביסה מרוכז ביי</ManufacturerItemDescription>
      <UnitQty>לא ידוע</UnitQty>
      <Quantity>1000.00</Quantity>
      <UnitOfMeasure>לא ידוע</UnitOfMeasure>
      <bIsWeighted>0</bIsWeighted>
      <QtyInPackage>לא ידוע</QtyInPackage>
      <ItemPrice>18.90</ItemPrice>
      <UnitOfMeasurePrice>0.0189</UnitOfMeasurePrice>
      <AllowDiscount>1</AllowDiscount>
      <ItemStatus>1</ItemStatus>
      <ItemId>249829</ItemId>
    </Item>
    <Item>
      <PriceUpdateDate>2025-08-18 09:17:21</PriceUpdateDate>
      <ItemCode>7290006040621</ItemCode>
      <ItemType>1</ItemType>
      <ItemName>טבורוג כפיר5%</ItemName>
      <ManufacturerName>לא ידוע</ManufacturerName>
      <ManufactureCountry>ישראל</ManufactureCountry>
      <ManufacturerItemDescription>טבורוג כפיר5%</ManufacturerItemDescription>
      <UnitQty>קילוגרמים</UnitQty>
      <Quantity>1.00</Quantity>
      <UnitOfMeasure>ק"ג</UnitOfMeasure>
      <bIsWeighted>1</bIsWeighted>
      <QtyInPackage>לא ידוע</QtyInPackage>
      <ItemPrice>49.00</ItemPrice>
      <UnitOfMeasurePrice>49.0000</UnitOfMeasurePrice>
      <AllowDiscount>1</AllowDiscount>
      <ItemStatus>1</ItemStatus>
      <ItemId>237350</ItemId>
    </Item>
    <Item>
      <PriceUpdateDate>2025-08-21 08:09:49</PriceUpdateDate>
      <ItemCode>7290000311883</ItemCode>
      <ItemType>1</ItemType>
      <ItemName>עוגיות גרנולה ללא סו</ItemName>
      <ManufacturerName>לא ידוע</ManufacturerName>
      <ManufactureCountry>לא ידוע</ManufactureCountry>
      <ManufacturerItemDescription>עוגיות גרנולה ללא סו</ManufacturerItemDescription>
      <UnitQty>לא ידוע</UnitQty>
      <Quantity>200.00</Quantity>
      <UnitOfMeasure>לא ידוע</UnitOfMeasure>
      <bIsWeighted>0</bIsWeighted>
      <QtyInPackage>לא ידוע</QtyInPackage>
      <ItemPrice>12.90</ItemPrice>
      <UnitOfMeasurePrice>0.0645</UnitOfMeasurePrice>
      <AllowDiscount>1</AllowDiscount>
      <ItemStatus>1</ItemStatus>
      <ItemId>198153</ItemId>
    </Item>
    <Item>
      <PriceUpdateDate>2025-08-19 14:03:44</PriceUpdateDate>
      <ItemCode>7290002026365</ItemCode>
      <ItemType>1</ItemType>
      <ItemName>טבעות בצל 500גר</ItemName>
      <ManufacturerName>לא ידוע</ManufacturerName>
      <ManufactureCountry>לא ידוע</ManufactureCountry>
      <ManufacturerItemDescription>טבעות בצל 500גר</ManufacturerItemDescription>
      <UnitQty>לא ידוע</UnitQty>
      <Quantity>500.00</Quantity>
      <UnitOfMeasure>לא ידוע</UnitOfMeasure>
      <bIsWeighted>0</bIsWeighted>
      <QtyInPackage>לא ידוע</QtyInPackage>
      <ItemPrice>17.90</ItemPrice>
      <UnitOfMeasurePrice>0.0358</UnitOfMeasurePrice>
      <AllowDiscount>1</AllowDiscount>
      <ItemStatus>1</ItemStatus>
      <ItemId>198196</ItemId>
    </Item>
    <Item>
      <PriceUpdateDate>2025-08-28 10:19:15</PriceUpdateDate>
      <ItemCode>7290117267011</ItemCode>
      <ItemType>1</ItemType>
      <ItemName>אטריות דקות מנת השף</ItemName>
      <ManufacturerName>לא ידוע</ManufacturerName>
      <ManufactureCountry>לא ידוע</ManufactureCountry>
      <ManufacturerItemDescription>אטריות דקות מנת השף</ManufacturerItemDescription>
      <UnitQty>לא ידוע</UnitQty>
      <Quantity>400.00</Quantity>
      <UnitOfMeasure>לא ידוע</UnitOfMeasure>
      <bIsWeighted>0</bIsWeighted>
      <QtyInPackage>לא ידוע</QtyInPackage>
      <ItemPrice>6.90</ItemPrice>
      <UnitOfMeasurePrice>0.0173</UnitOfMeasurePrice>
      <AllowDiscount>1</AllowDiscount>
      <ItemStatus>1</ItemStatus>
      <ItemId>254304</ItemId>
    </Item>
    <Item>
      <PriceUpdateDate>2024-08-22 07:36:42</PriceUpdateDate>
      <ItemCode>9771565025005</ItemCode>
      <ItemType>1</ItemType>
      <ItemName>מעריב יום שישי</ItemName>
      <ManufacturerName>לא ידוע</ManufacturerName>
      <ManufactureCountry>לא ידוע</ManufactureCountry>
      <ManufacturerItemDescription>מעריב יום שישי</ManufacturerItemDescription>
      <UnitQty>יחידה   </UnitQty>
      <Quantity>0.00</Quantity>
      <UnitOfMeasure>יחידה   </UnitOfMeasure>
      <bIsWeighted>0</bIsWeighted>
      <QtyInPackage>לא ידוע</QtyInPackage>
      <ItemPrice>6.00</ItemPrice>
      <UnitOfMeasurePrice>0.0000</UnitOfMeasurePrice>
      <AllowDiscount>1</AllowDiscount>
      <ItemStatus>1</ItemStatus>
      <ItemId>199621</ItemId>
    </Item>
    <Item>
      <PriceUpdateDate>2025-08-27 09:53:17</PriceUpdateDate>
      <ItemCode>7290001713242</ItemCode>
      <ItemType>1</ItemType>
      <ItemName>שקיות אשפה עם ידיות</ItemName>
      <ManufacturerName>לא ידוע</ManufacturerName>
      <ManufactureCountry>לא ידוע</ManufactureCountry>
      <ManufacturerItemDescription>שקיות אשפה עם ידיות</ManufacturerItemDescription>
      <UnitQty>יחידה   </UnitQty>
      <Quantity>0.00</Quantity>
      <UnitOfMeasure>יחידה   </UnitOfMeasure>
      <bIsWeighted>0</bIsWeighted>
      <QtyInPackage>לא ידוע</QtyInPackage>
      <ItemPrice>14.90</ItemPrice>
      <UnitOfMeasurePrice>0.0000</UnitOfMeasurePrice>
      <AllowDiscount>1</AllowDiscount>
      <ItemStatus>1</ItemStatus>
      <ItemId>247058</ItemId>
    </Item>
    <Item>
      <PriceUpdateDate>2025-08-26 10:15:59</PriceUpdateDate>
      <ItemCode>7290019233039</ItemCode>
      <ItemType>1</ItemType>
      <ItemName>זיתא רוטב לשקשוקה קל</ItemName>
      <ManufacturerName>לא ידוע</ManufacturerName>
      <ManufactureCountry>לא ידוע</ManufactureCountry>
      <ManufacturerItemDescription>זיתא רוטב לשקשוקה קל</ManufacturerItemDescription>
      <UnitQty>לא ידוע</UnitQty>
      <Quantity>400.00</Quantity>
      <UnitOfMeasure>לא ידוע</UnitOfMeasure>
      <bIsWeighted>0</bIsWeighted>
      <QtyInPackage>לא ידוע</QtyInPackage>
      <ItemPrice>19.90</ItemPrice>
      <UnitOfMeasurePrice>0.0497</UnitOfMeasurePrice>
      <AllowDiscount>1</AllowDiscount>
      <ItemStatus>1</ItemStatus>
      <ItemId>239718</ItemId>
    </Item>
    <Item>
      <PriceUpdateDate>2024-09-17 13:27:14</PriceUpdateDate>
      <ItemCode>7290018825020</ItemCode>
      <ItemType>1</ItemType>
      <ItemName>תפו"א לבן גורמה</ItemName>
      <ManufacturerName>לא ידוע</ManufacturerName>
      <ManufactureCountry>ישראל</ManufactureCountry>
      <ManufacturerItemDescription>תפו"א לבן גורמה</ManufacturerItemDescription>
      <UnitQty>קילוגרמים</UnitQty>
      <Quantity>1.00</Quantity>
      <UnitOfMeasure>ק"ג</UnitOfMeasure>
      <bIsWeighted>1</bIsWeighted>
      <QtyInPackage>לא ידוע</QtyInPackage>
      <ItemPrice>7.90</ItemPrice>
      <UnitOfMeasurePrice>7.9000</UnitOfMeasurePrice>
      <AllowDiscount>1</AllowDiscount>
      <ItemStatus>1</ItemStatus>
      <ItemId>236131</ItemId>
    </Item>
    <Item>
      <PriceUpdateDate>2025-10-19 08:38:52</PriceUpdateDate>
      <ItemCode>8001090899194</ItemCode>
      <ItemType>1</ItemType>
      <ItemName>תחבושות אולוויז פלטי</ItemName>
      <ManufacturerName>לא ידוע</ManufacturerName>
      <ManufactureCountry>לא ידוע</ManufactureCountry>
      <ManufacturerItemDescription>תחבושות אולוויז פלטי</ManufacturerItemDescription>
      <UnitQty>יחידה   </UnitQty>
      <Quantity>0.00</Quantity>
      <UnitOfMeasure>יחידה   </UnitOfMeasure>
      <bIsWeighted>0</bIsWeighted>
      <QtyInPackage>לא ידוע</QtyInPackage>
      <ItemPrice>22.90</ItemPrice>
      <UnitOfMeasurePrice>0.0000</UnitOfMeasurePrice>
      <AllowDiscount>1</AllowDiscount>
      <ItemStatus>1</ItemStatus>
      <ItemId>223435</ItemId>
    </Item>
    <Item>
      <PriceUpdateDate>2025-08-20 08:36:08</PriceUpdateDate>
      <ItemCode>7290002922117</ItemCode>
      <ItemType>1</ItemType>
      <ItemName>עוגיות אקלר 200  גרם</ItemName>
      <ManufacturerName>לא ידוע</ManufacturerName>
      <ManufactureCountry>לא ידוע</ManufactureCountry>
      <ManufacturerItemDescription>עוגיות אקלר 200  גרם</ManufacturerItemDescription>
      <UnitQty>לא ידוע</UnitQty>
      <Quantity>200.00</Quantity>
      <UnitOfMeasure>לא ידוע</UnitOfMeasure>
      <bIsWeighted>0</bIsWeighted>
      <QtyInPackage>לא ידוע</QtyInPackage>
      <ItemPrice>27.90</ItemPrice>
      <UnitOfMeasurePrice>0.1395</UnitOfMeasurePrice>
      <AllowDiscount>1</AllowDiscount>
      <ItemStatus>1</ItemStatus>
      <ItemId>216954</ItemId>
    </Item>
    <Item>
      <PriceUpdateDate>2017-12-28 11:55:52</PriceUpdateDate>
      <ItemCode>7290010192120</ItemCode>
      <ItemType>1</ItemType>
      <ItemName>צנונית ארוזה</ItemName>
      <ManufacturerName>לא ידוע</ManufacturerName>
      <ManufactureCountry>ישראל</ManufactureCountry>
      <ManufacturerItemDescription>צנונית ארוזה</ManufacturerItemDescription>
      <UnitQty>יחידה   </UnitQty>
      <Quantity>0.00</Quantity>
      <UnitOfMeasure>יחידה   </UnitOfMeasure>
      <bIsWeighted>0</bIsWeighted>
      <QtyInPackage>לא ידוע</QtyInPackage>
      <ItemPrice>4.90</ItemPrice>
      <UnitOfMeasurePrice>0.0000</UnitOfMeasurePrice>
      <AllowDiscount>1</AllowDiscount>
      <ItemStatus>1</ItemStatus>
      <ItemId>200093</ItemId>
    </Item>
    <Item>
      <PriceUpdateDate>2025-08-31 08:42:39</PriceUpdateDate>
      <ItemCode>7290002319191</ItemCode>
      <ItemType>1</ItemType>
      <ItemName>עדשים ירוקות 500 גר</ItemName>
      <ManufacturerName>לא ידוע</ManufacturerName>
      <ManufactureCountry>לא ידוע</ManufactureCountry>
      <ManufacturerItemDescription>עדשים ירוקות 500 גר</ManufacturerItemDescription>
      <UnitQty>לא ידוע</UnitQty>
      <Quantity>500.00</Quantity>
      <UnitOfMeasure>לא ידוע</UnitOfMeasure>
      <bIsWeighted>0</bIsWeighted>
      <QtyInPackage>לא ידוע</QtyInPackage>
      <ItemPrice>10.90</ItemPrice>
      <UnitOfMeasurePrice>0.0218</UnitOfMeasurePrice>
      <AllowDiscount>1</AllowDiscount>
      <ItemStatus>1</ItemStatus>
      <ItemId>216987</ItemId>
    </Item>
    <Item>
      <PriceUpdateDate>2025-08-26 16:06:31</PriceUpdateDate>
      <ItemCode>7613287914705</ItemCode>
      <ItemType>1</ItemType>
      <ItemName>נסקפה טסטרס צויס רוס</ItemName>
      <ManufacturerName>לא ידוע</ManufacturerName>
      <ManufactureCountry>לא ידוע</ManufactureCountry>
      <ManufacturerItemDescription>נסקפה טסטרס צויס רוס</ManufacturerItemDescription>
      <UnitQty>לא ידוע</UnitQty>
      <Quantity>95.00</Quantity>
      <UnitOfMeasure>לא ידוע</UnitOfMeasure>
      <bIsWeighted>0</bIsWeighted>
      <QtyInPackage>לא ידוע</QtyInPackage>
      <ItemPrice>33.90</ItemPrice>
      <UnitOfMeasurePrice>0.3568</UnitOfMeasurePrice>
      <AllowDiscount>1</AllowDiscount>
      <ItemStatus>1</ItemStatus>
      <ItemId>243480</ItemId>
    </Item>
    <Item>
      <PriceUpdateDate>2025-09-15 09:50:20</PriceUpdateDate>
      <ItemCode>7290019865810</ItemCode>
      <ItemType>1</ItemType>
      <ItemName>תה ירוק אננס ליצ'י 2</ItemName>
      <ManufacturerName>קריות זול</ManufacturerName>
      <ManufactureCountry>לא ידוע</ManufactureCountry>
      <ManufacturerItemDescription>תה ירוק אננס ליצ'י 2</ManufacturerItemDescription>
      <UnitQty>לא ידוע</UnitQty>
      <Quantity>37.50</Quantity>
      <UnitOfMeasure>לא ידוע</UnitOfMeasure>
      <bIsWeighted>0</bIsWeighted>
      <QtyInPackage>לא ידוע</QtyInPackage>
      <ItemPrice>25.90</ItemPrice>
      <UnitOfMeasurePrice>0.6907</UnitOfMeasurePrice>
      <AllowDiscount>1</AllowDiscount>
      <ItemStatus>1</ItemStatus>
      <ItemId>255918</ItemId>
    </Item>
    <Item>
      <PriceUpdateDate>2024-03-03 12:01:18</PriceUpdateDate>
      <ItemCode>7290117905753</ItemCode>
      <ItemType>1</ItemType>
      <ItemName>גרעין שחור 500גר</ItemName>
      <ManufacturerName>לא ידוע</ManufacturerName>
      <ManufactureCountry>לא ידוע</ManufactureCountry>
      <ManufacturerItemDescription>גרעין שחור 500גר</ManufacturerItemDescription>
      <UnitQty>לא ידוע</UnitQty>
      <Quantity>500.00</Quantity>
      <UnitOfMeasure>לא ידוע</UnitOfMeasure>
      <bIsWeighted>0</bIsWeighted>
      <QtyInPackage>לא ידוע</QtyInPackage>
      <ItemPrice>14.90</ItemPrice>
      <UnitOfMeasurePrice>0.0298</UnitOfMeasurePrice>
      <AllowDiscount>1</AllowDiscount>
      <ItemStatus>1</ItemStatus>
      <ItemId>247059</ItemId>
    </Item>
    <Item>
      <PriceUpdateDate>2025-09-07 08:04:06</PriceUpdateDate>
      <ItemCode>7290018204177</ItemCode>
      <ItemType>1</ItemType>
      <ItemName>צלחות קטן אחת שתיים</ItemName>
      <ManufacturerName>לא ידוע</ManufacturerName>
      <ManufactureCountry>לא ידוע</ManufactureCountry>
      <ManufacturerItemDescription>צלחות קטן אחת שתיים</ManufacturerItemDescription>
      <UnitQty>יחידה   </UnitQty>
      <Quantity>0.00</Quantity>
      <UnitOfMeasure>יחידה   </UnitOfMeasure>
      <bIsWeighted>0</bIsWeighted>
      <QtyInPackage>לא ידוע</QtyInPackage>
      <ItemPrice>19.90</ItemPrice>
      <UnitOfMeasurePrice>0.0000</UnitOfMeasurePrice>
      <AllowDiscount>1</AllowDiscount>
      <ItemStatus>1</ItemStatus>
      <ItemId>247550</ItemId>
    </Item>
    <Item>
      <PriceUpdateDate>2025-08-26 10:33:48</PriceUpdateDate>
      <ItemCode>7290018989395</ItemCode>
      <ItemType>1</ItemType>
      <ItemName>כוסברה בריאבוע 80 גר</ItemName>
      <ManufacturerName>לא ידוע</ManufacturerName>
      <ManufactureCountry>לא ידוע</ManufactureCountry>
      <ManufacturerItemDescription>כוסברה בריאבוע 80 גר</ManufacturerItemDescription>
      <UnitQty>לא ידוע</UnitQty>
      <Quantity>80.00</Quantity>
      <UnitOfMeasure>לא ידוע</UnitOfMeasure>
      <bIsWeighted>0</bIsWeighted>
      <QtyInPackage>לא ידוע</QtyInPackage>
      <ItemPrice>11.90</ItemPrice>
      <UnitOfMeasurePrice>0.1488</UnitOfMeasurePrice>
      <AllowDiscount>1</AllowDiscount>
      <ItemStatus>1</ItemStatus>
      <ItemId>244661</ItemId>
    </Item>
    <Item>
      <PriceUpdateDate>2025-08-20 12:26:34</PriceUpdateDate>
      <ItemCode>7290016867046</ItemCode>
      <ItemType>1</ItemType>
      <ItemName>פיתות כוסמין 6 יחידו</ItemName>
      <ManufacturerName>לא ידוע</ManufacturerName>
      <ManufactureCountry>לא ידוע</ManufactureCountry>
      <ManufacturerItemDescription>פיתות כוסמין 6 יחידו</ManufacturerItemDescription>
      <UnitQty>יחידה   </UnitQty>
      <Quantity>0.00</Quantity>
      <UnitOfMeasure>יחידה   </UnitOfMeasure>
      <bIsWeighted>0</bIsWeighted>
      <QtyInPackage>לא ידוע</QtyInPackage>
      <ItemPrice>20.90</ItemPrice>
      <UnitOfMeasurePrice>0.0000</UnitOfMeasurePrice>
      <AllowDiscount>1</AllowDiscount>
      <ItemStatus>1</ItemStatus>
      <ItemId>246703</ItemId>
    </Item>
    <Item>
      <PriceUpdateDate>2025-09-03 13:28:53</PriceUpdateDate>
      <ItemCode>7610700002681</ItemCode>
      <ItemType>1</ItemType>
      <ItemName>ריקולה סוכ.ללא סוכר</ItemName>
      <ManufacturerName>לא ידוע</ManufacturerName>
      <ManufactureCountry>לא ידוע</ManufactureCountry>
      <ManufacturerItemDescription>ריקולה סוכ.ללא סוכר</ManufacturerItemDescription>
      <UnitQty>יחידה   </UnitQty>
      <Quantity>0.00</Quantity>
      <UnitOfMeasure>יחידה   </UnitOfMeasure>
      <bIsWeighted>0</bIsWeighted>
      <QtyInPackage>לא ידוע</QtyInPackage>
      <ItemPrice>14.90</ItemPrice>
      <UnitOfMeasurePrice>0.0000</UnitOfMeasurePrice>
      <AllowDiscount>1</AllowDiscount>
      <ItemStatus>1</ItemStatus>
      <ItemId>244352</ItemId>
    </Item>
    <Item>
      <PriceUpdateDate>2025-06-04 12:04:27</PriceUpdateDate>
      <ItemCode>7290019600077</ItemCode>
      <ItemType>1</ItemType>
      <ItemName>עגבניות מגי</ItemName>
      <ManufacturerName>לא ידוע</ManufacturerName>
      <ManufactureCountry>ישראל</ManufactureCountry>
      <ManufacturerItemDescription>עגבניות מגי</ManufacturerItemDescription>
      <UnitQty>קילוגרמים</UnitQty>
      <Quantity>1.00</Quantity>
      <UnitOfMeasure>ק"ג</UnitOfMeasure>
      <bIsWeighted>1</bIsWeighted>
      <QtyInPackage>לא ידוע</QtyInPackage>
      <ItemPrice>18.90</ItemPrice>
      <UnitOfMeasurePrice>18.9000</UnitOfMeasurePrice>
      <AllowDiscount>1</AllowDiscount>
      <ItemStatus>1</ItemStatus>
      <ItemId>240902</ItemId>
    </Item>
    <Item>
      <PriceUpdateDate>2025-09-03 13:43:55</PriceUpdateDate>
      <ItemCode>7290014555648</ItemCode>
      <ItemType>1</ItemType>
      <ItemName>שמפו לשיער ולגוף נוב</ItemName>
      <ManufacturerName>לא ידוע</ManufacturerName>
      <ManufactureCountry>לא ידוע</ManufactureCountry>
      <ManufacturerItemDescription>שמפו לשיער ולגוף נוב</ManufacturerItemDescription>
      <UnitQty>ליטרים</UnitQty>
      <Quantity>4.00</Quantity>
      <UnitOfMeasure>ליטר    </UnitOfMeasure>
      <bIsWeighted>0</bIsWeighted>
      <QtyInPackage>לא ידוע</QtyInPackage>
      <ItemPrice>21.90</ItemPrice>
      <UnitOfMeasurePrice>5.4750</UnitOfMeasurePrice>
      <AllowDiscount>1</AllowDiscount>
      <ItemStatus>1</ItemStatus>
      <ItemId>217017</ItemId>
    </Item>
    <Item>
      <PriceUpdateDate>2025-08-20 12:27:33</PriceUpdateDate>
      <ItemCode>7290006243713</ItemCode>
      <ItemType>1</ItemType>
      <ItemName>בורקס גבינה שחף 800ג</ItemName>
      <ManufacturerName>לא ידוע</ManufacturerName>
      <ManufactureCountry>לא ידוע</ManufactureCountry>
      <ManufacturerItemDescription>בורקס גבינה שחף 800ג</ManufacturerItemDescription>
      <UnitQty>לא ידוע</UnitQty>
      <Quantity>800.00</Quantity>
      <UnitOfMeasure>לא ידוע</UnitOfMeasure>
      <bIsWeighted>0</bIsWeighted>
      <QtyInPackage>לא ידוע</QtyInPackage>
      <ItemPrice>16.90</ItemPrice>
      <UnitOfMeasurePrice>0.0211</UnitOfMeasurePrice>
      <AllowDiscount>1</AllowDiscount>
      <ItemStatus>1</ItemStatus>
      <ItemId>217026</ItemId>
    </Item>
    <Item>
      <PriceUpdateDate>2025-08-31 08:47:48</PriceUpdateDate>
      <ItemCode>7290013284136</ItemCode>
      <ItemType>1</ItemType>
      <ItemName>מלפפון במלח 7-9 פרינ</ItemName>
      <ManufacturerName>לא ידוע</ManufacturerName>
      <ManufactureCountry>לא ידוע</ManufactureCountry>
      <ManufacturerItemDescription>מלפפון במלח 7-9 פרינ</ManufacturerItemDescription>
      <UnitQty>לא ידוע</UnitQty>
      <Quantity>560.00</Quantity>
      <UnitOfMeasure>לא ידוע</UnitOfMeasure>
      <bIsWeighted>0</bIsWeighted>
      <QtyInPackage>לא ידוע</QtyInPackage>
      <ItemPrice>9.50</ItemPrice>
      <UnitOfMeasurePrice>0.0170</UnitOfMeasurePrice>
      <AllowDiscount>1</AllowDiscount>
      <ItemStatus>1</ItemStatus>
      <ItemId>200680</ItemId>
    </Item>
    <Item>
      <PriceUpdateDate>2025-08-31 08:47:49</PriceUpdateDate>
      <ItemCode>7290013284143</ItemCode>
      <ItemType>1</ItemType>
      <ItemName>מלפפון במלח 10-12 פר</ItemName>
      <ManufacturerName>לא ידוע</ManufacturerName>
      <ManufactureCountry>לא ידוע</ManufactureCountry>
      <ManufacturerItemDescription>מלפפון במלח 10-12 פר</ManufacturerItemDescription>
      <UnitQty>לא ידוע</UnitQty>
      <Quantity>560.00</Quantity>
      <UnitOfMeasure>לא ידוע</UnitOfMeasure>
      <bIsWeighted>0</bIsWeighted>
      <QtyInPackage>לא ידוע</QtyInPackage>
      <ItemPrice>10.50</ItemPrice>
      <UnitOfMeasurePrice>0.0188</UnitOfMeasurePrice>
      <AllowDiscount>1</AllowDiscount>
      <ItemStatus>1</ItemStatus>
      <ItemId>200681</ItemId>
    </Item>
    <Item>
      <PriceUpdateDate>2025-08-31 08:47:49</PriceUpdateDate>
      <ItemCode>7290013284167</ItemCode>
      <ItemType>1</ItemType>
      <ItemName>מלפפון במלח 18-25 פר</ItemName>
      <ManufacturerName>לא ידוע</ManufacturerName>
      <ManufactureCountry>לא ידוע</ManufactureCountry>
      <ManufacturerItemDescription>מלפפון במלח 18-25 פר</ManufacturerItemDescription>
      <UnitQty>לא ידוע</UnitQty>
      <Quantity>560.00</Quantity>
      <UnitOfMeasure>לא ידוע</UnitOfMeasure>
      <bIsWeighted>0</bIsWeighted>
      <QtyInPackage>לא ידוע</QtyInPackage>
      <ItemPrice>14.50</ItemPrice>
      <UnitOfMeasurePrice>0.0259</UnitOfMeasurePrice>
      <AllowDiscount>1</AllowDiscount>
      <ItemStatus>1</ItemStatus>
      <ItemId>200683</ItemId>
    </Item>
    <Item>
      <PriceUpdateDate>2025-08-21 11:20:02</PriceUpdateDate>
      <ItemCode>7290000572208</ItemCode>
      <ItemType>1</ItemType>
      <ItemName>חלבה אחווה 100גר</ItemName>
      <ManufacturerName>לא ידוע</ManufacturerName>
      <ManufactureCountry>לא ידוע</ManufactureCountry>
      <ManufacturerItemDescription>חלבה אחווה 100גר</ManufacturerItemDescription>
      <UnitQty>לא ידוע</UnitQty>
      <Quantity>100.00</Quantity>
      <UnitOfMeasure>לא ידוע</UnitOfMeasure>
      <bIsWeighted>0</bIsWeighted>
      <QtyInPackage>לא ידוע</QtyInPackage>
      <ItemPrice>5.00</ItemPrice>
      <UnitOfMeasurePrice>0.0500</UnitOfMeasurePrice>
      <AllowDiscount>1</AllowDiscount>
      <ItemStatus>1</ItemStatus>
      <ItemId>217042</ItemId>
    </Item>
    <Item>
      <PriceUpdateDate>2025-11-02 11:35:46</PriceUpdateDate>
      <ItemCode>7290013358431</ItemCode>
      <ItemType>1</ItemType>
      <ItemName>קרוטונים לסלט עגבניו</ItemName>
      <ManufacturerName>לא ידוע</ManufacturerName>
      <ManufactureCountry>לא ידוע</ManufactureCountry>
      <ManufacturerItemDescription>קרוטונים לסלט עגבניו</ManufacturerItemDescription>
      <UnitQty>לא ידוע</UnitQty>
      <Quantity>200.00</Quantity>
      <UnitOfMeasure>לא ידוע</UnitOfMeasure>
      <bIsWeighted>0</bIsWeighted>
      <QtyInPackage>לא ידוע</QtyInPackage>
      <ItemPrice>15.90</ItemPrice>
      <UnitOfMeasurePrice>0.0795</UnitOfMeasurePrice>
      <AllowDiscount>1</AllowDiscount>
      <ItemStatus>1</ItemStatus>
      <ItemId>200723</ItemId>
    </Item>
    <Item>
      <PriceUpdateDate>2025-11-02 11:35:46</PriceUpdateDate>
      <ItemCode>7290013358448</ItemCode>
      <ItemType>1</ItemType>
      <ItemName>קרוטונים אפויים לסלט</ItemName>
      <ManufacturerName>לא ידוע</ManufacturerName>
      <ManufactureCountry>לא ידוע</ManufactureCountry>
      <ManufacturerItemDescription>קרוטונים אפויים לסלט</ManufacturerItemDescription>
      <UnitQty>לא ידוע</UnitQty>
      <Quantity>200.00</Quantity>
      <UnitOfMeasure>לא ידוע</UnitOfMeasure>
      <bIsWeighted>0</bIsWeighted>
      <QtyInPackage>לא ידוע</QtyInPackage>
      <ItemPrice>15.90</ItemPrice>
      <UnitOfMeasurePrice>0.0795</UnitOfMeasurePrice>
      <AllowDiscount>1</AllowDiscount>
      <ItemStatus>1</ItemStatus>
      <ItemId>200724</ItemId>
    </Item>
    <Item>
      <PriceUpdateDate>2025-09-08 08:00:03</PriceUpdateDate>
      <ItemCode>884912126115</ItemCode>
      <ItemType>1</ItemType>
      <ItemName>דגני פוסט גרייט גריי</ItemName>
      <ManufacturerName>לא ידוע</ManufacturerName>
      <ManufactureCountry>לא ידוע</ManufactureCountry>
      <ManufacturerItemDescription>דגני פוסט גרייט גריי</ManufacturerItemDescription>
      <UnitQty>לא ידוע</UnitQty>
      <Quantity>453.00</Quantity>
      <UnitOfMeasure>לא ידוע</UnitOfMeasure>
      <bIsWeighted>0</bIsWeighted>
      <QtyInPackage>לא ידוע</QtyInPackage>
      <ItemPrice>29.90</ItemPrice>
      <UnitOfMeasurePrice>0.0660</UnitOfMeasurePrice>
      <AllowDiscount>1</AllowDiscount>
      <ItemStatus>1</ItemStatus>
      <ItemId>217053</ItemId>
    </Item>
    <Item>
      <PriceUpdateDate>2025-08-26 11:18:07</PriceUpdateDate>
      <ItemCode>7290013652171</ItemCode>
      <ItemType>1</ItemType>
      <ItemName>נטורל קר מגבונים להס</ItemName>
      <ManufacturerName>לא ידוע</ManufacturerName>
      <ManufactureCountry>לא ידוע</ManufactureCountry>
      <ManufacturerItemDescription>נטורל קר מגבונים להס</ManufacturerItemDescription>
      <UnitQty>יחידה   </UnitQty>
      <Quantity>0.00</Quantity>
      <UnitOfMeasure>יחידה   </UnitOfMeasure>
      <bIsWeighted>0</bIsWeighted>
      <QtyInPackage>לא ידוע</QtyInPackage>
      <ItemPrice>27.90</ItemPrice>
      <UnitOfMeasurePrice>0.0000</UnitOfMeasurePrice>
      <AllowDiscount>1</AllowDiscount>
      <ItemStatus>1</ItemStatus>
      <ItemId>200810</ItemId>
    </Item>
    <Item>
      <PriceUpdateDate>2025-11-23 07:47:45</PriceUpdateDate>
      <ItemCode>7290001423321</ItemCode>
      <ItemType>1</ItemType>
      <ItemName>כתף עגל פריים עע</ItemName>
      <ManufacturerName>לא ידוע</ManufacturerName>
      <ManufactureCountry>ישראל</ManufactureCountry>
      <ManufacturerItemDescription>כתף עגל פריים עע</ManufacturerItemDescription>
      <UnitQty>קילוגרמים</UnitQty>
      <Quantity>1.00</Quantity>
      <UnitOfMeasure>ק"ג</UnitOfMeasure>
      <bIsWeighted>1</bIsWeighted>
      <QtyInPackage>לא ידוע</QtyInPackage>
      <ItemPrice>79.90</ItemPrice>
      <UnitOfMeasurePrice>79.9000</UnitOfMeasurePrice>
      <AllowDiscount>1</AllowDiscount>
      <ItemStatus>1</ItemStatus>
      <ItemId>232900</ItemId>
    </Item>
    <Item>
      <PriceUpdateDate>2025-09-15 09:50:20</PriceUpdateDate>
      <ItemCode>7290019865827</ItemCode>
      <ItemType>1</ItemType>
      <ItemName>גולדן ונילה לאטה חוו</ItemName>
      <ManufacturerName>קריות זול</ManufacturerName>
      <ManufactureCountry>לא ידוע</ManufactureCountry>
      <ManufacturerItemDescription>גולדן ונילה לאטה חוו</ManufacturerItemDescription>
      <UnitQty>יחידה   </UnitQty>
      <Quantity>0.00</Quantity>
      <UnitOfMeasure>יחידה   </UnitOfMeasure>
      <bIsWeighted>0</bIsWeighted>
      <QtyInPackage>לא ידוע</QtyInPackage>
      <ItemPrice>23.90</ItemPrice>
      <UnitOfMeasurePrice>0.0000</UnitOfMeasurePrice>
      <AllowDiscount>1</AllowDiscount>
      <ItemStatus>1</ItemStatus>
      <ItemId>255919</ItemId>
    </Item>
    <Item>
      <PriceUpdateDate>2025-08-26 11:42:44</PriceUpdateDate>
      <ItemCode>7290107951104</ItemCode>
      <ItemType>1</ItemType>
      <ItemName>בפלות שוקולד 200 גרם</ItemName>
      <ManufacturerName>לא ידוע</ManufacturerName>
      <ManufactureCountry>לא ידוע</ManufactureCountry>
      <ManufacturerItemDescription>בפלות שוקולד 200 גרם</ManufacturerItemDescription>
      <UnitQty>לא ידוע</UnitQty>
      <Quantity>200.00</Quantity>
      <UnitOfMeasure>לא ידוע</UnitOfMeasure>
      <bIsWeighted>0</bIsWeighted>
      <QtyInPackage>לא ידוע</QtyInPackage>
      <ItemPrice>8.50</ItemPrice>
      <UnitOfMeasurePrice>0.0425</UnitOfMeasurePrice>
      <AllowDiscount>1</AllowDiscount>
      <ItemStatus>1</ItemStatus>
      <ItemId>236135</ItemId>
    </Item>
    <Item>
      <PriceUpdateDate>2024-11-22 08:35:29</PriceUpdateDate>
      <ItemCode>7290013702036</ItemCode>
      <ItemType>1</ItemType>
      <ItemName>שוופס מים בטעם אפרסק</ItemName>
      <ManufacturerName>לא ידוע</ManufacturerName>
      <ManufactureCountry>לא ידוע</ManufactureCountry>
      <ManufacturerItemDescription>שוופס מים בטעם אפרסק</ManufacturerItemDescription>
      <UnitQty>לא ידוע</UnitQty>
      <Quantity>500.00</Quantity>
      <UnitOfMeasure>לא ידוע</UnitOfMeasure>
      <bIsWeighted>0</bIsWeighted>
      <QtyInPackage>לא ידוע</QtyInPackage>
      <ItemPrice>6.90</ItemPrice>
      <UnitOfMeasurePrice>0.0138</UnitOfMeasurePrice>
      <AllowDiscount>1</AllowDiscount>
      <ItemStatus>1</ItemStatus>
      <ItemId>200863</ItemId>
    </Item>
    <Item>
      <PriceUpdateDate>2025-09-07 08:06:06</PriceUpdateDate>
      <ItemCode>7290117907665</ItemCode>
      <ItemType>1</ItemType>
      <ItemName>פקאן בציפוי שוקולד ח</ItemName>
      <ManufacturerName>לא ידוע</ManufacturerName>
      <ManufactureCountry>לא ידוע</ManufactureCountry>
      <ManufacturerItemDescription>פקאן בציפוי שוקולד ח</ManufacturerItemDescription>
      <UnitQty>לא ידוע</UnitQty>
      <Quantity>180.00</Quantity>
      <UnitOfMeasure>לא ידוע</UnitOfMeasure>
      <bIsWeighted>0</bIsWeighted>
      <QtyInPackage>לא ידוע</QtyInPackage>
      <ItemPrice>20.90</ItemPrice>
      <UnitOfMeasurePrice>0.1161</UnitOfMeasurePrice>
      <AllowDiscount>1</AllowDiscount>
      <ItemStatus>1</ItemStatus>
      <ItemId>249575</ItemId>
    </Item>
    <Item>
      <PriceUpdateDate>2025-09-15 10:05:25</PriceUpdateDate>
      <ItemCode>7290019865728</ItemCode>
      <ItemType>1</ItemType>
      <ItemName>חליטת רמת הגולן 25</ItemName>
      <ManufacturerName>קריות זול</ManufacturerName>
      <ManufactureCountry>לא ידוע</ManufactureCountry>
      <ManufacturerItemDescription>חליטת רמת הגולן 25</ManufacturerItemDescription>
      <UnitQty>לא ידוע</UnitQty>
      <Quantity>62.50</Quantity>
      <UnitOfMeasure>לא ידוע</UnitOfMeasure>
      <bIsWeighted>0</bIsWeighted>
      <QtyInPackage>לא ידוע</QtyInPackage>
      <ItemPrice>23.90</ItemPrice>
      <UnitOfMeasurePrice>0.3824</UnitOfMeasurePrice>
      <AllowDiscount>1</AllowDiscount>
      <ItemStatus>1</ItemStatus>
      <ItemId>255920</ItemId>
    </Item>
    <Item>
      <PriceUpdateDate>2025-08-26 10:32:40</PriceUpdateDate>
      <ItemCode>7290019790105</ItemCode>
      <ItemType>1</ItemType>
      <ItemName>שמנת להקצפה 24% 250</ItemName>
      <ManufacturerName>לא ידוע</ManufacturerName>
      <ManufactureCountry>לא ידוע</ManufactureCountry>
      <ManufacturerItemDescription>שמנת להקצפה 24% 250</ManufacturerItemDescription>
      <UnitQty>לא ידוע</UnitQty>
      <Quantity>250.00</Quantity>
      <UnitOfMeasure>לא ידוע</UnitOfMeasure>
      <bIsWeighted>0</bIsWeighted>
      <QtyInPackage>לא ידוע</QtyInPackage>
      <ItemPrice>10.50</ItemPrice>
      <UnitOfMeasurePrice>0.0420</UnitOfMeasurePrice>
      <AllowDiscount>1</AllowDiscount>
      <ItemStatus>1</ItemStatus>
      <ItemId>245157</ItemId>
    </Item>
    <Item>
      <PriceUpdateDate>2024-11-22 08:35:29</PriceUpdateDate>
      <ItemCode>7290013702050</ItemCode>
      <ItemType>1</ItemType>
      <ItemName>שוופס וואטר ענבים 50</ItemName>
      <ManufacturerName>לא ידוע</ManufacturerName>
      <ManufactureCountry>לא ידוע</ManufactureCountry>
      <ManufacturerItemDescription>שוופס וואטר ענבים 50</ManufacturerItemDescription>
      <UnitQty>לא ידוע</UnitQty>
      <Quantity>500.00</Quantity>
      <UnitOfMeasure>לא ידוע</UnitOfMeasure>
      <bIsWeighted>0</bIsWeighted>
      <QtyInPackage>לא ידוע</QtyInPackage>
      <ItemPrice>6.90</ItemPrice>
      <UnitOfMeasurePrice>0.0138</UnitOfMeasurePrice>
      <AllowDiscount>1</AllowDiscount>
      <ItemStatus>1</ItemStatus>
      <ItemId>200864</ItemId>
    </Item>
    <Item>
      <PriceUpdateDate>2024-11-22 08:35:29</PriceUpdateDate>
      <ItemCode>7290013702388</ItemCode>
      <ItemType>1</ItemType>
      <ItemName>שוופס מים בטעם תפוח</ItemName>
      <ManufacturerName>לא ידוע</ManufacturerName>
      <ManufactureCountry>לא ידוע</ManufactureCountry>
      <ManufacturerItemDescription>שוופס מים בטעם תפוח</ManufacturerItemDescription>
      <UnitQty>לא ידוע</UnitQty>
      <Quantity>500.00</Quantity>
      <UnitOfMeasure>לא ידוע</UnitOfMeasure>
      <bIsWeighted>0</bIsWeighted>
      <QtyInPackage>לא ידוע</QtyInPackage>
      <ItemPrice>6.90</ItemPrice>
      <UnitOfMeasurePrice>0.0138</UnitOfMeasurePrice>
      <AllowDiscount>1</AllowDiscount>
      <ItemStatus>1</ItemStatus>
      <ItemId>200865</ItemId>
    </Item>
    <Item>
      <PriceUpdateDate>2019-07-15 16:56:04</PriceUpdateDate>
      <ItemCode>8686868600075</ItemCode>
      <ItemType>1</ItemType>
      <ItemName>המותג אביזרי שיער</ItemName>
      <ManufacturerName>לא ידוע</ManufacturerName>
      <ManufactureCountry>לא ידוע</ManufactureCountry>
      <ManufacturerItemDescription>המותג אביזרי שיער</ManufacturerItemDescription>
      <UnitQty>יחידה   </UnitQty>
      <Quantity>0.00</Quantity>
      <UnitOfMeasure>יחידה   </UnitOfMeasure>
      <bIsWeighted>0</bIsWeighted>
      <QtyInPackage>לא ידוע</QtyInPackage>
      <ItemPrice>9.90</ItemPrice>
      <UnitOfMeasurePrice>0.0000</UnitOfMeasurePrice>
      <AllowDiscount>1</AllowDiscount>
      <ItemStatus>1</ItemStatus>
      <ItemId>217092</ItemId>
    </Item>
    <Item>
      <PriceUpdateDate>2019-07-15 16:56:04</PriceUpdateDate>
      <ItemCode>8686868600112</ItemCode>
      <ItemType>1</ItemType>
      <ItemName>המותג אביזרי שיער</ItemName>
      <ManufacturerName>לא ידוע</ManufacturerName>
      <ManufactureCountry>לא ידוע</ManufactureCountry>
      <ManufacturerItemDescription>המותג אביזרי שיער</ManufacturerItemDescription>
      <UnitQty>יחידה   </UnitQty>
      <Quantity>0.00</Quantity>
      <UnitOfMeasure>יחידה   </UnitOfMeasure>
      <bIsWeighted>0</bIsWeighted>
      <QtyInPackage>לא ידוע</QtyInPackage>
      <ItemPrice>13.90</ItemPrice>
      <UnitOfMeasurePrice>0.0000</UnitOfMeasurePrice>
      <AllowDiscount>1</AllowDiscount>
      <ItemStatus>1</ItemStatus>
      <ItemId>217094</ItemId>
    </Item>
    <Item>
      <PriceUpdateDate>2024-12-05 18:06:13</PriceUpdateDate>
      <ItemCode>8686868600129</ItemCode>
      <ItemType>1</ItemType>
      <ItemName>סרט לשיער</ItemName>
      <ManufacturerName>לא ידוע</ManufacturerName>
      <ManufactureCountry>לא ידוע</ManufactureCountry>
      <ManufacturerItemDescription>סרט לשיער</ManufacturerItemDescription>
      <UnitQty>יחידה   </UnitQty>
      <Quantity>0.00</Quantity>
      <UnitOfMeasure>יחידה   </UnitOfMeasure>
      <bIsWeighted>0</bIsWeighted>
      <QtyInPackage>לא ידוע</QtyInPackage>
      <ItemPrice>14.90</ItemPrice>
      <UnitOfMeasurePrice>0.0000</UnitOfMeasurePrice>
      <AllowDiscount>1</AllowDiscount>
      <ItemStatus>1</ItemStatus>
      <ItemId>217095</ItemId>
    </Item>
    <Item>
      <PriceUpdateDate>2019-07-15 16:56:04</PriceUpdateDate>
      <ItemCode>8686868600174</ItemCode>
      <ItemType>1</ItemType>
      <ItemName>המותג אביזרי שיער</ItemName>
      <ManufacturerName>לא ידוע</ManufacturerName>
      <ManufactureCountry>לא ידוע</ManufactureCountry>
      <ManufacturerItemDescription>המותג אביזרי שיער</ManufacturerItemDescription>
      <UnitQty>יחידה   </UnitQty>
      <Quantity>0.00</Quantity>
      <UnitOfMeasure>יחידה   </UnitOfMeasure>
      <bIsWeighted>0</bIsWeighted>
      <QtyInPackage>לא ידוע</QtyInPackage>
      <ItemPrice>19.90</ItemPrice>
      <UnitOfMeasurePrice>0.0000</UnitOfMeasurePrice>
      <AllowDiscount>1</AllowDiscount>
      <ItemStatus>1</ItemStatus>
      <ItemId>217097</ItemId>
    </Item>
    <Item>
      <PriceUpdateDate>2025-12-03 08:27:09</PriceUpdateDate>
      <ItemCode>7290116537719</ItemCode>
      <ItemType>1</ItemType>
      <ItemName>קנור פירה ביתי 50 גר</ItemName>
      <ManufacturerName>קריות זול</ManufacturerName>
      <ManufactureCountry>לא ידוע</ManufactureCountry>
      <ManufacturerItemDescription>קנור פירה ביתי 50 גר</ManufacturerItemDescription>
      <UnitQty>לא ידוע</UnitQty>
      <Quantity>50.00</Quantity>
      <UnitOfMeasure>לא ידוע</UnitOfMeasure>
      <bIsWeighted>0</bIsWeighted>
      <QtyInPackage>לא ידוע</QtyInPackage>
      <ItemPrice>7.50</ItemPrice>
      <UnitOfMeasurePrice>0.1500</UnitOfMeasurePrice>
      <AllowDiscount>1</AllowDiscount>
      <ItemStatus>1</ItemStatus>
      <ItemId>255324</ItemId>
    </Item>
    <Item>
      <PriceUpdateDate>2025-09-07 08:01:55</PriceUpdateDate>
      <ItemCode>7290019750765</ItemCode>
      <ItemType>1</ItemType>
      <ItemName>נר נשמה 24 שעות עלמה</ItemName>
      <ManufacturerName>לא ידוע</ManufacturerName>
      <ManufactureCountry>לא ידוע</ManufactureCountry>
      <ManufacturerItemDescription>נר נשמה 24 שעות עלמה</ManufacturerItemDescription>
      <UnitQty>לא ידוע</UnitQty>
      <Quantity>1.00</Quantity>
      <UnitOfMeasure>לא ידוע</UnitOfMeasure>
      <bIsWeighted>0</bIsWeighted>
      <QtyInPackage>לא ידוע</QtyInPackage>
      <ItemPrice>4.90</ItemPrice>
      <UnitOfMeasurePrice>4.9000</UnitOfMeasurePrice>
      <AllowDiscount>1</AllowDiscount>
      <ItemStatus>1</ItemStatus>
      <ItemId>255178</ItemId>
    </Item>
    <Item>
      <PriceUpdateDate>2025-08-31 08:42:57</PriceUpdateDate>
      <ItemCode>6934731200078</ItemCode>
      <ItemType>1</ItemType>
      <ItemName>אטריות טריות דקות 20</ItemName>
      <ManufacturerName>לא ידוע</ManufacturerName>
      <ManufactureCountry>לא ידוע</ManufactureCountry>
      <ManufacturerItemDescription>אטריות טריות דקות 20</ManufacturerItemDescription>
      <UnitQty>לא ידוע</UnitQty>
      <Quantity>200.00</Quantity>
      <UnitOfMeasure>לא ידוע</UnitOfMeasure>
      <bIsWeighted>0</bIsWeighted>
      <QtyInPackage>לא ידוע</QtyInPackage>
      <ItemPrice>9.90</ItemPrice>
      <UnitOfMeasurePrice>0.0495</UnitOfMeasurePrice>
      <AllowDiscount>1</AllowDiscount>
      <ItemStatus>1</ItemStatus>
      <ItemId>246170</ItemId>
    </Item>
    <Item>
      <PriceUpdateDate>2025-08-20 16:33:19</PriceUpdateDate>
      <ItemCode>5900020041142</ItemCode>
      <ItemType>1</ItemType>
      <ItemName>פיטנס קורנפלקס 500 ג</ItemName>
      <ManufacturerName>לא ידוע</ManufacturerName>
      <ManufactureCountry>לא ידוע</ManufactureCountry>
      <ManufacturerItemDescription>פיטנס קורנפלקס 500 ג</ManufacturerItemDescription>
      <UnitQty>לא ידוע</UnitQty>
      <Quantity>500.00</Quantity>
      <UnitOfMeasure>לא ידוע</UnitOfMeasure>
      <bIsWeighted>0</bIsWeighted>
      <QtyInPackage>לא ידוע</QtyInPackage>
      <ItemPrice>16.90</ItemPrice>
      <UnitOfMeasurePrice>0.0338</UnitOfMeasurePrice>
      <AllowDiscount>1</AllowDiscount>
      <ItemStatus>1</ItemStatus>
      <ItemId>239624</ItemId>
    </Item>
    <Item>
      <PriceUpdateDate>2025-08-19 11:29:05</PriceUpdateDate>
      <ItemCode>7290013906489</ItemCode>
      <ItemType>1</ItemType>
      <ItemName>חטיפי קבנוס טירת צבי</ItemName>
      <ManufacturerName>לא ידוע</ManufacturerName>
      <ManufactureCountry>לא ידוע</ManufactureCountry>
      <ManufacturerItemDescription>חטיפי קבנוס טירת צבי</ManufacturerItemDescription>
      <UnitQty>לא ידוע</UnitQty>
      <Quantity>120.00</Quantity>
      <UnitOfMeasure>לא ידוע</UnitOfMeasure>
      <bIsWeighted>0</bIsWeighted>
      <QtyInPackage>לא ידוע</QtyInPackage>
      <ItemPrice>16.90</ItemPrice>
      <UnitOfMeasurePrice>0.1408</UnitOfMeasurePrice>
      <AllowDiscount>1</AllowDiscount>
      <ItemStatus>1</ItemStatus>
      <ItemId>200912</ItemId>
    </Item>
    <Item>
      <PriceUpdateDate>2025-08-31 08:54:55</PriceUpdateDate>
      <ItemCode>7290010066957</ItemCode>
      <ItemType>1</ItemType>
      <ItemName>טונה פרינס בשמן 960ג</ItemName>
      <ManufacturerName>לא ידוע</ManufacturerName>
      <ManufactureCountry>לא ידוע</ManufactureCountry>
      <ManufacturerItemDescription>טונה פרינס בשמן 960ג</ManufacturerItemDescription>
      <UnitQty>לא ידוע</UnitQty>
      <Quantity>960.00</Quantity>
      <UnitOfMeasure>לא ידוע</UnitOfMeasure>
      <bIsWeighted>0</bIsWeighted>
      <QtyInPackage>לא ידוע</QtyInPackage>
      <ItemPrice>34.90</ItemPrice>
      <UnitOfMeasurePrice>0.0364</UnitOfMeasurePrice>
      <AllowDiscount>1</AllowDiscount>
      <ItemStatus>1</ItemStatus>
      <ItemId>217125</ItemId>
    </Item>
    <Item>
      <PriceUpdateDate>2025-09-03 13:38:23</PriceUpdateDate>
      <ItemCode>7290119377077</ItemCode>
      <ItemType>1</ItemType>
      <ItemName>שוקולד פרה בטעם רבע</ItemName>
      <ManufacturerName>לא ידוע</ManufacturerName>
      <ManufactureCountry>לא ידוע</ManufactureCountry>
      <ManufacturerItemDescription>שוקולד פרה בטעם רבע</ManufacturerItemDescription>
      <UnitQty>לא ידוע</UnitQty>
      <Quantity>100.00</Quantity>
      <UnitOfMeasure>לא ידוע</UnitOfMeasure>
      <bIsWeighted>0</bIsWeighted>
      <QtyInPackage>לא ידוע</QtyInPackage>
      <ItemPrice>11.90</ItemPrice>
      <UnitOfMeasurePrice>0.1190</UnitOfMeasurePrice>
      <AllowDiscount>1</AllowDiscount>
      <ItemStatus>1</ItemStatus>
      <ItemId>249653</ItemId>
    </Item>
    <Item>
      <PriceUpdateDate>2025-11-02 11:36:29</PriceUpdateDate>
      <ItemCode>7290008310703</ItemCode>
      <ItemType>1</ItemType>
      <ItemName>אמפנדס מאפה במילוי ב</ItemName>
      <ManufacturerName>לא ידוע</ManufacturerName>
      <ManufactureCountry>לא ידוע</ManufactureCountry>
      <ManufacturerItemDescription>אמפנדס מאפה במילוי ב</ManufacturerItemDescription>
      <UnitQty>לא ידוע</UnitQty>
      <Quantity>330.00</Quantity>
      <UnitOfMeasure>לא ידוע</UnitOfMeasure>
      <bIsWeighted>0</bIsWeighted>
      <QtyInPackage>לא ידוע</QtyInPackage>
      <ItemPrice>37.90</ItemPrice>
      <UnitOfMeasurePrice>0.1148</UnitOfMeasurePrice>
      <AllowDiscount>1</AllowDiscount>
      <ItemStatus>1</ItemStatus>
      <ItemId>249562</ItemId>
    </Item>
    <Item>
      <PriceUpdateDate>2025-09-04 10:27:23</PriceUpdateDate>
      <ItemCode>7290014325050</ItemCode>
      <ItemType>1</ItemType>
      <ItemName>קורנפלור 500 גרם</ItemName>
      <ManufacturerName>לא ידוע</ManufacturerName>
      <ManufactureCountry>לא ידוע</ManufactureCountry>
      <ManufacturerItemDescription>קורנפלור 500 גרם</ManufacturerItemDescription>
      <UnitQty>לא ידוע</UnitQty>
      <Quantity>500.00</Quantity>
      <UnitOfMeasure>לא ידוע</UnitOfMeasure>
      <bIsWeighted>0</bIsWeighted>
      <QtyInPackage>לא ידוע</QtyInPackage>
      <ItemPrice>9.90</ItemPrice>
      <UnitOfMeasurePrice>0.0198</UnitOfMeasurePrice>
      <AllowDiscount>1</AllowDiscount>
      <ItemStatus>1</ItemStatus>
      <ItemId>200959</ItemId>
    </Item>
    <Item>
      <PriceUpdateDate>2025-09-08 07:54:27</PriceUpdateDate>
      <ItemCode>7290016580464</ItemCode>
      <ItemType>1</ItemType>
      <ItemName>מגן כריים 21.5 ס"מ ד</ItemName>
      <ManufacturerName>לא ידוע</ManufacturerName>
      <ManufactureCountry>לא ידוע</ManufactureCountry>
      <ManufacturerItemDescription>מגן כריים 21.5 ס"מ ד</ManufacturerItemDescription>
      <UnitQty>יחידה   </UnitQty>
      <Quantity>0.00</Quantity>
      <UnitOfMeasure>יחידה   </UnitOfMeasure>
      <bIsWeighted>0</bIsWeighted>
      <QtyInPackage>לא ידוע</QtyInPackage>
      <ItemPrice>9.90</ItemPrice>
      <UnitOfMeasurePrice>0.0000</UnitOfMeasurePrice>
      <AllowDiscount>1</AllowDiscount>
      <ItemStatus>1</ItemStatus>
      <ItemId>248739</ItemId>
    </Item>
    <Item>
      <PriceUpdateDate>2025-06-15 09:50:20</PriceUpdateDate>
      <ItemCode>7290020174413</ItemCode>
      <ItemType>1</ItemType>
      <ItemName>לקט לאליק טעם הטבע</ItemName>
      <ManufacturerName>לא ידוע</ManufacturerName>
      <ManufactureCountry>לא ידוע</ManufactureCountry>
      <ManufacturerItemDescription>לקט לאליק טעם הטבע</ManufacturerItemDescription>
      <UnitQty>יחידה   </UnitQty>
      <Quantity>0.00</Quantity>
      <UnitOfMeasure>יחידה   </UnitOfMeasure>
      <bIsWeighted>0</bIsWeighted>
      <QtyInPackage>לא ידוע</QtyInPackage>
      <ItemPrice>13.90</ItemPrice>
      <UnitOfMeasurePrice>0.0000</UnitOfMeasurePrice>
      <AllowDiscount>1</AllowDiscount>
      <ItemStatus>1</ItemStatus>
      <ItemId>254804</ItemId>
    </Item>
    <Item>
      <PriceUpdateDate>2025-09-03 15:21:49</PriceUpdateDate>
      <ItemCode>7290016867053</ItemCode>
      <ItemType>1</ItemType>
      <ItemName>לחם מחמצת כוסמין מלא</ItemName>
      <ManufacturerName>לא ידוע</ManufacturerName>
      <ManufactureCountry>לא ידוע</ManufactureCountry>
      <ManufacturerItemDescription>לחם מחמצת כוסמין מלא</ManufacturerItemDescription>
      <UnitQty>לא ידוע</UnitQty>
      <Quantity>700.00</Quantity>
      <UnitOfMeasure>לא ידוע</UnitOfMeasure>
      <bIsWeighted>0</bIsWeighted>
      <QtyInPackage>לא ידוע</QtyInPackage>
      <ItemPrice>21.90</ItemPrice>
      <UnitOfMeasurePrice>0.0313</UnitOfMeasurePrice>
      <AllowDiscount>1</AllowDiscount>
      <ItemStatus>1</ItemStatus>
      <ItemId>246704</ItemId>
    </Item>
    <Item>
      <PriceUpdateDate>2025-09-07 08:41:57</PriceUpdateDate>
      <ItemCode>7290014860087</ItemCode>
      <ItemType>1</ItemType>
      <ItemName>מקלוני אורז ללא גלוט</ItemName>
      <ManufacturerName>לא ידוע</ManufacturerName>
      <ManufactureCountry>לא ידוע</ManufactureCountry>
      <ManufacturerItemDescription>מקלוני אורז ללא גלוט</ManufacturerItemDescription>
      <UnitQty>לא ידוע</UnitQty>
      <Quantity>250.00</Quantity>
      <UnitOfMeasure>לא ידוע</UnitOfMeasure>
      <bIsWeighted>0</bIsWeighted>
      <QtyInPackage>לא ידוע</QtyInPackage>
      <ItemPrice>10.90</ItemPrice>
      <UnitOfMeasurePrice>0.0436</UnitOfMeasurePrice>
      <AllowDiscount>1</AllowDiscount>
      <ItemStatus>1</ItemStatus>
      <ItemId>201124</ItemId>
    </Item>
    <Item>
      <PriceUpdateDate>2025-08-27 11:49:21</PriceUpdateDate>
      <ItemCode>7290019204183</ItemCode>
      <ItemType>1</ItemType>
      <ItemName>נגיסי בקר ישרל'ה מחב</ItemName>
      <ManufacturerName>לא ידוע</ManufacturerName>
      <ManufactureCountry>לא ידוע</ManufactureCountry>
      <ManufacturerItemDescription>נגיסי בקר ישרל'ה מחב</ManufacturerItemDescription>
      <UnitQty>לא ידוע</UnitQty>
      <Quantity>600.00</Quantity>
      <UnitOfMeasure>לא ידוע</UnitOfMeasure>
      <bIsWeighted>0</bIsWeighted>
      <QtyInPackage>לא ידוע</QtyInPackage>
      <ItemPrice>43.90</ItemPrice>
      <UnitOfMeasurePrice>0.0732</UnitOfMeasurePrice>
      <AllowDiscount>1</AllowDiscount>
      <ItemStatus>1</ItemStatus>
      <ItemId>246889</ItemId>
    </Item>
    <Item>
      <PriceUpdateDate>2025-09-07 08:41:58</PriceUpdateDate>
      <ItemCode>7290015164832</ItemCode>
      <ItemType>1</ItemType>
      <ItemName>מחית קארי ירוקה 400ג</ItemName>
      <ManufacturerName>לא ידוע</ManufacturerName>
      <ManufactureCountry>לא ידוע</ManufactureCountry>
      <ManufacturerItemDescription>מחית קארי ירוקה 400ג</ManufacturerItemDescription>
      <UnitQty>לא ידוע</UnitQty>
      <Quantity>400.00</Quantity>
      <UnitOfMeasure>לא ידוע</UnitOfMeasure>
      <bIsWeighted>0</bIsWeighted>
      <QtyInPackage>לא ידוע</QtyInPackage>
      <ItemPrice>21.90</ItemPrice>
      <UnitOfMeasurePrice>0.0547</UnitOfMeasurePrice>
      <AllowDiscount>1</AllowDiscount>
      <ItemStatus>1</ItemStatus>
      <ItemId>201257</ItemId>
    </Item>
    <Item>
      <PriceUpdateDate>2025-12-17 12:34:42</PriceUpdateDate>
      <ItemCode>7290015282611</ItemCode>
      <ItemType>1</ItemType>
      <ItemName>סלט ביצים 200 גרם סל</ItemName>
      <ManufacturerName>לא ידוע</ManufacturerName>
      <ManufactureCountry>לא ידוע</ManufactureCountry>
      <ManufacturerItemDescription>סלט ביצים 200 גרם סל</ManufacturerItemDescription>
      <UnitQty>לא ידוע</UnitQty>
      <Quantity>200.00</Quantity>
      <UnitOfMeasure>לא ידוע</UnitOfMeasure>
      <bIsWeighted>0</bIsWeighted>
      <QtyInPackage>לא ידוע</QtyInPackage>
      <ItemPrice>17.90</ItemPrice>
      <UnitOfMeasurePrice>0.0895</UnitOfMeasurePrice>
      <AllowDiscount>1</AllowDiscount>
      <ItemStatus>1</ItemStatus>
      <ItemId>201264</ItemId>
    </Item>
    <Item>
      <PriceUpdateDate>2025-08-24 11:42:55</PriceUpdateDate>
      <ItemCode>7290002003168</ItemCode>
      <ItemType>1</ItemType>
      <ItemName>שלישיית ק.ידיים פנגל</ItemName>
      <ManufacturerName>לא ידוע</ManufacturerName>
      <ManufactureCountry>לא ידוע</ManufactureCountry>
      <ManufacturerItemDescription>שלישיית ק.ידיים פנגל</ManufacturerItemDescription>
      <UnitQty>לא ידוע</UnitQty>
      <Quantity>240.00</Quantity>
      <UnitOfMeasure>לא ידוע</UnitOfMeasure>
      <bIsWeighted>0</bIsWeighted>
      <QtyInPackage>לא ידוע</QtyInPackage>
      <ItemPrice>19.90</ItemPrice>
      <UnitOfMeasurePrice>0.0829</UnitOfMeasurePrice>
      <AllowDiscount>1</AllowDiscount>
      <ItemStatus>1</ItemStatus>
      <ItemId>217266</ItemId>
    </Item>
    <Item>
      <PriceUpdateDate>2025-08-20 16:33:10</PriceUpdateDate>
      <ItemCode>50000543519</ItemCode>
      <ItemType>1</ItemType>
      <ItemName>פריסקיז פטה דג אוקיי</ItemName>
      <ManufacturerName>לא ידוע</ManufacturerName>
      <ManufactureCountry>לא ידוע</ManufactureCountry>
      <ManufacturerItemDescription>פריסקיז פטה דג אוקיי</ManufacturerItemDescription>
      <UnitQty>לא ידוע</UnitQty>
      <Quantity>156.00</Quantity>
      <UnitOfMeasure>לא ידוע</UnitOfMeasure>
      <bIsWeighted>0</bIsWeighted>
      <QtyInPackage>לא ידוע</QtyInPackage>
      <ItemPrice>7.90</ItemPrice>
      <UnitOfMeasurePrice>0.0506</UnitOfMeasurePrice>
      <AllowDiscount>1</AllowDiscount>
      <ItemStatus>1</ItemStatus>
      <ItemId>247536</ItemId>
    </Item>
    <Item>
      <PriceUpdateDate>2025-09-07 10:42:20</PriceUpdateDate>
      <ItemCode>7290108359213</ItemCode>
      <ItemType>1</ItemType>
      <ItemName>סנו סופט נייר טואלט</ItemName>
      <ManufacturerName>לא ידוע</ManufacturerName>
      <ManufactureCountry>לא ידוע</ManufactureCountry>
      <ManufacturerItemDescription>סנו סופט נייר טואלט</ManufacturerItemDescription>
      <UnitQty>יחידה   </UnitQty>
      <Quantity>0.00</Quantity>
      <UnitOfMeasure>יחידה   </UnitOfMeasure>
      <bIsWeighted>0</bIsWeighted>
      <QtyInPackage>לא ידוע</QtyInPackage>
      <ItemPrice>41.90</ItemPrice>
      <UnitOfMeasurePrice>0.0000</UnitOfMeasurePrice>
      <AllowDiscount>1</AllowDiscount>
      <ItemStatus>1</ItemStatus>
      <ItemId>240456</ItemId>
    </Item>
    <Item>
      <PriceUpdateDate>2025-08-26 10:50:52</PriceUpdateDate>
      <ItemCode>7290008750677</ItemCode>
      <ItemType>1</ItemType>
      <ItemName>שוקולד פרה ממולא תות</ItemName>
      <ManufacturerName>קריות זול</ManufacturerName>
      <ManufactureCountry>לא ידוע</ManufactureCountry>
      <ManufacturerItemDescription>שוקולד פרה ממולא תות</ManufacturerItemDescription>
      <UnitQty>לא ידוע</UnitQty>
      <Quantity>100.00</Quantity>
      <UnitOfMeasure>לא ידוע</UnitOfMeasure>
      <bIsWeighted>0</bIsWeighted>
      <QtyInPackage>לא ידוע</QtyInPackage>
      <ItemPrice>9.50</ItemPrice>
      <UnitOfMeasurePrice>0.0950</UnitOfMeasurePrice>
      <AllowDiscount>1</AllowDiscount>
      <ItemStatus>1</ItemStatus>
      <ItemId>217311</ItemId>
    </Item>
    <Item>
      <PriceUpdateDate>2025-08-26 11:40:26</PriceUpdateDate>
      <ItemCode>7290104724718</ItemCode>
      <ItemType>1</ItemType>
      <ItemName>שוקולד פרה חלב במילו</ItemName>
      <ManufacturerName>לא ידוע</ManufacturerName>
      <ManufactureCountry>לא ידוע</ManufactureCountry>
      <ManufacturerItemDescription>שוקולד פרה חלב במילו</ManufacturerItemDescription>
      <UnitQty>לא ידוע</UnitQty>
      <Quantity>100.00</Quantity>
      <UnitOfMeasure>לא ידוע</UnitOfMeasure>
      <bIsWeighted>0</bIsWeighted>
      <QtyInPackage>לא ידוע</QtyInPackage>
      <ItemPrice>9.50</ItemPrice>
      <UnitOfMeasurePrice>0.0950</UnitOfMeasurePrice>
      <AllowDiscount>1</AllowDiscount>
      <ItemStatus>1</ItemStatus>
      <ItemId>217322</ItemId>
    </Item>
    <Item>
      <PriceUpdateDate>2025-09-03 13:25:52</PriceUpdateDate>
      <ItemCode>7290106651265</ItemCode>
      <ItemType>1</ItemType>
      <ItemName>פסק זמן קלאסי מגדים</ItemName>
      <ManufacturerName>לא ידוע</ManufacturerName>
      <ManufactureCountry>לא ידוע</ManufactureCountry>
      <ManufacturerItemDescription>פסק זמן קלאסי מגדים</ManufacturerItemDescription>
      <UnitQty>לא ידוע</UnitQty>
      <Quantity>135.00</Quantity>
      <UnitOfMeasure>לא ידוע</UnitOfMeasure>
      <bIsWeighted>0</bIsWeighted>
      <QtyInPackage>לא ידוע</QtyInPackage>
      <ItemPrice>19.90</ItemPrice>
      <UnitOfMeasurePrice>0.1474</UnitOfMeasurePrice>
      <AllowDiscount>1</AllowDiscount>
      <ItemStatus>1</ItemStatus>
      <ItemId>217330</ItemId>
    </Item>
    <Item>
      <PriceUpdateDate>2025-08-26 11:42:33</PriceUpdateDate>
      <ItemCode>7290107944243</ItemCode>
      <ItemType>1</ItemType>
      <ItemName>וופל אפיפית ל.גלוטן</ItemName>
      <ManufacturerName>לא ידוע</ManufacturerName>
      <ManufactureCountry>לא ידוע</ManufactureCountry>
      <ManufacturerItemDescription>וופל אפיפית ל.גלוטן</ManufacturerItemDescription>
      <UnitQty>לא ידוע</UnitQty>
      <Quantity>200.00</Quantity>
      <UnitOfMeasure>לא ידוע</UnitOfMeasure>
      <bIsWeighted>0</bIsWeighted>
      <QtyInPackage>לא ידוע</QtyInPackage>
      <ItemPrice>12.90</ItemPrice>
      <UnitOfMeasurePrice>0.0645</UnitOfMeasurePrice>
      <AllowDiscount>1</AllowDiscount>
      <ItemStatus>1</ItemStatus>
      <ItemId>217344</ItemId>
    </Item>
    <Item>
      <PriceUpdateDate>2025-08-26 11:22:16</PriceUpdateDate>
      <ItemCode>7290110329952</ItemCode>
      <ItemType>1</ItemType>
      <ItemName>יוגורט גו קרמי 0.4%</ItemName>
      <ManufacturerName>לא ידוע</ManufacturerName>
      <ManufactureCountry>ישראל</ManufactureCountry>
      <ManufacturerItemDescription>יוגורט גו קרמי 0.4%</ManufacturerItemDescription>
      <UnitQty>לא ידוע</UnitQty>
      <Quantity>200.00</Quantity>
      <UnitOfMeasure>לא ידוע</UnitOfMeasure>
      <bIsWeighted>0</bIsWeighted>
      <QtyInPackage>לא ידוע</QtyInPackage>
      <ItemPrice>7.50</ItemPrice>
      <UnitOfMeasurePrice>0.0375</UnitOfMeasurePrice>
      <AllowDiscount>1</AllowDiscount>
      <ItemStatus>1</ItemStatus>
      <ItemId>237494</ItemId>
    </Item>
    <Item>
      <PriceUpdateDate>2025-08-21 11:48:33</PriceUpdateDate>
      <ItemCode>7290005605895</ItemCode>
      <ItemType>1</ItemType>
      <ItemName>פאנטה אקזוטי 500 מל</ItemName>
      <ManufacturerName>קריות זול</ManufacturerName>
      <ManufactureCountry>לא ידוע</ManufactureCountry>
      <ManufacturerItemDescription>פאנטה אקזוטי 500 מל</ManufacturerItemDescription>
      <UnitQty>לא ידוע</UnitQty>
      <Quantity>500.00</Quantity>
      <UnitOfMeasure>לא ידוע</UnitOfMeasure>
      <bIsWeighted>0</bIsWeighted>
      <QtyInPackage>לא ידוע</QtyInPackage>
      <ItemPrice>7.90</ItemPrice>
      <UnitOfMeasurePrice>0.0158</UnitOfMeasurePrice>
      <AllowDiscount>1</AllowDiscount>
      <ItemStatus>1</ItemStatus>
      <ItemId>217368</ItemId>
    </Item>
    <Item>
      <PriceUpdateDate>2025-08-26 11:40:45</PriceUpdateDate>
      <ItemCode>7290106525320</ItemCode>
      <ItemType>1</ItemType>
      <ItemName>שוקולית לאפיה 500גר</ItemName>
      <ManufacturerName>לא ידוע</ManufacturerName>
      <ManufactureCountry>לא ידוע</ManufactureCountry>
      <ManufacturerItemDescription>שוקולית לאפיה 500גר</ManufacturerItemDescription>
      <UnitQty>לא ידוע</UnitQty>
      <Quantity>500.00</Quantity>
      <UnitOfMeasure>לא ידוע</UnitOfMeasure>
      <bIsWeighted>0</bIsWeighted>
      <QtyInPackage>לא ידוע</QtyInPackage>
      <ItemPrice>22.90</ItemPrice>
      <UnitOfMeasurePrice>0.0458</UnitOfMeasurePrice>
      <AllowDiscount>1</AllowDiscount>
      <ItemStatus>1</ItemStatus>
      <ItemId>201724</ItemId>
    </Item>
    <Item>
      <PriceUpdateDate>2025-05-26 14:24:24</PriceUpdateDate>
      <ItemCode>7290011018474</ItemCode>
      <ItemType>1</ItemType>
      <ItemName>סיידר סומרסבי תפוחים</ItemName>
      <ManufacturerName>לא ידוע</ManufacturerName>
      <ManufactureCountry>לא ידוע</ManufactureCountry>
      <ManufacturerItemDescription>סיידר סומרסבי תפוחים</ManufacturerItemDescription>
      <UnitQty>לא ידוע</UnitQty>
      <Quantity>330.00</Quantity>
      <UnitOfMeasure>לא ידוע</UnitOfMeasure>
      <bIsWeighted>0</bIsWeighted>
      <QtyInPackage>לא ידוע</QtyInPackage>
      <ItemPrice>11.90</ItemPrice>
      <UnitOfMeasurePrice>0.0361</UnitOfMeasurePrice>
      <AllowDiscount>1</AllowDiscount>
      <ItemStatus>1</ItemStatus>
      <ItemId>217378</ItemId>
    </Item>
    <Item>
      <PriceUpdateDate>2025-09-08 07:57:16</PriceUpdateDate>
      <ItemCode>7622210163899</ItemCode>
      <ItemType>1</ItemType>
      <ItemName>שוקולד מילקה חלב עם</ItemName>
      <ManufacturerName>לא ידוע</ManufacturerName>
      <ManufactureCountry>לא ידוע</ManufactureCountry>
      <ManufacturerItemDescription>שוקולד מילקה חלב עם</ManufacturerItemDescription>
      <UnitQty>לא ידוע</UnitQty>
      <Quantity>100.00</Quantity>
      <UnitOfMeasure>לא ידוע</UnitOfMeasure>
      <bIsWeighted>0</bIsWeighted>
      <QtyInPackage>לא ידוע</QtyInPackage>
      <ItemPrice>9.90</ItemPrice>
      <UnitOfMeasurePrice>0.0990</UnitOfMeasurePrice>
      <AllowDiscount>1</AllowDiscount>
      <ItemStatus>1</ItemStatus>
      <ItemId>202125</ItemId>
    </Item>
    <Item>
      <PriceUpdateDate>2025-09-07 08:01:23</PriceUpdateDate>
      <ItemCode>8005110060007</ItemCode>
      <ItemType>1</ItemType>
      <ItemName>עגבניות מקולפות מוטי</ItemName>
      <ManufacturerName>לא ידוע</ManufacturerName>
      <ManufactureCountry>לא ידוע</ManufactureCountry>
      <ManufacturerItemDescription>עגבניות מקולפות מוטי</ManufacturerItemDescription>
      <UnitQty>לא ידוע</UnitQty>
      <Quantity>400.00</Quantity>
      <UnitOfMeasure>לא ידוע</UnitOfMeasure>
      <bIsWeighted>0</bIsWeighted>
      <QtyInPackage>לא ידוע</QtyInPackage>
      <ItemPrice>11.90</ItemPrice>
      <UnitOfMeasurePrice>0.0298</UnitOfMeasurePrice>
      <AllowDiscount>1</AllowDiscount>
      <ItemStatus>1</ItemStatus>
      <ItemId>202238</ItemId>
    </Item>
    <Item>
      <PriceUpdateDate>2025-09-03 13:37:48</PriceUpdateDate>
      <ItemCode>7290112348999</ItemCode>
      <ItemType>1</ItemType>
      <ItemName>אנרג'י פריכיות הטעימ</ItemName>
      <ManufacturerName>לא ידוע</ManufacturerName>
      <ManufactureCountry>לא ידוע</ManufactureCountry>
      <ManufacturerItemDescription>אנרג'י פריכיות הטעימ</ManufacturerItemDescription>
      <UnitQty>לא ידוע</UnitQty>
      <Quantity>135.00</Quantity>
      <UnitOfMeasure>לא ידוע</UnitOfMeasure>
      <bIsWeighted>0</bIsWeighted>
      <QtyInPackage>לא ידוע</QtyInPackage>
      <ItemPrice>15.90</ItemPrice>
      <UnitOfMeasurePrice>0.1178</UnitOfMeasurePrice>
      <AllowDiscount>1</AllowDiscount>
      <ItemStatus>1</ItemStatus>
      <ItemId>233702</ItemId>
    </Item>
    <Item>
      <PriceUpdateDate>2024-10-30 07:45:52</PriceUpdateDate>
      <ItemCode>7290000005022</ItemCode>
      <ItemType>1</ItemType>
      <ItemName>חזה עוף שלם טרי מוכש</ItemName>
      <ManufacturerName>לא ידוע</ManufacturerName>
      <ManufactureCountry>לא ידוע</ManufactureCountry>
      <ManufacturerItemDescription>חזה עוף שלם טרי מוכש</ManufacturerItemDescription>
      <UnitQty>קילוגרמים</UnitQty>
      <Quantity>1.00</Quantity>
      <UnitOfMeasure>ק"ג</UnitOfMeasure>
      <bIsWeighted>1</bIsWeighted>
      <QtyInPackage>לא ידוע</QtyInPackage>
      <ItemPrice>47.90</ItemPrice>
      <UnitOfMeasurePrice>47.9000</UnitOfMeasurePrice>
      <AllowDiscount>1</AllowDiscount>
      <ItemStatus>1</ItemStatus>
      <ItemId>217543</ItemId>
    </Item>
    <Item>
      <PriceUpdateDate>2025-01-06 15:55:53</PriceUpdateDate>
      <ItemCode>7290000041000</ItemCode>
      <ItemType>1</ItemType>
      <ItemName>שוקיים עוף טרי מוכשר</ItemName>
      <ManufacturerName>לא ידוע</ManufacturerName>
      <ManufactureCountry>לא ידוע</ManufactureCountry>
      <ManufacturerItemDescription>שוקיים עוף טרי מוכשר</ManufacturerItemDescription>
      <UnitQty>קילוגרמים</UnitQty>
      <Quantity>1.00</Quantity>
      <UnitOfMeasure>ק"ג</UnitOfMeasure>
      <bIsWeighted>1</bIsWeighted>
      <QtyInPackage>לא ידוע</QtyInPackage>
      <ItemPrice>38.90</ItemPrice>
      <UnitOfMeasurePrice>38.9000</UnitOfMeasurePrice>
      <AllowDiscount>1</AllowDiscount>
      <ItemStatus>1</ItemStatus>
      <ItemId>217545</ItemId>
    </Item>
    <Item>
      <PriceUpdateDate>2023-06-01 08:21:58</PriceUpdateDate>
      <ItemCode>7290000335086</ItemCode>
      <ItemType>1</ItemType>
      <ItemName>בשר אדום הודו טרי</ItemName>
      <ManufacturerName>לא ידוע</ManufacturerName>
      <ManufactureCountry>ישראל</ManufactureCountry>
      <ManufacturerItemDescription>בשר אדום הודו טרי</ManufacturerItemDescription>
      <UnitQty>קילוגרמים</UnitQty>
      <Quantity>1.00</Quantity>
      <UnitOfMeasure>ק"ג</UnitOfMeasure>
      <bIsWeighted>1</bIsWeighted>
      <QtyInPackage>לא ידוע</QtyInPackage>
      <ItemPrice>59.90</ItemPrice>
      <UnitOfMeasurePrice>59.9000</UnitOfMeasurePrice>
      <AllowDiscount>1</AllowDiscount>
      <ItemStatus>1</ItemStatus>
      <ItemId>217549</ItemId>
    </Item>
    <Item>
      <PriceUpdateDate>2025-04-22 15:08:16</PriceUpdateDate>
      <ItemCode>7290000503405</ItemCode>
      <ItemType>1</ItemType>
      <ItemName>שניצל עוף  טרי</ItemName>
      <ManufacturerName>לא ידוע</ManufacturerName>
      <ManufactureCountry>ישראל</ManufactureCountry>
      <ManufacturerItemDescription>שניצל עוף  טרי</ManufacturerItemDescription>
      <UnitQty>קילוגרמים</UnitQty>
      <Quantity>1.00</Quantity>
      <UnitOfMeasure>ק"ג</UnitOfMeasure>
      <bIsWeighted>1</bIsWeighted>
      <QtyInPackage>לא ידוע</QtyInPackage>
      <ItemPrice>54.90</ItemPrice>
      <UnitOfMeasurePrice>54.9000</UnitOfMeasurePrice>
      <AllowDiscount>1</AllowDiscount>
      <ItemStatus>1</ItemStatus>
      <ItemId>217550</ItemId>
    </Item>
    <Item>
      <PriceUpdateDate>2025-10-23 11:50:26</PriceUpdateDate>
      <ItemCode>7290119382231</ItemCode>
      <ItemType>1</ItemType>
      <ItemName>סו מאץ' ש.חלב וש.בלו</ItemName>
      <ManufacturerName>קריות זול</ManufacturerName>
      <ManufactureCountry>ישראל</ManufactureCountry>
      <ManufacturerItemDescription>סו מאץ' ש.חלב וש.בלו</ManufacturerItemDescription>
      <UnitQty>לא ידוע</UnitQty>
      <Quantity>150.00</Quantity>
      <UnitOfMeasure>לא ידוע</UnitOfMeasure>
      <bIsWeighted>0</bIsWeighted>
      <QtyInPackage>לא ידוע</QtyInPackage>
      <ItemPrice>15.90</ItemPrice>
      <UnitOfMeasurePrice>0.1060</UnitOfMeasurePrice>
      <AllowDiscount>1</AllowDiscount>
      <ItemStatus>1</ItemStatus>
      <ItemId>256224</ItemId>
    </Item>
    <Item>
      <PriceUpdateDate>2025-01-06 15:55:57</PriceUpdateDate>
      <ItemCode>7290000503410</ItemCode>
      <ItemType>1</ItemType>
      <ItemName>שוקיים עוף טרי מוכשר</ItemName>
      <ManufacturerName>לא ידוע</ManufacturerName>
      <ManufactureCountry>לא ידוע</ManufactureCountry>
      <ManufacturerItemDescription>שוקיים עוף טרי מוכשר</ManufacturerItemDescription>
      <UnitQty>קילוגרמים</UnitQty>
      <Quantity>1.00</Quantity>
      <UnitOfMeasure>ק"ג</UnitOfMeasure>
      <bIsWeighted>1</bIsWeighted>
      <QtyInPackage>לא ידוע</QtyInPackage>
      <ItemPrice>38.90</ItemPrice>
      <UnitOfMeasurePrice>38.9000</UnitOfMeasurePrice>
      <AllowDiscount>1</AllowDiscount>
      <ItemStatus>1</ItemStatus>
      <ItemId>217551</ItemId>
    </Item>
    <Item>
      <PriceUpdateDate>2024-10-30 07:45:53</PriceUpdateDate>
      <ItemCode>7290000503420</ItemCode>
      <ItemType>1</ItemType>
      <ItemName>לב עוף לצליה בלבד</ItemName>
      <ManufacturerName>לא ידוע</ManufacturerName>
      <ManufactureCountry>ישראל</ManufactureCountry>
      <ManufacturerItemDescription>לב עוף לצליה בלבד</ManufacturerItemDescription>
      <UnitQty>קילוגרמים</UnitQty>
      <Quantity>1.00</Quantity>
      <UnitOfMeasure>ק"ג</UnitOfMeasure>
      <bIsWeighted>1</bIsWeighted>
      <QtyInPackage>לא ידוע</QtyInPackage>
      <ItemPrice>37.90</ItemPrice>
      <UnitOfMeasurePrice>37.9000</UnitOfMeasurePrice>
      <AllowDiscount>1</AllowDiscount>
      <ItemStatus>1</ItemStatus>
      <ItemId>217552</ItemId>
    </Item>
    <Item>
      <PriceUpdateDate>2025-04-22 15:08:16</PriceUpdateDate>
      <ItemCode>7290000611075</ItemCode>
      <ItemType>1</ItemType>
      <ItemName>שניצל עוף  טרי</ItemName>
      <ManufacturerName>לא ידוע</ManufacturerName>
      <ManufactureCountry>ישראל</ManufactureCountry>
      <ManufacturerItemDescription>שניצל עוף  טרי</ManufacturerItemDescription>
      <UnitQty>קילוגרמים</UnitQty>
      <Quantity>1.00</Quantity>
      <UnitOfMeasure>ק"ג</UnitOfMeasure>
      <bIsWeighted>1</bIsWeighted>
      <QtyInPackage>לא ידוע</QtyInPackage>
      <ItemPrice>54.90</ItemPrice>
      <UnitOfMeasurePrice>54.9000</UnitOfMeasurePrice>
      <AllowDiscount>1</AllowDiscount>
      <ItemStatus>1</ItemStatus>
      <ItemId>217553</ItemId>
    </Item>
    <Item>
      <PriceUpdateDate>2024-10-30 07:45:53</PriceUpdateDate>
      <ItemCode>7290000611082</ItemCode>
      <ItemType>1</ItemType>
      <ItemName>חזה עוף שלם טרי מוכש</ItemName>
      <ManufacturerName>לא ידוע</ManufacturerName>
      <ManufactureCountry>לא ידוע</ManufactureCountry>
      <ManufacturerItemDescription>חזה עוף שלם טרי מוכש</ManufacturerItemDescription>
      <UnitQty>קילוגרמים</UnitQty>
      <Quantity>1.00</Quantity>
      <UnitOfMeasure>ק"ג</UnitOfMeasure>
      <bIsWeighted>1</bIsWeighted>
      <QtyInPackage>לא ידוע</QtyInPackage>
      <ItemPrice>47.90</ItemPrice>
      <UnitOfMeasurePrice>47.9000</UnitOfMeasurePrice>
      <AllowDiscount>1</AllowDiscount>
      <ItemStatus>1</ItemStatus>
      <ItemId>217554</ItemId>
    </Item>
    <Item>
      <PriceUpdateDate>2025-07-16 10:39:54</PriceUpdateDate>
      <ItemCode>7290000611808</ItemCode>
      <ItemType>1</ItemType>
      <ItemName>כרעיים עוף טרי</ItemName>
      <ManufacturerName>לא ידוע</ManufacturerName>
      <ManufactureCountry>ישראל</ManufactureCountry>
      <ManufacturerItemDescription>כרעיים עוף טרי</ManufacturerItemDescription>
      <UnitQty>קילוגרמים</UnitQty>
      <Quantity>1.00</Quantity>
      <UnitOfMeasure>ק"ג</UnitOfMeasure>
      <bIsWeighted>1</bIsWeighted>
      <QtyInPackage>לא ידוע</QtyInPackage>
      <ItemPrice>31.90</ItemPrice>
      <UnitOfMeasurePrice>31.9000</UnitOfMeasurePrice>
      <AllowDiscount>1</AllowDiscount>
      <ItemStatus>1</ItemStatus>
      <ItemId>217564</ItemId>
    </Item>
    <Item>
      <PriceUpdateDate>2024-10-30 07:45:54</PriceUpdateDate>
      <ItemCode>7290000619054</ItemCode>
      <ItemType>1</ItemType>
      <ItemName>חזה עוף שלם טרי מוכש</ItemName>
      <ManufacturerName>לא ידוע</ManufacturerName>
      <ManufactureCountry>לא ידוע</ManufactureCountry>
      <ManufacturerItemDescription>חזה עוף שלם טרי מוכש</ManufacturerItemDescription>
      <UnitQty>קילוגרמים</UnitQty>
      <Quantity>1.00</Quantity>
      <UnitOfMeasure>ק"ג</UnitOfMeasure>
      <bIsWeighted>1</bIsWeighted>
      <QtyInPackage>לא ידוע</QtyInPackage>
      <ItemPrice>47.90</ItemPrice>
      <UnitOfMeasurePrice>47.9000</UnitOfMeasurePrice>
      <AllowDiscount>1</AllowDiscount>
      <ItemStatus>1</ItemStatus>
      <ItemId>217573</ItemId>
    </Item>
    <Item>
      <PriceUpdateDate>2024-10-30 07:45:54</PriceUpdateDate>
      <ItemCode>7290000619085</ItemCode>
      <ItemType>1</ItemType>
      <ItemName>לב עוף לצליה בלבד</ItemName>
      <ManufacturerName>לא ידוע</ManufacturerName>
      <ManufactureCountry>ישראל</ManufactureCountry>
      <ManufacturerItemDescription>לב עוף לצליה בלבד</ManufacturerItemDescription>
      <UnitQty>קילוגרמים</UnitQty>
      <Quantity>1.00</Quantity>
      <UnitOfMeasure>ק"ג</UnitOfMeasure>
      <bIsWeighted>1</bIsWeighted>
      <QtyInPackage>לא ידוע</QtyInPackage>
      <ItemPrice>37.90</ItemPrice>
      <UnitOfMeasurePrice>37.9000</UnitOfMeasurePrice>
      <AllowDiscount>1</AllowDiscount>
      <ItemStatus>1</ItemStatus>
      <ItemId>217574</ItemId>
    </Item>
    <Item>
      <PriceUpdateDate>2025-01-07 15:45:34</PriceUpdateDate>
      <ItemCode>7290000644356</ItemCode>
      <ItemType>1</ItemType>
      <ItemName>גרון הודו נ. טרי</ItemName>
      <ManufacturerName>לא ידוע</ManufacturerName>
      <ManufactureCountry>ישראל</ManufactureCountry>
      <ManufacturerItemDescription>גרון הודו נ. טרי</ManufacturerItemDescription>
      <UnitQty>קילוגרמים</UnitQty>
      <Quantity>1.00</Quantity>
      <UnitOfMeasure>ק"ג</UnitOfMeasure>
      <bIsWeighted>1</bIsWeighted>
      <QtyInPackage>לא ידוע</QtyInPackage>
      <ItemPrice>35.90</ItemPrice>
      <UnitOfMeasurePrice>35.9000</UnitOfMeasurePrice>
      <AllowDiscount>1</AllowDiscount>
      <ItemStatus>1</ItemStatus>
      <ItemId>217576</ItemId>
    </Item>
    <Item>
      <PriceUpdateDate>2025-09-03 11:28:17</PriceUpdateDate>
      <ItemCode>7290116534244</ItemCode>
      <ItemType>1</ItemType>
      <ItemName>רוטב סויה בסגנון סינ</ItemName>
      <ManufacturerName>קריות זול</ManufacturerName>
      <ManufactureCountry>לא ידוע</ManufactureCountry>
      <ManufacturerItemDescription>רוטב סויה בסגנון סינ</ManufacturerItemDescription>
      <UnitQty>לא ידוע</UnitQty>
      <Quantity>300.00</Quantity>
      <UnitOfMeasure>לא ידוע</UnitOfMeasure>
      <bIsWeighted>0</bIsWeighted>
      <QtyInPackage>לא ידוע</QtyInPackage>
      <ItemPrice>17.90</ItemPrice>
      <UnitOfMeasurePrice>0.0597</UnitOfMeasurePrice>
      <AllowDiscount>1</AllowDiscount>
      <ItemStatus>1</ItemStatus>
      <ItemId>241938</ItemId>
    </Item>
    <Item>
      <PriceUpdateDate>2025-07-16 10:39:54</PriceUpdateDate>
      <ItemCode>7290002680314</ItemCode>
      <ItemType>1</ItemType>
      <ItemName>כרעיים עוף טרי</ItemName>
      <ManufacturerName>לא ידוע</ManufacturerName>
      <ManufactureCountry>ישראל</ManufactureCountry>
      <ManufacturerItemDescription>כרעיים עוף טרי</ManufacturerItemDescription>
      <UnitQty>קילוגרמים</UnitQty>
      <Quantity>1.00</Quantity>
      <UnitOfMeasure>ק"ג</UnitOfMeasure>
      <bIsWeighted>1</bIsWeighted>
      <QtyInPackage>לא ידוע</QtyInPackage>
      <ItemPrice>31.90</ItemPrice>
      <UnitOfMeasurePrice>31.9000</UnitOfMeasurePrice>
      <AllowDiscount>1</AllowDiscount>
      <ItemStatus>1</ItemStatus>
      <ItemId>217587</ItemId>
    </Item>
    <Item>
      <PriceUpdateDate>2025-01-06 15:55:58</PriceUpdateDate>
      <ItemCode>7290002680437</ItemCode>
      <ItemType>1</ItemType>
      <ItemName>שוקיים עוף טרי מוכשר</ItemName>
      <ManufacturerName>לא ידוע</ManufacturerName>
      <ManufactureCountry>לא ידוע</ManufactureCountry>
      <ManufacturerItemDescription>שוקיים עוף טרי מוכשר</ManufacturerItemDescription>
      <UnitQty>קילוגרמים</UnitQty>
      <Quantity>1.00</Quantity>
      <UnitOfMeasure>ק"ג</UnitOfMeasure>
      <bIsWeighted>1</bIsWeighted>
      <QtyInPackage>לא ידוע</QtyInPackage>
      <ItemPrice>38.90</ItemPrice>
      <UnitOfMeasurePrice>38.9000</UnitOfMeasurePrice>
      <AllowDiscount>1</AllowDiscount>
      <ItemStatus>1</ItemStatus>
      <ItemId>217588</ItemId>
    </Item>
    <Item>
      <PriceUpdateDate>2024-10-30 07:45:55</PriceUpdateDate>
      <ItemCode>7290002680727</ItemCode>
      <ItemType>1</ItemType>
      <ItemName>לב עוף לצליה בלבד</ItemName>
      <ManufacturerName>לא ידוע</ManufacturerName>
      <ManufactureCountry>ישראל</ManufactureCountry>
      <ManufacturerItemDescription>לב עוף לצליה בלבד</ManufacturerItemDescription>
      <UnitQty>קילוגרמים</UnitQty>
      <Quantity>1.00</Quantity>
      <UnitOfMeasure>ק"ג</UnitOfMeasure>
      <bIsWeighted>1</bIsWeighted>
      <QtyInPackage>לא ידוע</QtyInPackage>
      <ItemPrice>37.90</ItemPrice>
      <UnitOfMeasurePrice>37.9000</UnitOfMeasurePrice>
      <AllowDiscount>1</AllowDiscount>
      <ItemStatus>1</ItemStatus>
      <ItemId>217589</ItemId>
    </Item>
    <Item>
      <PriceUpdateDate>2024-10-30 07:45:55</PriceUpdateDate>
      <ItemCode>7290002680826</ItemCode>
      <ItemType>1</ItemType>
      <ItemName>חזה עוף שלם טרי מוכש</ItemName>
      <ManufacturerName>לא ידוע</ManufacturerName>
      <ManufactureCountry>לא ידוע</ManufactureCountry>
      <ManufacturerItemDescription>חזה עוף שלם טרי מוכש</ManufacturerItemDescription>
      <UnitQty>קילוגרמים</UnitQty>
      <Quantity>1.00</Quantity>
      <UnitOfMeasure>ק"ג</UnitOfMeasure>
      <bIsWeighted>1</bIsWeighted>
      <QtyInPackage>לא ידוע</QtyInPackage>
      <ItemPrice>47.90</ItemPrice>
      <UnitOfMeasurePrice>47.9000</UnitOfMeasurePrice>
      <AllowDiscount>1</AllowDiscount>
      <ItemStatus>1</ItemStatus>
      <ItemId>217590</ItemId>
    </Item>
    <Item>
      <PriceUpdateDate>2025-09-02 11:45:52</PriceUpdateDate>
      <ItemCode>7290018440438</ItemCode>
      <ItemType>1</ItemType>
      <ItemName>טונה קלבו בשמן זית א</ItemName>
      <ManufacturerName>קריות זול</ManufacturerName>
      <ManufactureCountry>לא ידוע</ManufactureCountry>
      <ManufacturerItemDescription>טונה קלבו בשמן זית א</ManufacturerItemDescription>
      <UnitQty>לא ידוע</UnitQty>
      <Quantity>195.00</Quantity>
      <UnitOfMeasure>לא ידוע</UnitOfMeasure>
      <bIsWeighted>0</bIsWeighted>
      <QtyInPackage>לא ידוע</QtyInPackage>
      <ItemPrice>30.90</ItemPrice>
      <UnitOfMeasurePrice>0.1585</UnitOfMeasurePrice>
      <AllowDiscount>1</AllowDiscount>
      <ItemStatus>1</ItemStatus>
      <ItemId>239720</ItemId>
    </Item>
    <Item>
      <PriceUpdateDate>2022-05-22 08:41:59</PriceUpdateDate>
      <ItemCode>7290002682707</ItemCode>
      <ItemType>1</ItemType>
      <ItemName>שווארמה הוד טרי</ItemName>
      <ManufacturerName>לא ידוע</ManufacturerName>
      <ManufactureCountry>לא ידוע</ManufactureCountry>
      <ManufacturerItemDescription>שווארמה הוד טרי</ManufacturerItemDescription>
      <UnitQty>קילוגרמים</UnitQty>
      <Quantity>1.00</Quantity>
      <UnitOfMeasure>ק"ג</UnitOfMeasure>
      <bIsWeighted>1</bIsWeighted>
      <QtyInPackage>לא ידוע</QtyInPackage>
      <ItemPrice>74.90</ItemPrice>
      <UnitOfMeasurePrice>74.9000</UnitOfMeasurePrice>
      <AllowDiscount>1</AllowDiscount>
      <ItemStatus>1</ItemStatus>
      <ItemId>217591</ItemId>
    </Item>
    <Item>
      <PriceUpdateDate>2025-01-06 15:55:37</PriceUpdateDate>
      <ItemCode>7290002688297</ItemCode>
      <ItemType>1</ItemType>
      <ItemName>חזה הודו טרי</ItemName>
      <ManufacturerName>לא ידוע</ManufacturerName>
      <ManufactureCountry>ישראל</ManufactureCountry>
      <ManufacturerItemDescription>חזה הודו טרי</ManufacturerItemDescription>
      <UnitQty>קילוגרמים</UnitQty>
      <Quantity>1.00</Quantity>
      <UnitOfMeasure>ק"ג</UnitOfMeasure>
      <bIsWeighted>1</bIsWeighted>
      <QtyInPackage>לא ידוע</QtyInPackage>
      <ItemPrice>42.90</ItemPrice>
      <UnitOfMeasurePrice>42.9000</UnitOfMeasurePrice>
      <AllowDiscount>1</AllowDiscount>
      <ItemStatus>1</ItemStatus>
      <ItemId>217592</ItemId>
    </Item>
    <Item>
      <PriceUpdateDate>2022-05-22 08:41:59</PriceUpdateDate>
      <ItemCode>7290002688693</ItemCode>
      <ItemType>1</ItemType>
      <ItemName>שווארמה הוד טרי</ItemName>
      <ManufacturerName>לא ידוע</ManufacturerName>
      <ManufactureCountry>לא ידוע</ManufactureCountry>
      <ManufacturerItemDescription>שווארמה הוד טרי</ManufacturerItemDescription>
      <UnitQty>קילוגרמים</UnitQty>
      <Quantity>1.00</Quantity>
      <UnitOfMeasure>ק"ג</UnitOfMeasure>
      <bIsWeighted>1</bIsWeighted>
      <QtyInPackage>לא ידוע</QtyInPackage>
      <ItemPrice>74.90</ItemPrice>
      <UnitOfMeasurePrice>74.9000</UnitOfMeasurePrice>
      <AllowDiscount>1</AllowDiscount>
      <ItemStatus>1</ItemStatus>
      <ItemId>217595</ItemId>
    </Item>
    <Item>
      <PriceUpdateDate>2022-05-22 08:41:59</PriceUpdateDate>
      <ItemCode>7290002688709</ItemCode>
      <ItemType>1</ItemType>
      <ItemName>שווארמה הוד טרי</ItemName>
      <ManufacturerName>לא ידוע</ManufacturerName>
      <ManufactureCountry>לא ידוע</ManufactureCountry>
      <ManufacturerItemDescription>שווארמה הוד טרי</ManufacturerItemDescription>
      <UnitQty>קילוגרמים</UnitQty>
      <Quantity>1.00</Quantity>
      <UnitOfMeasure>ק"ג</UnitOfMeasure>
      <bIsWeighted>1</bIsWeighted>
      <QtyInPackage>לא ידוע</QtyInPackage>
      <ItemPrice>74.90</ItemPrice>
      <UnitOfMeasurePrice>74.9000</UnitOfMeasurePrice>
      <AllowDiscount>1</AllowDiscount>
      <ItemStatus>1</ItemStatus>
      <ItemId>217596</ItemId>
    </Item>
    <Item>
      <PriceUpdateDate>2025-09-03 07:27:27</PriceUpdateDate>
      <ItemCode>7290017088822</ItemCode>
      <ItemType>1</ItemType>
      <ItemName>תחבושות בריז אקסטרה</ItemName>
      <ManufacturerName>לא ידוע</ManufacturerName>
      <ManufactureCountry>לא ידוע</ManufactureCountry>
      <ManufacturerItemDescription>תחבושות בריז אקסטרה</ManufacturerItemDescription>
      <UnitQty>יחידה   </UnitQty>
      <Quantity>0.00</Quantity>
      <UnitOfMeasure>יחידה   </UnitOfMeasure>
      <bIsWeighted>0</bIsWeighted>
      <QtyInPackage>לא ידוע</QtyInPackage>
      <ItemPrice>20.90</ItemPrice>
      <UnitOfMeasurePrice>0.0000</UnitOfMeasurePrice>
      <AllowDiscount>1</AllowDiscount>
      <ItemStatus>1</ItemStatus>
      <ItemId>235273</ItemId>
    </Item>
    <Item>
      <PriceUpdateDate>2023-06-01 08:21:59</PriceUpdateDate>
      <ItemCode>7290002688815</ItemCode>
      <ItemType>1</ItemType>
      <ItemName>בשר אדום הודו טרי</ItemName>
      <ManufacturerName>לא ידוע</ManufacturerName>
      <ManufactureCountry>ישראל</ManufactureCountry>
      <ManufacturerItemDescription>בשר אדום הודו טרי</ManufacturerItemDescription>
      <UnitQty>קילוגרמים</UnitQty>
      <Quantity>1.00</Quantity>
      <UnitOfMeasure>ק"ג</UnitOfMeasure>
      <bIsWeighted>1</bIsWeighted>
      <QtyInPackage>לא ידוע</QtyInPackage>
      <ItemPrice>59.90</ItemPrice>
      <UnitOfMeasurePrice>59.9000</UnitOfMeasurePrice>
      <AllowDiscount>1</AllowDiscount>
      <ItemStatus>1</ItemStatus>
      <ItemId>217597</ItemId>
    </Item>
    <Item>
      <PriceUpdateDate>2025-09-07 12:46:30</PriceUpdateDate>
      <ItemCode>9008700111546</ItemCode>
      <ItemType>1</ItemType>
      <ItemName>הפי דיי נקטר דובדבן</ItemName>
      <ManufacturerName>לא ידוע</ManufacturerName>
      <ManufactureCountry>לא ידוע</ManufactureCountry>
      <ManufacturerItemDescription>הפי דיי נקטר דובדבן</ManufacturerItemDescription>
      <UnitQty>לא ידוע</UnitQty>
      <Quantity>1000.00</Quantity>
      <UnitOfMeasure>לא ידוע</UnitOfMeasure>
      <bIsWeighted>0</bIsWeighted>
      <QtyInPackage>לא ידוע</QtyInPackage>
      <ItemPrice>15.90</ItemPrice>
      <UnitOfMeasurePrice>0.0159</UnitOfMeasurePrice>
      <AllowDiscount>1</AllowDiscount>
      <ItemStatus>1</ItemStatus>
      <ItemId>202616</ItemId>
    </Item>
    <Item>
      <PriceUpdateDate>2025-08-19 11:29:00</PriceUpdateDate>
      <ItemCode>7290013906205</ItemCode>
      <ItemType>1</ItemType>
      <ItemName>פסטרמה שום וצ'ילי פי</ItemName>
      <ManufacturerName>לא ידוע</ManufacturerName>
      <ManufactureCountry>לא ידוע</ManufactureCountry>
      <ManufacturerItemDescription>פסטרמה שום וצ'ילי פי</ManufacturerItemDescription>
      <UnitQty>לא ידוע</UnitQty>
      <Quantity>400.00</Quantity>
      <UnitOfMeasure>לא ידוע</UnitOfMeasure>
      <bIsWeighted>0</bIsWeighted>
      <QtyInPackage>לא ידוע</QtyInPackage>
      <ItemPrice>37.90</ItemPrice>
      <UnitOfMeasurePrice>0.0947</UnitOfMeasurePrice>
      <AllowDiscount>1</AllowDiscount>
      <ItemStatus>1</ItemStatus>
      <ItemId>202817</ItemId>
    </Item>
    <Item>
      <PriceUpdateDate>2025-08-31 08:44:50</PriceUpdateDate>
      <ItemCode>7290013145864</ItemCode>
      <ItemType>1</ItemType>
      <ItemName>ג'לטין טהור אבקה 28</ItemName>
      <ManufacturerName>לא ידוע</ManufacturerName>
      <ManufactureCountry>לא ידוע</ManufactureCountry>
      <ManufacturerItemDescription>ג'לטין טהור אבקה 28</ManufacturerItemDescription>
      <UnitQty>לא ידוע</UnitQty>
      <Quantity>28.00</Quantity>
      <UnitOfMeasure>לא ידוע</UnitOfMeasure>
      <bIsWeighted>0</bIsWeighted>
      <QtyInPackage>לא ידוע</QtyInPackage>
      <ItemPrice>14.90</ItemPrice>
      <UnitOfMeasurePrice>0.5321</UnitOfMeasurePrice>
      <AllowDiscount>1</AllowDiscount>
      <ItemStatus>1</ItemStatus>
      <ItemId>248748</ItemId>
    </Item>
    <Item>
      <PriceUpdateDate>2025-09-03 14:12:06</PriceUpdateDate>
      <ItemCode>7290018023037</ItemCode>
      <ItemType>1</ItemType>
      <ItemName>זיתים צ'ימישום סבא ח</ItemName>
      <ManufacturerName>לא ידוע</ManufacturerName>
      <ManufactureCountry>לא ידוע</ManufactureCountry>
      <ManufacturerItemDescription>זיתים צ'ימישום סבא ח</ManufacturerItemDescription>
      <UnitQty>לא ידוע</UnitQty>
      <Quantity>215.00</Quantity>
      <UnitOfMeasure>לא ידוע</UnitOfMeasure>
      <bIsWeighted>0</bIsWeighted>
      <QtyInPackage>לא ידוע</QtyInPackage>
      <ItemPrice>11.90</ItemPrice>
      <UnitOfMeasurePrice>0.0553</UnitOfMeasurePrice>
      <AllowDiscount>1</AllowDiscount>
      <ItemStatus>1</ItemStatus>
      <ItemId>236600</ItemId>
    </Item>
    <Item>
      <PriceUpdateDate>2025-08-19 11:29:03</PriceUpdateDate>
      <ItemCode>7290013906441</ItemCode>
      <ItemType>1</ItemType>
      <ItemName>טירת צבי קבנוס 120 ג</ItemName>
      <ManufacturerName>לא ידוע</ManufacturerName>
      <ManufactureCountry>לא ידוע</ManufactureCountry>
      <ManufacturerItemDescription>טירת צבי קבנוס 120 ג</ManufacturerItemDescription>
      <UnitQty>לא ידוע</UnitQty>
      <Quantity>120.00</Quantity>
      <UnitOfMeasure>לא ידוע</UnitOfMeasure>
      <bIsWeighted>0</bIsWeighted>
      <QtyInPackage>לא ידוע</QtyInPackage>
      <ItemPrice>16.90</ItemPrice>
      <UnitOfMeasurePrice>0.1408</UnitOfMeasurePrice>
      <AllowDiscount>1</AllowDiscount>
      <ItemStatus>1</ItemStatus>
      <ItemId>202819</ItemId>
    </Item>
    <Item>
      <PriceUpdateDate>2025-09-08 07:54:46</PriceUpdateDate>
      <ItemCode>7290019673200</ItemCode>
      <ItemType>1</ItemType>
      <ItemName>מיכל אחסון 1ליטר עם</ItemName>
      <ManufacturerName>לא ידוע</ManufacturerName>
      <ManufactureCountry>לא ידוע</ManufactureCountry>
      <ManufacturerItemDescription>מיכל אחסון 1ליטר עם</ManufacturerItemDescription>
      <UnitQty>יחידה   </UnitQty>
      <Quantity>0.00</Quantity>
      <UnitOfMeasure>יחידה   </UnitOfMeasure>
      <bIsWeighted>0</bIsWeighted>
      <QtyInPackage>לא ידוע</QtyInPackage>
      <ItemPrice>11.90</ItemPrice>
      <UnitOfMeasurePrice>0.0000</UnitOfMeasurePrice>
      <AllowDiscount>1</AllowDiscount>
      <ItemStatus>1</ItemStatus>
      <ItemId>252602</ItemId>
    </Item>
    <Item>
      <PriceUpdateDate>2025-11-23 11:35:34</PriceUpdateDate>
      <ItemCode>7290119382279</ItemCode>
      <ItemType>1</ItemType>
      <ItemName>סוכריות ממולאות ללא</ItemName>
      <ManufacturerName>קריות זול</ManufacturerName>
      <ManufactureCountry>לא ידוע</ManufactureCountry>
      <ManufacturerItemDescription>סוכריות ממולאות ללא</ManufacturerItemDescription>
      <UnitQty>לא ידוע</UnitQty>
      <Quantity>80.00</Quantity>
      <UnitOfMeasure>לא ידוע</UnitOfMeasure>
      <bIsWeighted>0</bIsWeighted>
      <QtyInPackage>לא ידוע</QtyInPackage>
      <ItemPrice>10.50</ItemPrice>
      <UnitOfMeasurePrice>0.1313</UnitOfMeasurePrice>
      <AllowDiscount>1</AllowDiscount>
      <ItemStatus>1</ItemStatus>
      <ItemId>256547</ItemId>
    </Item>
    <Item>
      <PriceUpdateDate>2025-12-23 07:16:24</PriceUpdateDate>
      <ItemCode>7290111565038</ItemCode>
      <ItemType>1</ItemType>
      <ItemName>לה קרמריה וניל קוקיל</ItemName>
      <ManufacturerName>לא ידוע</ManufacturerName>
      <ManufactureCountry>לא ידוע</ManufactureCountry>
      <ManufacturerItemDescription>לה קרמריה וניל קוקיל</ManufacturerItemDescription>
      <UnitQty>לא ידוע</UnitQty>
      <Quantity>1400.00</Quantity>
      <UnitOfMeasure>לא ידוע</UnitOfMeasure>
      <bIsWeighted>0</bIsWeighted>
      <QtyInPackage>לא ידוע</QtyInPackage>
      <ItemPrice>26.90</ItemPrice>
      <UnitOfMeasurePrice>0.0192</UnitOfMeasurePrice>
      <AllowDiscount>1</AllowDiscount>
      <ItemStatus>1</ItemStatus>
      <ItemId>210791</ItemId>
    </Item>
    <Item>
      <PriceUpdateDate>2025-09-07 08:01:16</PriceUpdateDate>
      <ItemCode>80042563</ItemCode>
      <ItemType>1</ItemType>
      <ItemName>מחית עגבניות 700 גרם</ItemName>
      <ManufacturerName>לא ידוע</ManufacturerName>
      <ManufactureCountry>לא ידוע</ManufactureCountry>
      <ManufacturerItemDescription>מחית עגבניות 700 גרם</ManufacturerItemDescription>
      <UnitQty>לא ידוע</UnitQty>
      <Quantity>700.00</Quantity>
      <UnitOfMeasure>לא ידוע</UnitOfMeasure>
      <bIsWeighted>0</bIsWeighted>
      <QtyInPackage>לא ידוע</QtyInPackage>
      <ItemPrice>16.90</ItemPrice>
      <UnitOfMeasurePrice>0.0241</UnitOfMeasurePrice>
      <AllowDiscount>1</AllowDiscount>
      <ItemStatus>1</ItemStatus>
      <ItemId>203051</ItemId>
    </Item>
    <Item>
      <PriceUpdateDate>2025-09-07 08:01:23</PriceUpdateDate>
      <ItemCode>8005110170300</ItemCode>
      <ItemType>1</ItemType>
      <ItemName>עגבניות מרוסקות מוטי</ItemName>
      <ManufacturerName>לא ידוע</ManufacturerName>
      <ManufactureCountry>לא ידוע</ManufactureCountry>
      <ManufacturerItemDescription>עגבניות מרוסקות מוטי</ManufacturerItemDescription>
      <UnitQty>לא ידוע</UnitQty>
      <Quantity>1200.00</Quantity>
      <UnitOfMeasure>לא ידוע</UnitOfMeasure>
      <bIsWeighted>0</bIsWeighted>
      <QtyInPackage>לא ידוע</QtyInPackage>
      <ItemPrice>25.90</ItemPrice>
      <UnitOfMeasurePrice>0.0216</UnitOfMeasurePrice>
      <AllowDiscount>1</AllowDiscount>
      <ItemStatus>1</ItemStatus>
      <ItemId>203069</ItemId>
    </Item>
    <Item>
      <PriceUpdateDate>2025-09-04 11:41:09</PriceUpdateDate>
      <ItemCode>7290109352916</ItemCode>
      <ItemType>1</ItemType>
      <ItemName>פריכיות שוקולד לבן פ</ItemName>
      <ManufacturerName>לא ידוע</ManufacturerName>
      <ManufactureCountry>לא ידוע</ManufactureCountry>
      <ManufacturerItemDescription>פריכיות שוקולד לבן פ</ManufacturerItemDescription>
      <UnitQty>לא ידוע</UnitQty>
      <Quantity>84.00</Quantity>
      <UnitOfMeasure>לא ידוע</UnitOfMeasure>
      <bIsWeighted>0</bIsWeighted>
      <QtyInPackage>לא ידוע</QtyInPackage>
      <ItemPrice>18.90</ItemPrice>
      <UnitOfMeasurePrice>0.2250</UnitOfMeasurePrice>
      <AllowDiscount>1</AllowDiscount>
      <ItemStatus>1</ItemStatus>
      <ItemId>203209</ItemId>
    </Item>
    <Item>
      <PriceUpdateDate>2025-09-07 08:45:09</PriceUpdateDate>
      <ItemCode>8850367992164</ItemCode>
      <ItemType>1</ItemType>
      <ItemName>קרם קוקוס 20-22% 250</ItemName>
      <ManufacturerName>לא ידוע</ManufacturerName>
      <ManufactureCountry>לא ידוע</ManufactureCountry>
      <ManufacturerItemDescription>קרם קוקוס 20-22% 250</ManufacturerItemDescription>
      <UnitQty>לא ידוע</UnitQty>
      <Quantity>250.00</Quantity>
      <UnitOfMeasure>לא ידוע</UnitOfMeasure>
      <bIsWeighted>0</bIsWeighted>
      <QtyInPackage>לא ידוע</QtyInPackage>
      <ItemPrice>10.90</ItemPrice>
      <UnitOfMeasurePrice>0.0436</UnitOfMeasurePrice>
      <AllowDiscount>1</AllowDiscount>
      <ItemStatus>1</ItemStatus>
      <ItemId>203344</ItemId>
    </Item>
    <Item>
      <PriceUpdateDate>2025-08-18 09:17:46</PriceUpdateDate>
      <ItemCode>7290002370055</ItemCode>
      <ItemType>1</ItemType>
      <ItemName>גאודה עיזים ויליפוד</ItemName>
      <ManufacturerName>לא ידוע</ManufacturerName>
      <ManufactureCountry>לא ידוע</ManufactureCountry>
      <ManufacturerItemDescription>גאודה עיזים ויליפוד</ManufacturerItemDescription>
      <UnitQty>קילוגרמים</UnitQty>
      <Quantity>1.00</Quantity>
      <UnitOfMeasure>ק"ג</UnitOfMeasure>
      <bIsWeighted>1</bIsWeighted>
      <QtyInPackage>לא ידוע</QtyInPackage>
      <ItemPrice>140.00</ItemPrice>
      <UnitOfMeasurePrice>140.0000</UnitOfMeasurePrice>
      <AllowDiscount>1</AllowDiscount>
      <ItemStatus>1</ItemStatus>
      <ItemId>203345</ItemId>
    </Item>
    <Item>
      <PriceUpdateDate>2025-08-26 16:06:15</PriceUpdateDate>
      <ItemCode>7613035807778</ItemCode>
      <ItemType>1</ItemType>
      <ItemName>רוטב עגבניות לבולונז</ItemName>
      <ManufacturerName>לא ידוע</ManufacturerName>
      <ManufactureCountry>לא ידוע</ManufactureCountry>
      <ManufacturerItemDescription>רוטב עגבניות לבולונז</ManufacturerItemDescription>
      <UnitQty>לא ידוע</UnitQty>
      <Quantity>400.00</Quantity>
      <UnitOfMeasure>לא ידוע</UnitOfMeasure>
      <bIsWeighted>0</bIsWeighted>
      <QtyInPackage>לא ידוע</QtyInPackage>
      <ItemPrice>14.90</ItemPrice>
      <UnitOfMeasurePrice>0.0373</UnitOfMeasurePrice>
      <AllowDiscount>1</AllowDiscount>
      <ItemStatus>1</ItemStatus>
      <ItemId>203237</ItemId>
    </Item>
    <Item>
      <PriceUpdateDate>2016-09-30 11:14:14</PriceUpdateDate>
      <ItemCode>6985425120028</ItemCode>
      <ItemType>1</ItemType>
      <ItemName>ספוגים רחצה רביעייה</ItemName>
      <ManufacturerName>לא ידוע</ManufacturerName>
      <ManufactureCountry>לא ידוע</ManufactureCountry>
      <ManufacturerItemDescription>ספוגים רחצה רביעייה</ManufacturerItemDescription>
      <UnitQty>יחידה   </UnitQty>
      <Quantity>0.00</Quantity>
      <UnitOfMeasure>יחידה   </UnitOfMeasure>
      <bIsWeighted>0</bIsWeighted>
      <QtyInPackage>לא ידוע</QtyInPackage>
      <ItemPrice>9.90</ItemPrice>
      <UnitOfMeasurePrice>0.0000</UnitOfMeasurePrice>
      <AllowDiscount>1</AllowDiscount>
      <ItemStatus>1</ItemStatus>
      <ItemId>203265</ItemId>
    </Item>
    <Item>
      <PriceUpdateDate>2025-10-23 12:05:22</PriceUpdateDate>
      <ItemCode>7290119382835</ItemCode>
      <ItemType>1</ItemType>
      <ItemName>סו מאץ' ש.חלב במילוי</ItemName>
      <ManufacturerName>קריות זול</ManufacturerName>
      <ManufactureCountry>ישראל</ManufactureCountry>
      <ManufacturerItemDescription>סו מאץ' ש.חלב במילוי</ManufacturerItemDescription>
      <UnitQty>לא ידוע</UnitQty>
      <Quantity>149.00</Quantity>
      <UnitOfMeasure>לא ידוע</UnitOfMeasure>
      <bIsWeighted>0</bIsWeighted>
      <QtyInPackage>לא ידוע</QtyInPackage>
      <ItemPrice>15.90</ItemPrice>
      <UnitOfMeasurePrice>0.1067</UnitOfMeasurePrice>
      <AllowDiscount>1</AllowDiscount>
      <ItemStatus>1</ItemStatus>
      <ItemId>256225</ItemId>
    </Item>
    <Item>
      <PriceUpdateDate>2025-08-19 11:27:06</PriceUpdateDate>
      <ItemCode>7290000101132</ItemCode>
      <ItemType>1</ItemType>
      <ItemName>לקט קטניות לחמין סנפ</ItemName>
      <ManufacturerName>לא ידוע</ManufacturerName>
      <ManufactureCountry>לא ידוע</ManufactureCountry>
      <ManufacturerItemDescription>לקט קטניות לחמין סנפ</ManufacturerItemDescription>
      <UnitQty>לא ידוע</UnitQty>
      <Quantity>800.00</Quantity>
      <UnitOfMeasure>לא ידוע</UnitOfMeasure>
      <bIsWeighted>0</bIsWeighted>
      <QtyInPackage>לא ידוע</QtyInPackage>
      <ItemPrice>25.50</ItemPrice>
      <UnitOfMeasurePrice>0.0319</UnitOfMeasurePrice>
      <AllowDiscount>1</AllowDiscount>
      <ItemStatus>1</ItemStatus>
      <ItemId>203301</ItemId>
    </Item>
    <Item>
      <PriceUpdateDate>2025-08-31 09:22:39</PriceUpdateDate>
      <ItemCode>7290016717099</ItemCode>
      <ItemType>1</ItemType>
      <ItemName>סלקטד קברנה סוביניון</ItemName>
      <ManufacturerName>לא ידוע</ManufacturerName>
      <ManufactureCountry>לא ידוע</ManufactureCountry>
      <ManufacturerItemDescription>סלקטד קברנה סוביניון</ManufacturerItemDescription>
      <UnitQty>לא ידוע</UnitQty>
      <Quantity>750.00</Quantity>
      <UnitOfMeasure>לא ידוע</UnitOfMeasure>
      <bIsWeighted>0</bIsWeighted>
      <QtyInPackage>לא ידוע</QtyInPackage>
      <ItemPrice>35.90</ItemPrice>
      <UnitOfMeasurePrice>0.0479</UnitOfMeasurePrice>
      <AllowDiscount>1</AllowDiscount>
      <ItemStatus>1</ItemStatus>
      <ItemId>203956</ItemId>
    </Item>
    <Item>
      <PriceUpdateDate>2025-09-07 08:06:09</PriceUpdateDate>
      <ItemCode>8690531032377</ItemCode>
      <ItemType>1</ItemType>
      <ItemName>פלפל שיפקונית צנצנת</ItemName>
      <ManufacturerName>לא ידוע</ManufacturerName>
      <ManufactureCountry>לא ידוע</ManufactureCountry>
      <ManufacturerItemDescription>פלפל שיפקונית צנצנת</ManufacturerItemDescription>
      <UnitQty>לא ידוע</UnitQty>
      <Quantity>350.00</Quantity>
      <UnitOfMeasure>לא ידוע</UnitOfMeasure>
      <bIsWeighted>0</bIsWeighted>
      <QtyInPackage>לא ידוע</QtyInPackage>
      <ItemPrice>11.90</ItemPrice>
      <UnitOfMeasurePrice>0.0340</UnitOfMeasurePrice>
      <AllowDiscount>1</AllowDiscount>
      <ItemStatus>1</ItemStatus>
      <ItemId>203971</ItemId>
    </Item>
    <Item>
      <PriceUpdateDate>2025-08-31 08:30:12</PriceUpdateDate>
      <ItemCode>7290006873774</ItemCode>
      <ItemType>1</ItemType>
      <ItemName>יין סמיון לבן חצי יב</ItemName>
      <ManufacturerName>לא ידוע</ManufacturerName>
      <ManufactureCountry>לא ידוע</ManufactureCountry>
      <ManufacturerItemDescription>יין סמיון לבן חצי יב</ManufacturerItemDescription>
      <UnitQty>לא ידוע</UnitQty>
      <Quantity>1000.00</Quantity>
      <UnitOfMeasure>לא ידוע</UnitOfMeasure>
      <bIsWeighted>0</bIsWeighted>
      <QtyInPackage>לא ידוע</QtyInPackage>
      <ItemPrice>26.90</ItemPrice>
      <UnitOfMeasurePrice>0.0269</UnitOfMeasurePrice>
      <AllowDiscount>1</AllowDiscount>
      <ItemStatus>1</ItemStatus>
      <ItemId>217821</ItemId>
    </Item>
    <Item>
      <PriceUpdateDate>2025-08-26 11:42:29</PriceUpdateDate>
      <ItemCode>7290107937634</ItemCode>
      <ItemType>1</ItemType>
      <ItemName>מסטיק מאסט קוביות פפ</ItemName>
      <ManufacturerName>לא ידוע</ManufacturerName>
      <ManufactureCountry>לא ידוע</ManufactureCountry>
      <ManufacturerItemDescription>מסטיק מאסט קוביות פפ</ManufacturerItemDescription>
      <UnitQty>לא ידוע</UnitQty>
      <Quantity>58.00</Quantity>
      <UnitOfMeasure>לא ידוע</UnitOfMeasure>
      <bIsWeighted>0</bIsWeighted>
      <QtyInPackage>לא ידוע</QtyInPackage>
      <ItemPrice>11.90</ItemPrice>
      <UnitOfMeasurePrice>0.2052</UnitOfMeasurePrice>
      <AllowDiscount>1</AllowDiscount>
      <ItemStatus>1</ItemStatus>
      <ItemId>204047</ItemId>
    </Item>
    <Item>
      <PriceUpdateDate>2025-08-21 10:18:30</PriceUpdateDate>
      <ItemCode>7290011723200</ItemCode>
      <ItemType>1</ItemType>
      <ItemName>טחינה הר ברכה 500גר</ItemName>
      <ManufacturerName>לא ידוע</ManufacturerName>
      <ManufactureCountry>לא ידוע</ManufactureCountry>
      <ManufacturerItemDescription>טחינה הר ברכה 500גר</ManufacturerItemDescription>
      <UnitQty>לא ידוע</UnitQty>
      <Quantity>500.00</Quantity>
      <UnitOfMeasure>לא ידוע</UnitOfMeasure>
      <bIsWeighted>0</bIsWeighted>
      <QtyInPackage>לא ידוע</QtyInPackage>
      <ItemPrice>22.90</ItemPrice>
      <UnitOfMeasurePrice>0.0458</UnitOfMeasurePrice>
      <AllowDiscount>1</AllowDiscount>
      <ItemStatus>1</ItemStatus>
      <ItemId>204086</ItemId>
    </Item>
    <Item>
      <PriceUpdateDate>2025-08-31 08:43:48</PriceUpdateDate>
      <ItemCode>7290013542526</ItemCode>
      <ItemType>1</ItemType>
      <ItemName>כוס שתייה חמה 50יח -</ItemName>
      <ManufacturerName>לא ידוע</ManufacturerName>
      <ManufactureCountry>לא ידוע</ManufactureCountry>
      <ManufacturerItemDescription>כוס שתייה חמה 50יח -</ManufacturerItemDescription>
      <UnitQty>יחידה   </UnitQty>
      <Quantity>0.00</Quantity>
      <UnitOfMeasure>יחידה   </UnitOfMeasure>
      <bIsWeighted>0</bIsWeighted>
      <QtyInPackage>לא ידוע</QtyInPackage>
      <ItemPrice>9.90</ItemPrice>
      <UnitOfMeasurePrice>0.0000</UnitOfMeasurePrice>
      <AllowDiscount>1</AllowDiscount>
      <ItemStatus>1</ItemStatus>
      <ItemId>204107</ItemId>
    </Item>
    <Item>
      <PriceUpdateDate>2025-12-01 11:50:25</PriceUpdateDate>
      <ItemCode>8901571011070</ItemCode>
      <ItemType>1</ItemType>
      <ItemName>סנסודיין מברשת שיניי</ItemName>
      <ManufacturerName>לא ידוע</ManufacturerName>
      <ManufactureCountry>לא ידוע</ManufactureCountry>
      <ManufacturerItemDescription>סנסודיין מברשת שיניי</ManufacturerItemDescription>
      <UnitQty>יחידה   </UnitQty>
      <Quantity>0.00</Quantity>
      <UnitOfMeasure>יחידה   </UnitOfMeasure>
      <bIsWeighted>0</bIsWeighted>
      <QtyInPackage>לא ידוע</QtyInPackage>
      <ItemPrice>16.90</ItemPrice>
      <UnitOfMeasurePrice>0.0000</UnitOfMeasurePrice>
      <AllowDiscount>1</AllowDiscount>
      <ItemStatus>1</ItemStatus>
      <ItemId>256672</ItemId>
    </Item>
    <Item>
      <PriceUpdateDate>2025-09-08 07:54:23</PriceUpdateDate>
      <ItemCode>7290016028065</ItemCode>
      <ItemType>1</ItemType>
      <ItemName>קינוחי טירמיסו קטן א</ItemName>
      <ManufacturerName>לא ידוע</ManufacturerName>
      <ManufactureCountry>לא ידוע</ManufactureCountry>
      <ManufacturerItemDescription>קינוחי טירמיסו קטן א</ManufacturerItemDescription>
      <UnitQty>יחידה   </UnitQty>
      <Quantity>0.00</Quantity>
      <UnitOfMeasure>יחידה   </UnitOfMeasure>
      <bIsWeighted>0</bIsWeighted>
      <QtyInPackage>לא ידוע</QtyInPackage>
      <ItemPrice>17.90</ItemPrice>
      <UnitOfMeasurePrice>0.0000</UnitOfMeasurePrice>
      <AllowDiscount>1</AllowDiscount>
      <ItemStatus>1</ItemStatus>
      <ItemId>204164</ItemId>
    </Item>
    <Item>
      <PriceUpdateDate>2025-08-31 10:00:20</PriceUpdateDate>
      <ItemCode>7290107973861</ItemCode>
      <ItemType>1</ItemType>
      <ItemName>עגבניות קצוצות דק מא</ItemName>
      <ManufacturerName>לא ידוע</ManufacturerName>
      <ManufactureCountry>לא ידוע</ManufactureCountry>
      <ManufacturerItemDescription>עגבניות קצוצות דק מא</ManufacturerItemDescription>
      <UnitQty>לא ידוע</UnitQty>
      <Quantity>1200.00</Quantity>
      <UnitOfMeasure>לא ידוע</UnitOfMeasure>
      <bIsWeighted>0</bIsWeighted>
      <QtyInPackage>לא ידוע</QtyInPackage>
      <ItemPrice>20.90</ItemPrice>
      <UnitOfMeasurePrice>0.0174</UnitOfMeasurePrice>
      <AllowDiscount>1</AllowDiscount>
      <ItemStatus>1</ItemStatus>
      <ItemId>204200</ItemId>
    </Item>
    <Item>
      <PriceUpdateDate>2025-08-18 13:59:24</PriceUpdateDate>
      <ItemCode>7290000739247</ItemCode>
      <ItemType>1</ItemType>
      <ItemName>פסטרמה איטלקית זוגלו</ItemName>
      <ManufacturerName>לא ידוע</ManufacturerName>
      <ManufactureCountry>לא ידוע</ManufactureCountry>
      <ManufacturerItemDescription>פסטרמה איטלקית זוגלו</ManufacturerItemDescription>
      <UnitQty>קילוגרמים</UnitQty>
      <Quantity>1.00</Quantity>
      <UnitOfMeasure>ק"ג</UnitOfMeasure>
      <bIsWeighted>1</bIsWeighted>
      <QtyInPackage>לא ידוע</QtyInPackage>
      <ItemPrice>109.00</ItemPrice>
      <UnitOfMeasurePrice>109.0000</UnitOfMeasurePrice>
      <AllowDiscount>1</AllowDiscount>
      <ItemStatus>1</ItemStatus>
      <ItemId>204240</ItemId>
    </Item>
    <Item>
      <PriceUpdateDate>2025-08-26 16:16:15</PriceUpdateDate>
      <ItemCode>7290001407936</ItemCode>
      <ItemType>1</ItemType>
      <ItemName>בארכה טחינה מעודנת 3</ItemName>
      <ManufacturerName>לא ידוע</ManufacturerName>
      <ManufactureCountry>לא ידוע</ManufactureCountry>
      <ManufacturerItemDescription>בארכה טחינה מעודנת 3</ManufacturerItemDescription>
      <UnitQty>לא ידוע</UnitQty>
      <Quantity>310.00</Quantity>
      <UnitOfMeasure>לא ידוע</UnitOfMeasure>
      <bIsWeighted>0</bIsWeighted>
      <QtyInPackage>לא ידוע</QtyInPackage>
      <ItemPrice>15.90</ItemPrice>
      <UnitOfMeasurePrice>0.0513</UnitOfMeasurePrice>
      <AllowDiscount>1</AllowDiscount>
      <ItemStatus>1</ItemStatus>
      <ItemId>204242</ItemId>
    </Item>
    <Item>
      <PriceUpdateDate>2025-09-15 10:20:20</PriceUpdateDate>
      <ItemCode>7290019865735</ItemCode>
      <ItemType>1</ItemType>
      <ItemName>תה שחור תבלינים קמפי</ItemName>
      <ManufacturerName>קריות זול</ManufacturerName>
      <ManufactureCountry>לא ידוע</ManufactureCountry>
      <ManufacturerItemDescription>תה שחור תבלינים קמפי</ManufacturerItemDescription>
      <UnitQty>יחידה   </UnitQty>
      <Quantity>0.00</Quantity>
      <UnitOfMeasure>יחידה   </UnitOfMeasure>
      <bIsWeighted>0</bIsWeighted>
      <QtyInPackage>לא ידוע</QtyInPackage>
      <ItemPrice>19.90</ItemPrice>
      <UnitOfMeasurePrice>0.0000</UnitOfMeasurePrice>
      <AllowDiscount>1</AllowDiscount>
      <ItemStatus>1</ItemStatus>
      <ItemId>255923</ItemId>
    </Item>
    <Item>
      <PriceUpdateDate>2025-12-22 07:53:14</PriceUpdateDate>
      <ItemCode>7290000992381</ItemCode>
      <ItemType>1</ItemType>
      <ItemName>אפרסמון</ItemName>
      <ManufacturerName>לא ידוע</ManufacturerName>
      <ManufactureCountry>ישראל</ManufactureCountry>
      <ManufacturerItemDescription>אפרסמון</ManufacturerItemDescription>
      <UnitQty>קילוגרמים</UnitQty>
      <Quantity>1.00</Quantity>
      <UnitOfMeasure>ק"ג</UnitOfMeasure>
      <bIsWeighted>1</bIsWeighted>
      <QtyInPackage>לא ידוע</QtyInPackage>
      <ItemPrice>18.90</ItemPrice>
      <UnitOfMeasurePrice>18.9000</UnitOfMeasurePrice>
      <AllowDiscount>1</AllowDiscount>
      <ItemStatus>1</ItemStatus>
      <ItemId>204300</ItemId>
    </Item>
    <Item>
      <PriceUpdateDate>2025-10-15 07:52:52</PriceUpdateDate>
      <ItemCode>7290000999350</ItemCode>
      <ItemType>1</ItemType>
      <ItemName>תפוז ארוז ברשת</ItemName>
      <ManufacturerName>לא ידוע</ManufacturerName>
      <ManufactureCountry>ישראל</ManufactureCountry>
      <ManufacturerItemDescription>תפוז ארוז ברשת</ManufacturerItemDescription>
      <UnitQty>קילוגרמים</UnitQty>
      <Quantity>1.00</Quantity>
      <UnitOfMeasure>ק"ג</UnitOfMeasure>
      <bIsWeighted>1</bIsWeighted>
      <QtyInPackage>לא ידוע</QtyInPackage>
      <ItemPrice>5.90</ItemPrice>
      <UnitOfMeasurePrice>5.9000</UnitOfMeasurePrice>
      <AllowDiscount>1</AllowDiscount>
      <ItemStatus>1</ItemStatus>
      <ItemId>204302</ItemId>
    </Item>
    <Item>
      <PriceUpdateDate>2025-04-03 07:24:08</PriceUpdateDate>
      <ItemCode>7290000999361</ItemCode>
      <ItemType>1</ItemType>
      <ItemName>תפו"ע פינק גולד</ItemName>
      <ManufacturerName>לא ידוע</ManufacturerName>
      <ManufactureCountry>ארצות הברית</ManufactureCountry>
      <ManufacturerItemDescription>תפו"ע פינק גולד</ManufacturerItemDescription>
      <UnitQty>קילוגרמים</UnitQty>
      <Quantity>1.00</Quantity>
      <UnitOfMeasure>ק"ג</UnitOfMeasure>
      <bIsWeighted>1</bIsWeighted>
      <QtyInPackage>לא ידוע</QtyInPackage>
      <ItemPrice>15.90</ItemPrice>
      <UnitOfMeasurePrice>15.9000</UnitOfMeasurePrice>
      <AllowDiscount>1</AllowDiscount>
      <ItemStatus>1</ItemStatus>
      <ItemId>204303</ItemId>
    </Item>
    <Item>
      <PriceUpdateDate>2025-11-16 10:55:55</PriceUpdateDate>
      <ItemCode>7290000999752</ItemCode>
      <ItemType>1</ItemType>
      <ItemName>רימון</ItemName>
      <ManufacturerName>לא ידוע</ManufacturerName>
      <ManufactureCountry>ישראל</ManufactureCountry>
      <ManufacturerItemDescription>רימון</ManufacturerItemDescription>
      <UnitQty>קילוגרמים</UnitQty>
      <Quantity>1.00</Quantity>
      <UnitOfMeasure>ק"ג</UnitOfMeasure>
      <bIsWeighted>1</bIsWeighted>
      <QtyInPackage>לא ידוע</QtyInPackage>
      <ItemPrice>12.90</ItemPrice>
      <UnitOfMeasurePrice>12.9000</UnitOfMeasurePrice>
      <AllowDiscount>1</AllowDiscount>
      <ItemStatus>1</ItemStatus>
      <ItemId>204304</ItemId>
    </Item>
    <Item>
      <PriceUpdateDate>2025-11-09 20:09:15</PriceUpdateDate>
      <ItemCode>7290000999819</ItemCode>
      <ItemType>1</ItemType>
      <ItemName>קלמנטינה/מנדרינה</ItemName>
      <ManufacturerName>לא ידוע</ManufacturerName>
      <ManufactureCountry>ישראל</ManufactureCountry>
      <ManufacturerItemDescription>קלמנטינה/מנדרינה</ManufacturerItemDescription>
      <UnitQty>קילוגרמים</UnitQty>
      <Quantity>1.00</Quantity>
      <UnitOfMeasure>ק"ג</UnitOfMeasure>
      <bIsWeighted>1</bIsWeighted>
      <QtyInPackage>לא ידוע</QtyInPackage>
      <ItemPrice>7.90</ItemPrice>
      <UnitOfMeasurePrice>7.9000</UnitOfMeasurePrice>
      <AllowDiscount>1</AllowDiscount>
      <ItemStatus>1</ItemStatus>
      <ItemId>204305</ItemId>
    </Item>
    <Item>
      <PriceUpdateDate>2024-11-18 11:23:45</PriceUpdateDate>
      <ItemCode>7290000999833</ItemCode>
      <ItemType>1</ItemType>
      <ItemName>ברוקולי</ItemName>
      <ManufacturerName>לא ידוע</ManufacturerName>
      <ManufactureCountry>ישראל</ManufactureCountry>
      <ManufacturerItemDescription>ברוקולי</ManufacturerItemDescription>
      <UnitQty>יחידה   </UnitQty>
      <Quantity>0.00</Quantity>
      <UnitOfMeasure>יחידה   </UnitOfMeasure>
      <bIsWeighted>0</bIsWeighted>
      <QtyInPackage>לא ידוע</QtyInPackage>
      <ItemPrice>6.90</ItemPrice>
      <UnitOfMeasurePrice>0.0000</UnitOfMeasurePrice>
      <AllowDiscount>1</AllowDiscount>
      <ItemStatus>1</ItemStatus>
      <ItemId>204306</ItemId>
    </Item>
    <Item>
      <PriceUpdateDate>2025-12-24 07:27:36</PriceUpdateDate>
      <ItemCode>7290000999896</ItemCode>
      <ItemType>1</ItemType>
      <ItemName>ענבים אדום</ItemName>
      <ManufacturerName>לא ידוע</ManufacturerName>
      <ManufactureCountry>פרו</ManufactureCountry>
      <ManufacturerItemDescription>ענבים אדום</ManufacturerItemDescription>
      <UnitQty>קילוגרמים</UnitQty>
      <Quantity>1.00</Quantity>
      <UnitOfMeasure>ק"ג</UnitOfMeasure>
      <bIsWeighted>1</bIsWeighted>
      <QtyInPackage>לא ידוע</QtyInPackage>
      <ItemPrice>36.90</ItemPrice>
      <UnitOfMeasurePrice>36.9000</UnitOfMeasurePrice>
      <AllowDiscount>1</AllowDiscount>
      <ItemStatus>1</ItemStatus>
      <ItemId>204308</ItemId>
    </Item>
    <Item>
      <PriceUpdateDate>2025-10-12 08:51:18</PriceUpdateDate>
      <ItemCode>7290000999901</ItemCode>
      <ItemType>1</ItemType>
      <ItemName>עגבניה  אשכולות</ItemName>
      <ManufacturerName>לא ידוע</ManufacturerName>
      <ManufactureCountry>ישראל</ManufactureCountry>
      <ManufacturerItemDescription>עגבניה  אשכולות</ManufacturerItemDescription>
      <UnitQty>קילוגרמים</UnitQty>
      <Quantity>1.00</Quantity>
      <UnitOfMeasure>ק"ג</UnitOfMeasure>
      <bIsWeighted>1</bIsWeighted>
      <QtyInPackage>לא ידוע</QtyInPackage>
      <ItemPrice>8.90</ItemPrice>
      <UnitOfMeasurePrice>8.9000</UnitOfMeasurePrice>
      <AllowDiscount>1</AllowDiscount>
      <ItemStatus>1</ItemStatus>
      <ItemId>204309</ItemId>
    </Item>
    <Item>
      <PriceUpdateDate>2025-05-26 15:01:55</PriceUpdateDate>
      <ItemCode>7290000999902</ItemCode>
      <ItemType>1</ItemType>
      <ItemName>עגבניה שרי</ItemName>
      <ManufacturerName>לא ידוע</ManufacturerName>
      <ManufactureCountry>ישראל</ManufactureCountry>
      <ManufacturerItemDescription>עגבניה שרי</ManufacturerItemDescription>
      <UnitQty>קילוגרמים</UnitQty>
      <Quantity>1.00</Quantity>
      <UnitOfMeasure>ק"ג</UnitOfMeasure>
      <bIsWeighted>1</bIsWeighted>
      <QtyInPackage>לא ידוע</QtyInPackage>
      <ItemPrice>17.90</ItemPrice>
      <UnitOfMeasurePrice>17.9000</UnitOfMeasurePrice>
      <AllowDiscount>1</AllowDiscount>
      <ItemStatus>1</ItemStatus>
      <ItemId>204310</ItemId>
    </Item>
    <Item>
      <PriceUpdateDate>2025-12-11 09:00:21</PriceUpdateDate>
      <ItemCode>7290000999903</ItemCode>
      <ItemType>1</ItemType>
      <ItemName>מלפפון</ItemName>
      <ManufacturerName>לא ידוע</ManufacturerName>
      <ManufactureCountry>ישראל</ManufactureCountry>
      <ManufacturerItemDescription>מלפפון</ManufacturerItemDescription>
      <UnitQty>קילוגרמים</UnitQty>
      <Quantity>1.00</Quantity>
      <UnitOfMeasure>ק"ג</UnitOfMeasure>
      <bIsWeighted>1</bIsWeighted>
      <QtyInPackage>לא ידוע</QtyInPackage>
      <ItemPrice>7.90</ItemPrice>
      <UnitOfMeasurePrice>7.9000</UnitOfMeasurePrice>
      <AllowDiscount>1</AllowDiscount>
      <ItemStatus>1</ItemStatus>
      <ItemId>204311</ItemId>
    </Item>
    <Item>
      <PriceUpdateDate>2025-09-30 14:10:36</PriceUpdateDate>
      <ItemCode>7290000999906</ItemCode>
      <ItemType>1</ItemType>
      <ItemName>פלפל אדום</ItemName>
      <ManufacturerName>לא ידוע</ManufacturerName>
      <ManufactureCountry>ישראל</ManufactureCountry>
      <ManufacturerItemDescription>פלפל אדום</ManufacturerItemDescription>
      <UnitQty>קילוגרמים</UnitQty>
      <Quantity>1.00</Quantity>
      <UnitOfMeasure>ק"ג</UnitOfMeasure>
      <bIsWeighted>1</bIsWeighted>
      <QtyInPackage>לא ידוע</QtyInPackage>
      <ItemPrice>9.90</ItemPrice>
      <UnitOfMeasurePrice>9.9000</UnitOfMeasurePrice>
      <AllowDiscount>1</AllowDiscount>
      <ItemStatus>1</ItemStatus>
      <ItemId>204312</ItemId>
    </Item>
    <Item>
      <PriceUpdateDate>2025-08-31 12:45:04</PriceUpdateDate>
      <ItemCode>7290000999908</ItemCode>
      <ItemType>1</ItemType>
      <ItemName>פלפל חריף</ItemName>
      <ManufacturerName>לא ידוע</ManufacturerName>
      <ManufactureCountry>ישראל</ManufactureCountry>
      <ManufacturerItemDescription>פלפל חריף</ManufacturerItemDescription>
      <UnitQty>קילוגרמים</UnitQty>
      <Quantity>1.00</Quantity>
      <UnitOfMeasure>ק"ג</UnitOfMeasure>
      <bIsWeighted>1</bIsWeighted>
      <QtyInPackage>לא ידוע</QtyInPackage>
      <ItemPrice>11.90</ItemPrice>
      <UnitOfMeasurePrice>11.9000</UnitOfMeasurePrice>
      <AllowDiscount>1</AllowDiscount>
      <ItemStatus>1</ItemStatus>
      <ItemId>204313</ItemId>
    </Item>
    <Item>
      <PriceUpdateDate>2025-12-17 12:22:10</PriceUpdateDate>
      <ItemCode>7290000999909</ItemCode>
      <ItemType>1</ItemType>
      <ItemName>כרוב לבן</ItemName>
      <ManufacturerName>לא ידוע</ManufacturerName>
      <ManufactureCountry>ישראל</ManufactureCountry>
      <ManufacturerItemDescription>כרוב לבן</ManufacturerItemDescription>
      <UnitQty>קילוגרמים</UnitQty>
      <Quantity>1.00</Quantity>
      <UnitOfMeasure>ק"ג</UnitOfMeasure>
      <bIsWeighted>1</bIsWeighted>
      <QtyInPackage>לא ידוע</QtyInPackage>
      <ItemPrice>5.90</ItemPrice>
      <UnitOfMeasurePrice>5.9000</UnitOfMeasurePrice>
      <AllowDiscount>1</AllowDiscount>
      <ItemStatus>1</ItemStatus>
      <ItemId>204314</ItemId>
    </Item>
    <Item>
      <PriceUpdateDate>2025-10-15 07:52:52</PriceUpdateDate>
      <ItemCode>7290000999911</ItemCode>
      <ItemType>1</ItemType>
      <ItemName>כרובית</ItemName>
      <ManufacturerName>לא ידוע</ManufacturerName>
      <ManufactureCountry>ישראל</ManufactureCountry>
      <ManufacturerItemDescription>כרובית</ManufacturerItemDescription>
      <UnitQty>קילוגרמים</UnitQty>
      <Quantity>1.00</Quantity>
      <UnitOfMeasure>ק"ג</UnitOfMeasure>
      <bIsWeighted>1</bIsWeighted>
      <QtyInPackage>לא ידוע</QtyInPackage>
      <ItemPrice>11.90</ItemPrice>
      <UnitOfMeasurePrice>11.9000</UnitOfMeasurePrice>
      <AllowDiscount>1</AllowDiscount>
      <ItemStatus>1</ItemStatus>
      <ItemId>204315</ItemId>
    </Item>
    <Item>
      <PriceUpdateDate>2025-12-22 07:53:14</PriceUpdateDate>
      <ItemCode>7290000999912</ItemCode>
      <ItemType>1</ItemType>
      <ItemName>קישואים</ItemName>
      <ManufacturerName>לא ידוע</ManufacturerName>
      <ManufactureCountry>ישראל</ManufactureCountry>
      <ManufacturerItemDescription>קישואים</ManufacturerItemDescription>
      <UnitQty>קילוגרמים</UnitQty>
      <Quantity>1.00</Quantity>
      <UnitOfMeasure>ק"ג</UnitOfMeasure>
      <bIsWeighted>1</bIsWeighted>
      <QtyInPackage>לא ידוע</QtyInPackage>
      <ItemPrice>9.90</ItemPrice>
      <UnitOfMeasurePrice>9.9000</UnitOfMeasurePrice>
      <AllowDiscount>1</AllowDiscount>
      <ItemStatus>1</ItemStatus>
      <ItemId>204316</ItemId>
    </Item>
    <Item>
      <PriceUpdateDate>2025-11-04 12:08:59</PriceUpdateDate>
      <ItemCode>7290000999913</ItemCode>
      <ItemType>1</ItemType>
      <ItemName>חציל</ItemName>
      <ManufacturerName>לא ידוע</ManufacturerName>
      <ManufactureCountry>ישראל</ManufactureCountry>
      <ManufacturerItemDescription>חציל</ManufacturerItemDescription>
      <UnitQty>קילוגרמים</UnitQty>
      <Quantity>1.00</Quantity>
      <UnitOfMeasure>ק"ג</UnitOfMeasure>
      <bIsWeighted>1</bIsWeighted>
      <QtyInPackage>לא ידוע</QtyInPackage>
      <ItemPrice>6.90</ItemPrice>
      <UnitOfMeasurePrice>6.9000</UnitOfMeasurePrice>
      <AllowDiscount>1</AllowDiscount>
      <ItemStatus>1</ItemStatus>
      <ItemId>204317</ItemId>
    </Item>
    <Item>
      <PriceUpdateDate>2023-11-16 10:06:27</PriceUpdateDate>
      <ItemCode>7290000999914</ItemCode>
      <ItemType>1</ItemType>
      <ItemName>גזר ארוז</ItemName>
      <ManufacturerName>לא ידוע</ManufacturerName>
      <ManufactureCountry>ישראל</ManufactureCountry>
      <ManufacturerItemDescription>גזר ארוז</ManufacturerItemDescription>
      <UnitQty>קילוגרמים</UnitQty>
      <Quantity>1.00</Quantity>
      <UnitOfMeasure>ק"ג</UnitOfMeasure>
      <bIsWeighted>1</bIsWeighted>
      <QtyInPackage>לא ידוע</QtyInPackage>
      <ItemPrice>4.90</ItemPrice>
      <UnitOfMeasurePrice>4.9000</UnitOfMeasurePrice>
      <AllowDiscount>1</AllowDiscount>
      <ItemStatus>1</ItemStatus>
      <ItemId>204318</ItemId>
    </Item>
    <Item>
      <PriceUpdateDate>2017-08-28 14:01:27</PriceUpdateDate>
      <ItemCode>7290000999915</ItemCode>
      <ItemType>1</ItemType>
      <ItemName>צנונית ארוזה</ItemName>
      <ManufacturerName>לא ידוע</ManufacturerName>
      <ManufactureCountry>ישראל</ManufactureCountry>
      <ManufacturerItemDescription>צנונית ארוזה</ManufacturerItemDescription>
      <UnitQty>לא ידוע</UnitQty>
      <Quantity>1000.00</Quantity>
      <UnitOfMeasure>לא ידוע</UnitOfMeasure>
      <bIsWeighted>0</bIsWeighted>
      <QtyInPackage>לא ידוע</QtyInPackage>
      <ItemPrice>5.90</ItemPrice>
      <UnitOfMeasurePrice>0.0059</UnitOfMeasurePrice>
      <AllowDiscount>1</AllowDiscount>
      <ItemStatus>1</ItemStatus>
      <ItemId>204319</ItemId>
    </Item>
    <Item>
      <PriceUpdateDate>2025-07-28 11:50:34</PriceUpdateDate>
      <ItemCode>7290000999917</ItemCode>
      <ItemType>1</ItemType>
      <ItemName>בטטה</ItemName>
      <ManufacturerName>לא ידוע</ManufacturerName>
      <ManufactureCountry>ישראל</ManufactureCountry>
      <ManufacturerItemDescription>בטטה</ManufacturerItemDescription>
      <UnitQty>קילוגרמים</UnitQty>
      <Quantity>1.00</Quantity>
      <UnitOfMeasure>ק"ג</UnitOfMeasure>
      <bIsWeighted>1</bIsWeighted>
      <QtyInPackage>לא ידוע</QtyInPackage>
      <ItemPrice>8.90</ItemPrice>
      <UnitOfMeasurePrice>8.9000</UnitOfMeasurePrice>
      <AllowDiscount>1</AllowDiscount>
      <ItemStatus>1</ItemStatus>
      <ItemId>204320</ItemId>
    </Item>
    <Item>
      <PriceUpdateDate>2025-12-17 12:34:42</PriceUpdateDate>
      <ItemCode>7290015282604</ItemCode>
      <ItemType>1</ItemType>
      <ItemName>טחינה מיוחדת 200 גר</ItemName>
      <ManufacturerName>לא ידוע</ManufacturerName>
      <ManufactureCountry>לא ידוע</ManufactureCountry>
      <ManufacturerItemDescription>טחינה מיוחדת 200 גר</ManufacturerItemDescription>
      <UnitQty>לא ידוע</UnitQty>
      <Quantity>200.00</Quantity>
      <UnitOfMeasure>לא ידוע</UnitOfMeasure>
      <bIsWeighted>0</bIsWeighted>
      <QtyInPackage>לא ידוע</QtyInPackage>
      <ItemPrice>12.90</ItemPrice>
      <UnitOfMeasurePrice>0.0645</UnitOfMeasurePrice>
      <AllowDiscount>1</AllowDiscount>
      <ItemStatus>1</ItemStatus>
      <ItemId>207051</ItemId>
    </Item>
    <Item>
      <PriceUpdateDate>2025-09-07 08:06:19</PriceUpdateDate>
      <ItemCode>7290016818635</ItemCode>
      <ItemType>1</ItemType>
      <ItemName>רביולי גבינות  300 ג</ItemName>
      <ManufacturerName>קריות זול</ManufacturerName>
      <ManufactureCountry>לא ידוע</ManufactureCountry>
      <ManufacturerItemDescription>רביולי גבינות  300 ג</ManufacturerItemDescription>
      <UnitQty>לא ידוע</UnitQty>
      <Quantity>300.00</Quantity>
      <UnitOfMeasure>לא ידוע</UnitOfMeasure>
      <bIsWeighted>0</bIsWeighted>
      <QtyInPackage>לא ידוע</QtyInPackage>
      <ItemPrice>22.90</ItemPrice>
      <UnitOfMeasurePrice>0.0763</UnitOfMeasurePrice>
      <AllowDiscount>1</AllowDiscount>
      <ItemStatus>1</ItemStatus>
      <ItemId>254372</ItemId>
    </Item>
    <Item>
      <PriceUpdateDate>2025-09-07 12:46:24</PriceUpdateDate>
      <ItemCode>90087547</ItemCode>
      <ItemType>1</ItemType>
      <ItemName>מיץ הפי עגבניות 1 לי</ItemName>
      <ManufacturerName>לא ידוע</ManufacturerName>
      <ManufactureCountry>לא ידוע</ManufactureCountry>
      <ManufacturerItemDescription>מיץ הפי עגבניות 1 לי</ManufacturerItemDescription>
      <UnitQty>לא ידוע</UnitQty>
      <Quantity>1000.00</Quantity>
      <UnitOfMeasure>לא ידוע</UnitOfMeasure>
      <bIsWeighted>0</bIsWeighted>
      <QtyInPackage>לא ידוע</QtyInPackage>
      <ItemPrice>15.90</ItemPrice>
      <UnitOfMeasurePrice>0.0159</UnitOfMeasurePrice>
      <AllowDiscount>1</AllowDiscount>
      <ItemStatus>1</ItemStatus>
      <ItemId>212803</ItemId>
    </Item>
    <Item>
      <PriceUpdateDate>2025-11-19 12:50:19</PriceUpdateDate>
      <ItemCode>7290000999925</ItemCode>
      <ItemType>1</ItemType>
      <ItemName>תפו"א לבן</ItemName>
      <ManufacturerName>לא ידוע</ManufacturerName>
      <ManufactureCountry>ישראל</ManufactureCountry>
      <ManufacturerItemDescription>תפו"א לבן</ManufacturerItemDescription>
      <UnitQty>קילוגרמים</UnitQty>
      <Quantity>1.00</Quantity>
      <UnitOfMeasure>ק"ג</UnitOfMeasure>
      <bIsWeighted>1</bIsWeighted>
      <QtyInPackage>לא ידוע</QtyInPackage>
      <ItemPrice>4.90</ItemPrice>
      <UnitOfMeasurePrice>4.9000</UnitOfMeasurePrice>
      <AllowDiscount>1</AllowDiscount>
      <ItemStatus>1</ItemStatus>
      <ItemId>204321</ItemId>
    </Item>
    <Item>
      <PriceUpdateDate>2025-11-19 12:50:20</PriceUpdateDate>
      <ItemCode>7290000999926</ItemCode>
      <ItemType>1</ItemType>
      <ItemName>תפו"א אדום</ItemName>
      <ManufacturerName>לא ידוע</ManufacturerName>
      <ManufactureCountry>ישראל</ManufactureCountry>
      <ManufacturerItemDescription>תפו"א אדום</ManufacturerItemDescription>
      <UnitQty>קילוגרמים</UnitQty>
      <Quantity>1.00</Quantity>
      <UnitOfMeasure>ק"ג</UnitOfMeasure>
      <bIsWeighted>1</bIsWeighted>
      <QtyInPackage>לא ידוע</QtyInPackage>
      <ItemPrice>5.90</ItemPrice>
      <UnitOfMeasurePrice>5.9000</UnitOfMeasurePrice>
      <AllowDiscount>1</AllowDiscount>
      <ItemStatus>1</ItemStatus>
      <ItemId>204322</ItemId>
    </Item>
    <Item>
      <PriceUpdateDate>2025-10-15 07:52:53</PriceUpdateDate>
      <ItemCode>7290000999934</ItemCode>
      <ItemType>1</ItemType>
      <ItemName>עגבניה שרי תמר</ItemName>
      <ManufacturerName>לא ידוע</ManufacturerName>
      <ManufactureCountry>ישראל</ManufactureCountry>
      <ManufacturerItemDescription>עגבניה שרי תמר</ManufacturerItemDescription>
      <UnitQty>קילוגרמים</UnitQty>
      <Quantity>1.00</Quantity>
      <UnitOfMeasure>ק"ג</UnitOfMeasure>
      <bIsWeighted>1</bIsWeighted>
      <QtyInPackage>לא ידוע</QtyInPackage>
      <ItemPrice>26.90</ItemPrice>
      <UnitOfMeasurePrice>26.9000</UnitOfMeasurePrice>
      <AllowDiscount>1</AllowDiscount>
      <ItemStatus>1</ItemStatus>
      <ItemId>204323</ItemId>
    </Item>
    <Item>
      <PriceUpdateDate>2025-09-14 07:50:31</PriceUpdateDate>
      <ItemCode>7290000999936</ItemCode>
      <ItemType>1</ItemType>
      <ItemName>תירס</ItemName>
      <ManufacturerName>לא ידוע</ManufacturerName>
      <ManufactureCountry>ישראל</ManufactureCountry>
      <ManufacturerItemDescription>תירס</ManufacturerItemDescription>
      <UnitQty>קילוגרמים</UnitQty>
      <Quantity>1.00</Quantity>
      <UnitOfMeasure>ק"ג</UnitOfMeasure>
      <bIsWeighted>1</bIsWeighted>
      <QtyInPackage>לא ידוע</QtyInPackage>
      <ItemPrice>9.90</ItemPrice>
      <UnitOfMeasurePrice>9.9000</UnitOfMeasurePrice>
      <AllowDiscount>1</AllowDiscount>
      <ItemStatus>1</ItemStatus>
      <ItemId>204324</ItemId>
    </Item>
    <Item>
      <PriceUpdateDate>2023-07-12 11:42:57</PriceUpdateDate>
      <ItemCode>7290000999942</ItemCode>
      <ItemType>1</ItemType>
      <ItemName>תפו'ע זהוב</ItemName>
      <ManufacturerName>לא ידוע</ManufacturerName>
      <ManufactureCountry>איטליה</ManufactureCountry>
      <ManufacturerItemDescription>תפו'ע זהוב</ManufacturerItemDescription>
      <UnitQty>קילוגרמים</UnitQty>
      <Quantity>1.00</Quantity>
      <UnitOfMeasure>ק"ג</UnitOfMeasure>
      <bIsWeighted>1</bIsWeighted>
      <QtyInPackage>לא ידוע</QtyInPackage>
      <ItemPrice>11.90</ItemPrice>
      <UnitOfMeasurePrice>11.9000</UnitOfMeasurePrice>
      <AllowDiscount>1</AllowDiscount>
      <ItemStatus>1</ItemStatus>
      <ItemId>204325</ItemId>
    </Item>
    <Item>
      <PriceUpdateDate>2025-04-27 12:59:14</PriceUpdateDate>
      <ItemCode>7290000999943</ItemCode>
      <ItemType>1</ItemType>
      <ItemName>תפו'ע סמיט</ItemName>
      <ManufacturerName>לא ידוע</ManufacturerName>
      <ManufactureCountry>איטליה</ManufactureCountry>
      <ManufacturerItemDescription>תפו'ע סמיט</ManufacturerItemDescription>
      <UnitQty>קילוגרמים</UnitQty>
      <Quantity>1.00</Quantity>
      <UnitOfMeasure>ק"ג</UnitOfMeasure>
      <bIsWeighted>1</bIsWeighted>
      <QtyInPackage>לא ידוע</QtyInPackage>
      <ItemPrice>12.90</ItemPrice>
      <UnitOfMeasurePrice>12.9000</UnitOfMeasurePrice>
      <AllowDiscount>1</AllowDiscount>
      <ItemStatus>1</ItemStatus>
      <ItemId>204326</ItemId>
    </Item>
    <Item>
      <PriceUpdateDate>2023-12-27 14:15:50</PriceUpdateDate>
      <ItemCode>7290000999944</ItemCode>
      <ItemType>1</ItemType>
      <ItemName>תפו'ע חרמון/גלה</ItemName>
      <ManufacturerName>לא ידוע</ManufacturerName>
      <ManufactureCountry>איטליה</ManufactureCountry>
      <ManufacturerItemDescription>תפו'ע חרמון/גלה</ManufacturerItemDescription>
      <UnitQty>קילוגרמים</UnitQty>
      <Quantity>1.00</Quantity>
      <UnitOfMeasure>ק"ג</UnitOfMeasure>
      <bIsWeighted>1</bIsWeighted>
      <QtyInPackage>לא ידוע</QtyInPackage>
      <ItemPrice>11.90</ItemPrice>
      <UnitOfMeasurePrice>11.9000</UnitOfMeasurePrice>
      <AllowDiscount>1</AllowDiscount>
      <ItemStatus>1</ItemStatus>
      <ItemId>204327</ItemId>
    </Item>
    <Item>
      <PriceUpdateDate>2025-04-21 07:37:08</PriceUpdateDate>
      <ItemCode>7290000999945</ItemCode>
      <ItemType>1</ItemType>
      <ItemName>אגס</ItemName>
      <ManufacturerName>לא ידוע</ManufacturerName>
      <ManufactureCountry>ארגנטינה</ManufactureCountry>
      <ManufacturerItemDescription>אגס</ManufacturerItemDescription>
      <UnitQty>קילוגרמים</UnitQty>
      <Quantity>1.00</Quantity>
      <UnitOfMeasure>ק"ג</UnitOfMeasure>
      <bIsWeighted>1</bIsWeighted>
      <QtyInPackage>לא ידוע</QtyInPackage>
      <ItemPrice>16.90</ItemPrice>
      <UnitOfMeasurePrice>16.9000</UnitOfMeasurePrice>
      <AllowDiscount>1</AllowDiscount>
      <ItemStatus>1</ItemStatus>
      <ItemId>204328</ItemId>
    </Item>
    <Item>
      <PriceUpdateDate>2025-11-24 11:49:07</PriceUpdateDate>
      <ItemCode>7290000999953</ItemCode>
      <ItemType>1</ItemType>
      <ItemName>לימון</ItemName>
      <ManufacturerName>לא ידוע</ManufacturerName>
      <ManufactureCountry>ישראל</ManufactureCountry>
      <ManufacturerItemDescription>לימון</ManufacturerItemDescription>
      <UnitQty>קילוגרמים</UnitQty>
      <Quantity>1.00</Quantity>
      <UnitOfMeasure>ק"ג</UnitOfMeasure>
      <bIsWeighted>1</bIsWeighted>
      <QtyInPackage>לא ידוע</QtyInPackage>
      <ItemPrice>8.90</ItemPrice>
      <UnitOfMeasurePrice>8.9000</UnitOfMeasurePrice>
      <AllowDiscount>1</AllowDiscount>
      <ItemStatus>1</ItemStatus>
      <ItemId>204330</ItemId>
    </Item>
    <Item>
      <PriceUpdateDate>2025-11-30 11:30:17</PriceUpdateDate>
      <ItemCode>7290000999957</ItemCode>
      <ItemType>1</ItemType>
      <ItemName>אבוקדו</ItemName>
      <ManufacturerName>לא ידוע</ManufacturerName>
      <ManufactureCountry>ישראל</ManufactureCountry>
      <ManufacturerItemDescription>אבוקדו</ManufacturerItemDescription>
      <UnitQty>קילוגרמים</UnitQty>
      <Quantity>1.00</Quantity>
      <UnitOfMeasure>ק"ג</UnitOfMeasure>
      <bIsWeighted>1</bIsWeighted>
      <QtyInPackage>לא ידוע</QtyInPackage>
      <ItemPrice>12.90</ItemPrice>
      <UnitOfMeasurePrice>12.9000</UnitOfMeasurePrice>
      <AllowDiscount>1</AllowDiscount>
      <ItemStatus>1</ItemStatus>
      <ItemId>204331</ItemId>
    </Item>
    <Item>
      <PriceUpdateDate>2025-07-08 09:03:00</PriceUpdateDate>
      <ItemCode>7290000999961</ItemCode>
      <ItemType>1</ItemType>
      <ItemName>שומר</ItemName>
      <ManufacturerName>לא ידוע</ManufacturerName>
      <ManufactureCountry>ישראל</ManufactureCountry>
      <ManufacturerItemDescription>שומר</ManufacturerItemDescription>
      <UnitQty>קילוגרמים</UnitQty>
      <Quantity>1.00</Quantity>
      <UnitOfMeasure>ק"ג</UnitOfMeasure>
      <bIsWeighted>1</bIsWeighted>
      <QtyInPackage>לא ידוע</QtyInPackage>
      <ItemPrice>8.90</ItemPrice>
      <UnitOfMeasurePrice>8.9000</UnitOfMeasurePrice>
      <AllowDiscount>1</AllowDiscount>
      <ItemStatus>1</ItemStatus>
      <ItemId>204332</ItemId>
    </Item>
    <Item>
      <PriceUpdateDate>2025-10-12 12:12:52</PriceUpdateDate>
      <ItemCode>7290000999988</ItemCode>
      <ItemType>1</ItemType>
      <ItemName>תפוז</ItemName>
      <ManufacturerName>לא ידוע</ManufacturerName>
      <ManufactureCountry>ישראל</ManufactureCountry>
      <ManufacturerItemDescription>תפוז</ManufacturerItemDescription>
      <UnitQty>קילוגרמים</UnitQty>
      <Quantity>1.00</Quantity>
      <UnitOfMeasure>ק"ג</UnitOfMeasure>
      <bIsWeighted>1</bIsWeighted>
      <QtyInPackage>לא ידוע</QtyInPackage>
      <ItemPrice>6.90</ItemPrice>
      <UnitOfMeasurePrice>6.9000</UnitOfMeasurePrice>
      <AllowDiscount>1</AllowDiscount>
      <ItemStatus>1</ItemStatus>
      <ItemId>204333</ItemId>
    </Item>
    <Item>
      <PriceUpdateDate>2025-11-24 11:49:13</PriceUpdateDate>
      <ItemCode>7290000999989</ItemCode>
      <ItemType>1</ItemType>
      <ItemName>ארטישוק</ItemName>
      <ManufacturerName>לא ידוע</ManufacturerName>
      <ManufactureCountry>ישראל</ManufactureCountry>
      <ManufacturerItemDescription>ארטישוק</ManufacturerItemDescription>
      <UnitQty>קילוגרמים</UnitQty>
      <Quantity>1.00</Quantity>
      <UnitOfMeasure>ק"ג</UnitOfMeasure>
      <bIsWeighted>1</bIsWeighted>
      <QtyInPackage>לא ידוע</QtyInPackage>
      <ItemPrice>24.90</ItemPrice>
      <UnitOfMeasurePrice>24.9000</UnitOfMeasurePrice>
      <AllowDiscount>1</AllowDiscount>
      <ItemStatus>1</ItemStatus>
      <ItemId>204334</ItemId>
    </Item>
    <Item>
      <PriceUpdateDate>2025-10-29 10:13:06</PriceUpdateDate>
      <ItemCode>7290000999955</ItemCode>
      <ItemType>1</ItemType>
      <ItemName>קולורבי</ItemName>
      <ManufacturerName>לא ידוע</ManufacturerName>
      <ManufactureCountry>ישראל</ManufactureCountry>
      <ManufacturerItemDescription>קולורבי</ManufacturerItemDescription>
      <UnitQty>קילוגרמים</UnitQty>
      <Quantity>1.00</Quantity>
      <UnitOfMeasure>ק"ג</UnitOfMeasure>
      <bIsWeighted>1</bIsWeighted>
      <QtyInPackage>לא ידוע</QtyInPackage>
      <ItemPrice>7.90</ItemPrice>
      <UnitOfMeasurePrice>7.9000</UnitOfMeasurePrice>
      <AllowDiscount>1</AllowDiscount>
      <ItemStatus>1</ItemStatus>
      <ItemId>204337</ItemId>
    </Item>
    <Item>
      <PriceUpdateDate>2025-06-24 17:56:21</PriceUpdateDate>
      <ItemCode>7290000999916</ItemCode>
      <ItemType>1</ItemType>
      <ItemName>סלק</ItemName>
      <ManufacturerName>לא ידוע</ManufacturerName>
      <ManufactureCountry>ליטא</ManufactureCountry>
      <ManufacturerItemDescription>סלק</ManufacturerItemDescription>
      <UnitQty>קילוגרמים</UnitQty>
      <Quantity>1.00</Quantity>
      <UnitOfMeasure>ק"ג</UnitOfMeasure>
      <bIsWeighted>1</bIsWeighted>
      <QtyInPackage>לא ידוע</QtyInPackage>
      <ItemPrice>4.90</ItemPrice>
      <UnitOfMeasurePrice>4.9000</UnitOfMeasurePrice>
      <AllowDiscount>1</AllowDiscount>
      <ItemStatus>1</ItemStatus>
      <ItemId>204341</ItemId>
    </Item>
    <Item>
      <PriceUpdateDate>2025-11-24 11:49:08</PriceUpdateDate>
      <ItemCode>7290000999946</ItemCode>
      <ItemType>1</ItemType>
      <ItemName>אוכמניות</ItemName>
      <ManufacturerName>לא ידוע</ManufacturerName>
      <ManufactureCountry>פרו</ManufactureCountry>
      <ManufacturerItemDescription>אוכמניות</ManufacturerItemDescription>
      <UnitQty>יחידה   </UnitQty>
      <Quantity>0.00</Quantity>
      <UnitOfMeasure>יחידה   </UnitOfMeasure>
      <bIsWeighted>0</bIsWeighted>
      <QtyInPackage>לא ידוע</QtyInPackage>
      <ItemPrice>12.90</ItemPrice>
      <UnitOfMeasurePrice>0.0000</UnitOfMeasurePrice>
      <AllowDiscount>1</AllowDiscount>
      <ItemStatus>1</ItemStatus>
      <ItemId>204360</ItemId>
    </Item>
    <Item>
      <PriceUpdateDate>2025-09-08 07:55:14</PriceUpdateDate>
      <ItemCode>7290019401049</ItemCode>
      <ItemType>1</ItemType>
      <ItemName>חטיף פרוטאין מקס  שו</ItemName>
      <ManufacturerName>פרוטאין מקס</ManufacturerName>
      <ManufactureCountry>לא ידוע</ManufactureCountry>
      <ManufacturerItemDescription>חטיף פרוטאין מקס  שו</ManufacturerItemDescription>
      <UnitQty>לא ידוע</UnitQty>
      <Quantity>62.00</Quantity>
      <UnitOfMeasure>לא ידוע</UnitOfMeasure>
      <bIsWeighted>0</bIsWeighted>
      <QtyInPackage>לא ידוע</QtyInPackage>
      <ItemPrice>15.90</ItemPrice>
      <UnitOfMeasurePrice>0.2565</UnitOfMeasurePrice>
      <AllowDiscount>1</AllowDiscount>
      <ItemStatus>1</ItemStatus>
      <ItemId>247892</ItemId>
    </Item>
    <Item>
      <PriceUpdateDate>2025-11-09 18:34:36</PriceUpdateDate>
      <ItemCode>7290000991961</ItemCode>
      <ItemType>1</ItemType>
      <ItemName>תפוח ברשת</ItemName>
      <ManufacturerName>לא ידוע</ManufacturerName>
      <ManufactureCountry>ישראל</ManufactureCountry>
      <ManufacturerItemDescription>תפוח ברשת</ManufacturerItemDescription>
      <UnitQty>קילוגרמים</UnitQty>
      <Quantity>1.00</Quantity>
      <UnitOfMeasure>ק"ג</UnitOfMeasure>
      <bIsWeighted>1</bIsWeighted>
      <QtyInPackage>לא ידוע</QtyInPackage>
      <ItemPrice>8.90</ItemPrice>
      <UnitOfMeasurePrice>8.9000</UnitOfMeasurePrice>
      <AllowDiscount>1</AllowDiscount>
      <ItemStatus>1</ItemStatus>
      <ItemId>204385</ItemId>
    </Item>
    <Item>
      <PriceUpdateDate>2024-10-13 16:14:43</PriceUpdateDate>
      <ItemCode>7290000992426</ItemCode>
      <ItemType>1</ItemType>
      <ItemName>אנונה</ItemName>
      <ManufacturerName>לא ידוע</ManufacturerName>
      <ManufactureCountry>ישראל</ManufactureCountry>
      <ManufacturerItemDescription>אנונה</ManufacturerItemDescription>
      <UnitQty>קילוגרמים</UnitQty>
      <Quantity>1.00</Quantity>
      <UnitOfMeasure>ק"ג</UnitOfMeasure>
      <bIsWeighted>1</bIsWeighted>
      <QtyInPackage>לא ידוע</QtyInPackage>
      <ItemPrice>29.90</ItemPrice>
      <UnitOfMeasurePrice>29.9000</UnitOfMeasurePrice>
      <AllowDiscount>1</AllowDiscount>
      <ItemStatus>1</ItemStatus>
      <ItemId>204387</ItemId>
    </Item>
    <Item>
      <PriceUpdateDate>2023-11-16 07:54:28</PriceUpdateDate>
      <ItemCode>7290000999358</ItemCode>
      <ItemType>1</ItemType>
      <ItemName>אשכולית אדומה</ItemName>
      <ManufacturerName>לא ידוע</ManufacturerName>
      <ManufactureCountry>ישראל</ManufactureCountry>
      <ManufacturerItemDescription>אשכולית אדומה</ManufacturerItemDescription>
      <UnitQty>קילוגרמים</UnitQty>
      <Quantity>1.00</Quantity>
      <UnitOfMeasure>ק"ג</UnitOfMeasure>
      <bIsWeighted>1</bIsWeighted>
      <QtyInPackage>לא ידוע</QtyInPackage>
      <ItemPrice>6.90</ItemPrice>
      <UnitOfMeasurePrice>6.9000</UnitOfMeasurePrice>
      <AllowDiscount>1</AllowDiscount>
      <ItemStatus>1</ItemStatus>
      <ItemId>204391</ItemId>
    </Item>
    <Item>
      <PriceUpdateDate>2025-09-14 07:50:37</PriceUpdateDate>
      <ItemCode>7290000999390</ItemCode>
      <ItemType>1</ItemType>
      <ItemName>חציל בלאדי</ItemName>
      <ManufacturerName>לא ידוע</ManufacturerName>
      <ManufactureCountry>ישראל</ManufactureCountry>
      <ManufacturerItemDescription>חציל בלאדי</ManufacturerItemDescription>
      <UnitQty>קילוגרמים</UnitQty>
      <Quantity>1.00</Quantity>
      <UnitOfMeasure>ק"ג</UnitOfMeasure>
      <bIsWeighted>1</bIsWeighted>
      <QtyInPackage>לא ידוע</QtyInPackage>
      <ItemPrice>8.90</ItemPrice>
      <UnitOfMeasurePrice>8.9000</UnitOfMeasurePrice>
      <AllowDiscount>1</AllowDiscount>
      <ItemStatus>1</ItemStatus>
      <ItemId>204392</ItemId>
    </Item>
    <Item>
      <PriceUpdateDate>2025-08-31 09:56:29</PriceUpdateDate>
      <ItemCode>7290017065007</ItemCode>
      <ItemType>1</ItemType>
      <ItemName>מוצרלה פרוסה 150 גרם</ItemName>
      <ManufacturerName>לא ידוע</ManufacturerName>
      <ManufactureCountry>לא ידוע</ManufactureCountry>
      <ManufacturerItemDescription>מוצרלה פרוסה 150 גרם</ManufacturerItemDescription>
      <UnitQty>לא ידוע</UnitQty>
      <Quantity>150.00</Quantity>
      <UnitOfMeasure>לא ידוע</UnitOfMeasure>
      <bIsWeighted>0</bIsWeighted>
      <QtyInPackage>לא ידוע</QtyInPackage>
      <ItemPrice>25.90</ItemPrice>
      <UnitOfMeasurePrice>0.1727</UnitOfMeasurePrice>
      <AllowDiscount>1</AllowDiscount>
      <ItemStatus>1</ItemStatus>
      <ItemId>206771</ItemId>
    </Item>
    <Item>
      <PriceUpdateDate>2025-10-12 08:51:04</PriceUpdateDate>
      <ItemCode>7290000999821</ItemCode>
      <ItemType>1</ItemType>
      <ItemName>קיווי</ItemName>
      <ManufacturerName>לא ידוע</ManufacturerName>
      <ManufactureCountry>ניו זילנד</ManufactureCountry>
      <ManufacturerItemDescription>קיווי</ManufacturerItemDescription>
      <UnitQty>קילוגרמים</UnitQty>
      <Quantity>1.00</Quantity>
      <UnitOfMeasure>ק"ג</UnitOfMeasure>
      <bIsWeighted>1</bIsWeighted>
      <QtyInPackage>לא ידוע</QtyInPackage>
      <ItemPrice>19.90</ItemPrice>
      <UnitOfMeasurePrice>19.9000</UnitOfMeasurePrice>
      <AllowDiscount>1</AllowDiscount>
      <ItemStatus>1</ItemStatus>
      <ItemId>204399</ItemId>
    </Item>
    <Item>
      <PriceUpdateDate>2025-12-17 12:22:36</PriceUpdateDate>
      <ItemCode>7290000999834</ItemCode>
      <ItemType>1</ItemType>
      <ItemName>דלורית</ItemName>
      <ManufacturerName>לא ידוע</ManufacturerName>
      <ManufactureCountry>ישראל</ManufactureCountry>
      <ManufacturerItemDescription>דלורית</ManufacturerItemDescription>
      <UnitQty>קילוגרמים</UnitQty>
      <Quantity>1.00</Quantity>
      <UnitOfMeasure>ק"ג</UnitOfMeasure>
      <bIsWeighted>1</bIsWeighted>
      <QtyInPackage>לא ידוע</QtyInPackage>
      <ItemPrice>7.90</ItemPrice>
      <UnitOfMeasurePrice>7.9000</UnitOfMeasurePrice>
      <AllowDiscount>1</AllowDiscount>
      <ItemStatus>1</ItemStatus>
      <ItemId>204403</ItemId>
    </Item>
    <Item>
      <PriceUpdateDate>2025-03-10 07:15:37</PriceUpdateDate>
      <ItemCode>7290000999877</ItemCode>
      <ItemType>1</ItemType>
      <ItemName>תפו"א לאפיה קטן</ItemName>
      <ManufacturerName>לא ידוע</ManufacturerName>
      <ManufactureCountry>ישראל</ManufactureCountry>
      <ManufacturerItemDescription>תפו"א לאפיה קטן</ManufacturerItemDescription>
      <UnitQty>קילוגרמים</UnitQty>
      <Quantity>1.00</Quantity>
      <UnitOfMeasure>ק"ג</UnitOfMeasure>
      <bIsWeighted>1</bIsWeighted>
      <QtyInPackage>לא ידוע</QtyInPackage>
      <ItemPrice>3.90</ItemPrice>
      <UnitOfMeasurePrice>3.9000</UnitOfMeasurePrice>
      <AllowDiscount>1</AllowDiscount>
      <ItemStatus>1</ItemStatus>
      <ItemId>204407</ItemId>
    </Item>
    <Item>
      <PriceUpdateDate>2025-12-11 09:00:12</PriceUpdateDate>
      <ItemCode>7290000999899</ItemCode>
      <ItemType>1</ItemType>
      <ItemName>קישואים  זוקיני</ItemName>
      <ManufacturerName>לא ידוע</ManufacturerName>
      <ManufactureCountry>ישראל</ManufactureCountry>
      <ManufacturerItemDescription>קישואים  זוקיני</ManufacturerItemDescription>
      <UnitQty>קילוגרמים</UnitQty>
      <Quantity>1.00</Quantity>
      <UnitOfMeasure>ק"ג</UnitOfMeasure>
      <bIsWeighted>1</bIsWeighted>
      <QtyInPackage>לא ידוע</QtyInPackage>
      <ItemPrice>11.90</ItemPrice>
      <UnitOfMeasurePrice>11.9000</UnitOfMeasurePrice>
      <AllowDiscount>1</AllowDiscount>
      <ItemStatus>1</ItemStatus>
      <ItemId>204408</ItemId>
    </Item>
    <Item>
      <PriceUpdateDate>2023-11-13 08:20:16</PriceUpdateDate>
      <ItemCode>7290000999904</ItemCode>
      <ItemType>1</ItemType>
      <ItemName>פלפל ירוק</ItemName>
      <ManufacturerName>לא ידוע</ManufacturerName>
      <ManufactureCountry>ישראל</ManufactureCountry>
      <ManufacturerItemDescription>פלפל ירוק</ManufacturerItemDescription>
      <UnitQty>קילוגרמים</UnitQty>
      <Quantity>1.00</Quantity>
      <UnitOfMeasure>ק"ג</UnitOfMeasure>
      <bIsWeighted>1</bIsWeighted>
      <QtyInPackage>לא ידוע</QtyInPackage>
      <ItemPrice>8.90</ItemPrice>
      <UnitOfMeasurePrice>8.9000</UnitOfMeasurePrice>
      <AllowDiscount>1</AllowDiscount>
      <ItemStatus>1</ItemStatus>
      <ItemId>204409</ItemId>
    </Item>
    <Item>
      <PriceUpdateDate>2024-11-26 16:43:54</PriceUpdateDate>
      <ItemCode>7290000999905</ItemCode>
      <ItemType>1</ItemType>
      <ItemName>פלפל בהיר</ItemName>
      <ManufacturerName>לא ידוע</ManufacturerName>
      <ManufactureCountry>ישראל</ManufactureCountry>
      <ManufacturerItemDescription>פלפל בהיר</ManufacturerItemDescription>
      <UnitQty>קילוגרמים</UnitQty>
      <Quantity>1.00</Quantity>
      <UnitOfMeasure>ק"ג</UnitOfMeasure>
      <bIsWeighted>1</bIsWeighted>
      <QtyInPackage>לא ידוע</QtyInPackage>
      <ItemPrice>8.90</ItemPrice>
      <UnitOfMeasurePrice>8.9000</UnitOfMeasurePrice>
      <AllowDiscount>1</AllowDiscount>
      <ItemStatus>1</ItemStatus>
      <ItemId>204410</ItemId>
    </Item>
    <Item>
      <PriceUpdateDate>2025-11-12 09:53:48</PriceUpdateDate>
      <ItemCode>7290000999907</ItemCode>
      <ItemType>1</ItemType>
      <ItemName>פלפל צהוב</ItemName>
      <ManufacturerName>לא ידוע</ManufacturerName>
      <ManufactureCountry>ישראל</ManufactureCountry>
      <ManufacturerItemDescription>פלפל צהוב</ManufacturerItemDescription>
      <UnitQty>קילוגרמים</UnitQty>
      <Quantity>1.00</Quantity>
      <UnitOfMeasure>ק"ג</UnitOfMeasure>
      <bIsWeighted>1</bIsWeighted>
      <QtyInPackage>לא ידוע</QtyInPackage>
      <ItemPrice>9.90</ItemPrice>
      <UnitOfMeasurePrice>9.9000</UnitOfMeasurePrice>
      <AllowDiscount>1</AllowDiscount>
      <ItemStatus>1</ItemStatus>
      <ItemId>204411</ItemId>
    </Item>
    <Item>
      <PriceUpdateDate>2025-08-21 10:13:35</PriceUpdateDate>
      <ItemCode>7290000999910</ItemCode>
      <ItemType>1</ItemType>
      <ItemName>כרוב אדום</ItemName>
      <ManufacturerName>לא ידוע</ManufacturerName>
      <ManufactureCountry>ישראל</ManufactureCountry>
      <ManufacturerItemDescription>כרוב אדום</ManufacturerItemDescription>
      <UnitQty>קילוגרמים</UnitQty>
      <Quantity>1.00</Quantity>
      <UnitOfMeasure>ק"ג</UnitOfMeasure>
      <bIsWeighted>1</bIsWeighted>
      <QtyInPackage>לא ידוע</QtyInPackage>
      <ItemPrice>5.90</ItemPrice>
      <UnitOfMeasurePrice>5.9000</UnitOfMeasurePrice>
      <AllowDiscount>1</AllowDiscount>
      <ItemStatus>1</ItemStatus>
      <ItemId>204412</ItemId>
    </Item>
    <Item>
      <PriceUpdateDate>2025-05-25 15:13:57</PriceUpdateDate>
      <ItemCode>7290000999918</ItemCode>
      <ItemType>1</ItemType>
      <ItemName>דלעת</ItemName>
      <ManufacturerName>לא ידוע</ManufacturerName>
      <ManufactureCountry>ישראל</ManufactureCountry>
      <ManufacturerItemDescription>דלעת</ManufacturerItemDescription>
      <UnitQty>קילוגרמים</UnitQty>
      <Quantity>1.00</Quantity>
      <UnitOfMeasure>ק"ג</UnitOfMeasure>
      <bIsWeighted>1</bIsWeighted>
      <QtyInPackage>לא ידוע</QtyInPackage>
      <ItemPrice>9.90</ItemPrice>
      <UnitOfMeasurePrice>9.9000</UnitOfMeasurePrice>
      <AllowDiscount>1</AllowDiscount>
      <ItemStatus>1</ItemStatus>
      <ItemId>204413</ItemId>
    </Item>
    <Item>
      <PriceUpdateDate>2025-05-08 11:53:53</PriceUpdateDate>
      <ItemCode>7290000999919</ItemCode>
      <ItemType>1</ItemType>
      <ItemName>בצל יבש</ItemName>
      <ManufacturerName>לא ידוע</ManufacturerName>
      <ManufactureCountry>הולנד</ManufactureCountry>
      <ManufacturerItemDescription>בצל יבש</ManufacturerItemDescription>
      <UnitQty>קילוגרמים</UnitQty>
      <Quantity>1.00</Quantity>
      <UnitOfMeasure>ק"ג</UnitOfMeasure>
      <bIsWeighted>1</bIsWeighted>
      <QtyInPackage>לא ידוע</QtyInPackage>
      <ItemPrice>3.90</ItemPrice>
      <UnitOfMeasurePrice>3.9000</UnitOfMeasurePrice>
      <AllowDiscount>1</AllowDiscount>
      <ItemStatus>1</ItemStatus>
      <ItemId>204414</ItemId>
    </Item>
    <Item>
      <PriceUpdateDate>2025-12-11 09:00:13</PriceUpdateDate>
      <ItemCode>7290000999920</ItemCode>
      <ItemType>1</ItemType>
      <ItemName>בצל סגול</ItemName>
      <ManufacturerName>לא ידוע</ManufacturerName>
      <ManufactureCountry>הולנד</ManufactureCountry>
      <ManufacturerItemDescription>בצל סגול</ManufacturerItemDescription>
      <UnitQty>קילוגרמים</UnitQty>
      <Quantity>1.00</Quantity>
      <UnitOfMeasure>ק"ג</UnitOfMeasure>
      <bIsWeighted>1</bIsWeighted>
      <QtyInPackage>לא ידוע</QtyInPackage>
      <ItemPrice>6.90</ItemPrice>
      <UnitOfMeasurePrice>6.9000</UnitOfMeasurePrice>
      <AllowDiscount>1</AllowDiscount>
      <ItemStatus>1</ItemStatus>
      <ItemId>204415</ItemId>
    </Item>
    <Item>
      <PriceUpdateDate>2023-12-24 15:03:48</PriceUpdateDate>
      <ItemCode>7290000999924</ItemCode>
      <ItemType>1</ItemType>
      <ItemName>שום יבש</ItemName>
      <ManufacturerName>לא ידוע</ManufacturerName>
      <ManufactureCountry>סין</ManufactureCountry>
      <ManufacturerItemDescription>שום יבש</ManufacturerItemDescription>
      <UnitQty>לא ידוע</UnitQty>
      <Quantity>1000.00</Quantity>
      <UnitOfMeasure>לא ידוע</UnitOfMeasure>
      <bIsWeighted>0</bIsWeighted>
      <QtyInPackage>לא ידוע</QtyInPackage>
      <ItemPrice>4.90</ItemPrice>
      <UnitOfMeasurePrice>0.0049</UnitOfMeasurePrice>
      <AllowDiscount>1</AllowDiscount>
      <ItemStatus>1</ItemStatus>
      <ItemId>204416</ItemId>
    </Item>
    <Item>
      <PriceUpdateDate>2025-11-04 12:08:59</PriceUpdateDate>
      <ItemCode>7290000999949</ItemCode>
      <ItemType>1</ItemType>
      <ItemName>בננה</ItemName>
      <ManufacturerName>לא ידוע</ManufacturerName>
      <ManufactureCountry>ישראל</ManufactureCountry>
      <ManufacturerItemDescription>בננה</ManufacturerItemDescription>
      <UnitQty>קילוגרמים</UnitQty>
      <Quantity>1.00</Quantity>
      <UnitOfMeasure>ק"ג</UnitOfMeasure>
      <bIsWeighted>1</bIsWeighted>
      <QtyInPackage>לא ידוע</QtyInPackage>
      <ItemPrice>8.90</ItemPrice>
      <UnitOfMeasurePrice>8.9000</UnitOfMeasurePrice>
      <AllowDiscount>1</AllowDiscount>
      <ItemStatus>1</ItemStatus>
      <ItemId>204420</ItemId>
    </Item>
    <Item>
      <PriceUpdateDate>2025-11-16 15:17:50</PriceUpdateDate>
      <ItemCode>7290000999956</ItemCode>
      <ItemType>1</ItemType>
      <ItemName>פלפל כתום</ItemName>
      <ManufacturerName>לא ידוע</ManufacturerName>
      <ManufactureCountry>ישראל</ManufactureCountry>
      <ManufacturerItemDescription>פלפל כתום</ManufacturerItemDescription>
      <UnitQty>קילוגרמים</UnitQty>
      <Quantity>1.00</Quantity>
      <UnitOfMeasure>ק"ג</UnitOfMeasure>
      <bIsWeighted>1</bIsWeighted>
      <QtyInPackage>לא ידוע</QtyInPackage>
      <ItemPrice>9.90</ItemPrice>
      <UnitOfMeasurePrice>9.9000</UnitOfMeasurePrice>
      <AllowDiscount>1</AllowDiscount>
      <ItemStatus>1</ItemStatus>
      <ItemId>204424</ItemId>
    </Item>
    <Item>
      <PriceUpdateDate>2023-07-30 11:22:29</PriceUpdateDate>
      <ItemCode>7290000999959</ItemCode>
      <ItemType>1</ItemType>
      <ItemName>תפו'ע יונתן</ItemName>
      <ManufacturerName>לא ידוע</ManufacturerName>
      <ManufactureCountry>ישראל</ManufactureCountry>
      <ManufacturerItemDescription>תפו'ע יונתן</ManufacturerItemDescription>
      <UnitQty>קילוגרמים</UnitQty>
      <Quantity>1.00</Quantity>
      <UnitOfMeasure>ק"ג</UnitOfMeasure>
      <bIsWeighted>1</bIsWeighted>
      <QtyInPackage>לא ידוע</QtyInPackage>
      <ItemPrice>12.90</ItemPrice>
      <UnitOfMeasurePrice>12.9000</UnitOfMeasurePrice>
      <AllowDiscount>1</AllowDiscount>
      <ItemStatus>1</ItemStatus>
      <ItemId>204426</ItemId>
    </Item>
    <Item>
      <PriceUpdateDate>2025-08-21 12:21:49</PriceUpdateDate>
      <ItemCode>7290102398560</ItemCode>
      <ItemType>1</ItemType>
      <ItemName>שוקו טרה מועשר 1 ליט</ItemName>
      <ManufacturerName>לא ידוע</ManufacturerName>
      <ManufactureCountry>לא ידוע</ManufactureCountry>
      <ManufacturerItemDescription>שוקו טרה מועשר 1 ליט</ManufacturerItemDescription>
      <UnitQty>לא ידוע</UnitQty>
      <Quantity>1000.00</Quantity>
      <UnitOfMeasure>לא ידוע</UnitOfMeasure>
      <bIsWeighted>0</bIsWeighted>
      <QtyInPackage>לא ידוע</QtyInPackage>
      <ItemPrice>15.10</ItemPrice>
      <UnitOfMeasurePrice>0.0151</UnitOfMeasurePrice>
      <AllowDiscount>1</AllowDiscount>
      <ItemStatus>1</ItemStatus>
      <ItemId>211370</ItemId>
    </Item>
    <Item>
      <PriceUpdateDate>2025-10-29 10:12:59</PriceUpdateDate>
      <ItemCode>7290000999967</ItemCode>
      <ItemType>1</ItemType>
      <ItemName>פומלה</ItemName>
      <ManufacturerName>לא ידוע</ManufacturerName>
      <ManufactureCountry>ישראל</ManufactureCountry>
      <ManufacturerItemDescription>פומלה</ManufacturerItemDescription>
      <UnitQty>קילוגרמים</UnitQty>
      <Quantity>1.00</Quantity>
      <UnitOfMeasure>ק"ג</UnitOfMeasure>
      <bIsWeighted>1</bIsWeighted>
      <QtyInPackage>לא ידוע</QtyInPackage>
      <ItemPrice>7.90</ItemPrice>
      <UnitOfMeasurePrice>7.9000</UnitOfMeasurePrice>
      <AllowDiscount>1</AllowDiscount>
      <ItemStatus>1</ItemStatus>
      <ItemId>204428</ItemId>
    </Item>
    <Item>
      <PriceUpdateDate>2025-01-06 16:01:00</PriceUpdateDate>
      <ItemCode>6112012100075</ItemCode>
      <ItemType>1</ItemType>
      <ItemName>קולפן פלסטיק יקר</ItemName>
      <ManufacturerName>לא ידוע</ManufacturerName>
      <ManufactureCountry>לא ידוע</ManufactureCountry>
      <ManufacturerItemDescription>קולפן פלסטיק יקר</ManufacturerItemDescription>
      <UnitQty>יחידה   </UnitQty>
      <Quantity>0.00</Quantity>
      <UnitOfMeasure>יחידה   </UnitOfMeasure>
      <bIsWeighted>0</bIsWeighted>
      <QtyInPackage>לא ידוע</QtyInPackage>
      <ItemPrice>14.50</ItemPrice>
      <UnitOfMeasurePrice>0.0000</UnitOfMeasurePrice>
      <AllowDiscount>1</AllowDiscount>
      <ItemStatus>1</ItemStatus>
      <ItemId>217936</ItemId>
    </Item>
    <Item>
      <PriceUpdateDate>2025-04-20 08:20:28</PriceUpdateDate>
      <ItemCode>4823077623714</ItemCode>
      <ItemType>1</ItemType>
      <ItemName>סוכריות כוס חלב 150</ItemName>
      <ManufacturerName>לא ידוע</ManufacturerName>
      <ManufactureCountry>לא ידוע</ManufactureCountry>
      <ManufacturerItemDescription>סוכריות כוס חלב 150</ManufacturerItemDescription>
      <UnitQty>לא ידוע</UnitQty>
      <Quantity>150.00</Quantity>
      <UnitOfMeasure>לא ידוע</UnitOfMeasure>
      <bIsWeighted>0</bIsWeighted>
      <QtyInPackage>לא ידוע</QtyInPackage>
      <ItemPrice>9.90</ItemPrice>
      <UnitOfMeasurePrice>0.0660</UnitOfMeasurePrice>
      <AllowDiscount>1</AllowDiscount>
      <ItemStatus>1</ItemStatus>
      <ItemId>212658</ItemId>
    </Item>
    <Item>
      <PriceUpdateDate>2024-01-25 10:01:34</PriceUpdateDate>
      <ItemCode>7290000999987</ItemCode>
      <ItemType>1</ItemType>
      <ItemName>אשכולית צהובה</ItemName>
      <ManufacturerName>לא ידוע</ManufacturerName>
      <ManufactureCountry>ישראל</ManufactureCountry>
      <ManufacturerItemDescription>אשכולית צהובה</ManufacturerItemDescription>
      <UnitQty>קילוגרמים</UnitQty>
      <Quantity>1.00</Quantity>
      <UnitOfMeasure>ק"ג</UnitOfMeasure>
      <bIsWeighted>1</bIsWeighted>
      <QtyInPackage>לא ידוע</QtyInPackage>
      <ItemPrice>6.90</ItemPrice>
      <UnitOfMeasurePrice>6.9000</UnitOfMeasurePrice>
      <AllowDiscount>1</AllowDiscount>
      <ItemStatus>1</ItemStatus>
      <ItemId>204434</ItemId>
    </Item>
    <Item>
      <PriceUpdateDate>2025-09-29 08:00:09</PriceUpdateDate>
      <ItemCode>7290000999990</ItemCode>
      <ItemType>1</ItemType>
      <ItemName>פומלית</ItemName>
      <ManufacturerName>לא ידוע</ManufacturerName>
      <ManufactureCountry>ישראל</ManufactureCountry>
      <ManufacturerItemDescription>פומלית</ManufacturerItemDescription>
      <UnitQty>קילוגרמים</UnitQty>
      <Quantity>1.00</Quantity>
      <UnitOfMeasure>ק"ג</UnitOfMeasure>
      <bIsWeighted>1</bIsWeighted>
      <QtyInPackage>לא ידוע</QtyInPackage>
      <ItemPrice>6.90</ItemPrice>
      <UnitOfMeasurePrice>6.9000</UnitOfMeasurePrice>
      <AllowDiscount>1</AllowDiscount>
      <ItemStatus>1</ItemStatus>
      <ItemId>204435</ItemId>
    </Item>
    <Item>
      <PriceUpdateDate>2021-06-10 10:59:29</PriceUpdateDate>
      <ItemCode>7290000999922</ItemCode>
      <ItemType>1</ItemType>
      <ItemName>חסה עגולה</ItemName>
      <ManufacturerName>לא ידוע</ManufacturerName>
      <ManufactureCountry>ישראל</ManufactureCountry>
      <ManufacturerItemDescription>חסה עגולה</ManufacturerItemDescription>
      <UnitQty>לא ידוע</UnitQty>
      <Quantity>1000.00</Quantity>
      <UnitOfMeasure>לא ידוע</UnitOfMeasure>
      <bIsWeighted>0</bIsWeighted>
      <QtyInPackage>לא ידוע</QtyInPackage>
      <ItemPrice>5.90</ItemPrice>
      <UnitOfMeasurePrice>0.0059</UnitOfMeasurePrice>
      <AllowDiscount>1</AllowDiscount>
      <ItemStatus>1</ItemStatus>
      <ItemId>204439</ItemId>
    </Item>
    <Item>
      <PriceUpdateDate>2025-11-28 12:47:14</PriceUpdateDate>
      <ItemCode>7290000999974</ItemCode>
      <ItemType>1</ItemType>
      <ItemName>תות שדה</ItemName>
      <ManufacturerName>לא ידוע</ManufacturerName>
      <ManufactureCountry>ישראל</ManufactureCountry>
      <ManufacturerItemDescription>תות שדה</ManufacturerItemDescription>
      <UnitQty>יחידה   </UnitQty>
      <Quantity>0.00</Quantity>
      <UnitOfMeasure>יחידה   </UnitOfMeasure>
      <bIsWeighted>0</bIsWeighted>
      <QtyInPackage>לא ידוע</QtyInPackage>
      <ItemPrice>19.90</ItemPrice>
      <UnitOfMeasurePrice>0.0000</UnitOfMeasurePrice>
      <AllowDiscount>1</AllowDiscount>
      <ItemStatus>1</ItemStatus>
      <ItemId>204440</ItemId>
    </Item>
    <Item>
      <PriceUpdateDate>2025-08-18 09:23:12</PriceUpdateDate>
      <ItemCode>5902198160403</ItemCode>
      <ItemType>1</ItemType>
      <ItemName>אקסל משקה אנרגיה טן</ItemName>
      <ManufacturerName>לא ידוע</ManufacturerName>
      <ManufactureCountry>לא ידוע</ManufactureCountry>
      <ManufacturerItemDescription>אקסל משקה אנרגיה טן</ManufacturerItemDescription>
      <UnitQty>לא ידוע</UnitQty>
      <Quantity>250.00</Quantity>
      <UnitOfMeasure>לא ידוע</UnitOfMeasure>
      <bIsWeighted>0</bIsWeighted>
      <QtyInPackage>לא ידוע</QtyInPackage>
      <ItemPrice>5.50</ItemPrice>
      <UnitOfMeasurePrice>0.0220</UnitOfMeasurePrice>
      <AllowDiscount>1</AllowDiscount>
      <ItemStatus>1</ItemStatus>
      <ItemId>207134</ItemId>
    </Item>
    <Item>
      <PriceUpdateDate>2025-08-19 18:19:25</PriceUpdateDate>
      <ItemCode>7290002971016</ItemCode>
      <ItemType>1</ItemType>
      <ItemName>סולת "שטיבל חיפה" 1</ItemName>
      <ManufacturerName>לא ידוע</ManufacturerName>
      <ManufactureCountry>לא ידוע</ManufactureCountry>
      <ManufacturerItemDescription>סולת "שטיבל חיפה" 1</ManufacturerItemDescription>
      <UnitQty>לא ידוע</UnitQty>
      <Quantity>1000.00</Quantity>
      <UnitOfMeasure>לא ידוע</UnitOfMeasure>
      <bIsWeighted>0</bIsWeighted>
      <QtyInPackage>לא ידוע</QtyInPackage>
      <ItemPrice>6.50</ItemPrice>
      <UnitOfMeasurePrice>0.0065</UnitOfMeasurePrice>
      <AllowDiscount>1</AllowDiscount>
      <ItemStatus>1</ItemStatus>
      <ItemId>250126</ItemId>
    </Item>
    <Item>
      <PriceUpdateDate>2024-05-19 13:03:21</PriceUpdateDate>
      <ItemCode>7290000999748</ItemCode>
      <ItemType>1</ItemType>
      <ItemName>גינגר תפזורת</ItemName>
      <ManufacturerName>לא ידוע</ManufacturerName>
      <ManufactureCountry>סין</ManufactureCountry>
      <ManufacturerItemDescription>גינגר תפזורת</ManufacturerItemDescription>
      <UnitQty>קילוגרמים</UnitQty>
      <Quantity>1.00</Quantity>
      <UnitOfMeasure>ק"ג</UnitOfMeasure>
      <bIsWeighted>1</bIsWeighted>
      <QtyInPackage>לא ידוע</QtyInPackage>
      <ItemPrice>29.90</ItemPrice>
      <UnitOfMeasurePrice>29.9000</UnitOfMeasurePrice>
      <AllowDiscount>1</AllowDiscount>
      <ItemStatus>1</ItemStatus>
      <ItemId>204453</ItemId>
    </Item>
    <Item>
      <PriceUpdateDate>2025-06-04 12:04:09</PriceUpdateDate>
      <ItemCode>7290000999782</ItemCode>
      <ItemType>1</ItemType>
      <ItemName>עגבניה מגי</ItemName>
      <ManufacturerName>לא ידוע</ManufacturerName>
      <ManufactureCountry>ישראל</ManufactureCountry>
      <ManufacturerItemDescription>עגבניה מגי</ManufacturerItemDescription>
      <UnitQty>קילוגרמים</UnitQty>
      <Quantity>1.00</Quantity>
      <UnitOfMeasure>ק"ג</UnitOfMeasure>
      <bIsWeighted>1</bIsWeighted>
      <QtyInPackage>לא ידוע</QtyInPackage>
      <ItemPrice>18.90</ItemPrice>
      <UnitOfMeasurePrice>18.9000</UnitOfMeasurePrice>
      <AllowDiscount>1</AllowDiscount>
      <ItemStatus>1</ItemStatus>
      <ItemId>204455</ItemId>
    </Item>
    <Item>
      <PriceUpdateDate>2024-11-18 12:30:28</PriceUpdateDate>
      <ItemCode>7290000999626</ItemCode>
      <ItemType>1</ItemType>
      <ItemName>ברוקולי ארוז</ItemName>
      <ManufacturerName>לא ידוע</ManufacturerName>
      <ManufactureCountry>ישראל</ManufactureCountry>
      <ManufacturerItemDescription>ברוקולי ארוז</ManufacturerItemDescription>
      <UnitQty>לא ידוע</UnitQty>
      <Quantity>1000.00</Quantity>
      <UnitOfMeasure>לא ידוע</UnitOfMeasure>
      <bIsWeighted>0</bIsWeighted>
      <QtyInPackage>לא ידוע</QtyInPackage>
      <ItemPrice>6.90</ItemPrice>
      <UnitOfMeasurePrice>0.0069</UnitOfMeasurePrice>
      <AllowDiscount>1</AllowDiscount>
      <ItemStatus>1</ItemStatus>
      <ItemId>204459</ItemId>
    </Item>
    <Item>
      <PriceUpdateDate>2025-01-06 16:01:03</PriceUpdateDate>
      <ItemCode>6112012100600</ItemCode>
      <ItemType>1</ItemType>
      <ItemName>שלישיית קולבי קטיפה</ItemName>
      <ManufacturerName>לא ידוע</ManufacturerName>
      <ManufactureCountry>לא ידוע</ManufactureCountry>
      <ManufacturerItemDescription>שלישיית קולבי קטיפה</ManufacturerItemDescription>
      <UnitQty>יחידה   </UnitQty>
      <Quantity>0.00</Quantity>
      <UnitOfMeasure>יחידה   </UnitOfMeasure>
      <bIsWeighted>0</bIsWeighted>
      <QtyInPackage>לא ידוע</QtyInPackage>
      <ItemPrice>13.90</ItemPrice>
      <UnitOfMeasurePrice>0.0000</UnitOfMeasurePrice>
      <AllowDiscount>1</AllowDiscount>
      <ItemStatus>1</ItemStatus>
      <ItemId>217942</ItemId>
    </Item>
    <Item>
      <PriceUpdateDate>2025-08-26 11:14:20</PriceUpdateDate>
      <ItemCode>7290119373765</ItemCode>
      <ItemType>1</ItemType>
      <ItemName>חומוס עם בצל 380 גרם</ItemName>
      <ManufacturerName>לא ידוע</ManufacturerName>
      <ManufactureCountry>לא ידוע</ManufactureCountry>
      <ManufacturerItemDescription>חומוס עם בצל 380 גרם</ManufacturerItemDescription>
      <UnitQty>לא ידוע</UnitQty>
      <Quantity>380.00</Quantity>
      <UnitOfMeasure>לא ידוע</UnitOfMeasure>
      <bIsWeighted>0</bIsWeighted>
      <QtyInPackage>לא ידוע</QtyInPackage>
      <ItemPrice>15.90</ItemPrice>
      <UnitOfMeasurePrice>0.0418</UnitOfMeasurePrice>
      <AllowDiscount>1</AllowDiscount>
      <ItemStatus>1</ItemStatus>
      <ItemId>254927</ItemId>
    </Item>
    <Item>
      <PriceUpdateDate>2025-08-31 10:12:14</PriceUpdateDate>
      <ItemCode>7290107944472</ItemCode>
      <ItemType>1</ItemType>
      <ItemName>סימפוניה שום שמיר 5%</ItemName>
      <ManufacturerName>לא ידוע</ManufacturerName>
      <ManufactureCountry>לא ידוע</ManufactureCountry>
      <ManufacturerItemDescription>סימפוניה שום שמיר 5%</ManufacturerItemDescription>
      <UnitQty>לא ידוע</UnitQty>
      <Quantity>200.00</Quantity>
      <UnitOfMeasure>לא ידוע</UnitOfMeasure>
      <bIsWeighted>0</bIsWeighted>
      <QtyInPackage>לא ידוע</QtyInPackage>
      <ItemPrice>12.50</ItemPrice>
      <UnitOfMeasurePrice>0.0625</UnitOfMeasurePrice>
      <AllowDiscount>1</AllowDiscount>
      <ItemStatus>1</ItemStatus>
      <ItemId>204479</ItemId>
    </Item>
    <Item>
      <PriceUpdateDate>2025-08-18 11:13:18</PriceUpdateDate>
      <ItemCode>5410291022752</ItemCode>
      <ItemType>1</ItemType>
      <ItemName>ממרח אגוזי לוז עם קק</ItemName>
      <ManufacturerName>לא ידוע</ManufacturerName>
      <ManufactureCountry>לא ידוע</ManufactureCountry>
      <ManufacturerItemDescription>ממרח אגוזי לוז עם קק</ManufacturerItemDescription>
      <UnitQty>לא ידוע</UnitQty>
      <Quantity>350.00</Quantity>
      <UnitOfMeasure>לא ידוע</UnitOfMeasure>
      <bIsWeighted>0</bIsWeighted>
      <QtyInPackage>לא ידוע</QtyInPackage>
      <ItemPrice>16.90</ItemPrice>
      <UnitOfMeasurePrice>0.0483</UnitOfMeasurePrice>
      <AllowDiscount>1</AllowDiscount>
      <ItemStatus>1</ItemStatus>
      <ItemId>204488</ItemId>
    </Item>
    <Item>
      <PriceUpdateDate>2019-07-16 10:28:18</PriceUpdateDate>
      <ItemCode>6112012100983</ItemCode>
      <ItemType>1</ItemType>
      <ItemName>מזלגות גדולות</ItemName>
      <ManufacturerName>לא ידוע</ManufacturerName>
      <ManufactureCountry>לא ידוע</ManufactureCountry>
      <ManufacturerItemDescription>מזלגות גדולות</ManufacturerItemDescription>
      <UnitQty>יחידה   </UnitQty>
      <Quantity>0.00</Quantity>
      <UnitOfMeasure>יחידה   </UnitOfMeasure>
      <bIsWeighted>0</bIsWeighted>
      <QtyInPackage>לא ידוע</QtyInPackage>
      <ItemPrice>9.90</ItemPrice>
      <UnitOfMeasurePrice>0.0000</UnitOfMeasurePrice>
      <AllowDiscount>1</AllowDiscount>
      <ItemStatus>1</ItemStatus>
      <ItemId>217952</ItemId>
    </Item>
    <Item>
      <PriceUpdateDate>2024-12-15 09:53:06</PriceUpdateDate>
      <ItemCode>6112012100990</ItemCode>
      <ItemType>1</ItemType>
      <ItemName>כפות קטנות שישיית</ItemName>
      <ManufacturerName>לא ידוע</ManufacturerName>
      <ManufactureCountry>לא ידוע</ManufactureCountry>
      <ManufacturerItemDescription>כפות קטנות שישיית</ManufacturerItemDescription>
      <UnitQty>יחידה   </UnitQty>
      <Quantity>0.00</Quantity>
      <UnitOfMeasure>יחידה   </UnitOfMeasure>
      <bIsWeighted>0</bIsWeighted>
      <QtyInPackage>לא ידוע</QtyInPackage>
      <ItemPrice>9.50</ItemPrice>
      <UnitOfMeasurePrice>0.0000</UnitOfMeasurePrice>
      <AllowDiscount>1</AllowDiscount>
      <ItemStatus>1</ItemStatus>
      <ItemId>217953</ItemId>
    </Item>
    <Item>
      <PriceUpdateDate>2025-08-17 11:35:23</PriceUpdateDate>
      <ItemCode>7290016270723</ItemCode>
      <ItemType>1</ItemType>
      <ItemName>עגבניות  שרי  כ-460ג</ItemName>
      <ManufacturerName>לא ידוע</ManufacturerName>
      <ManufactureCountry>ישראל</ManufactureCountry>
      <ManufacturerItemDescription>עגבניות  שרי  כ-460ג</ManufacturerItemDescription>
      <UnitQty>יחידה   </UnitQty>
      <Quantity>0.00</Quantity>
      <UnitOfMeasure>יחידה   </UnitOfMeasure>
      <bIsWeighted>0</bIsWeighted>
      <QtyInPackage>לא ידוע</QtyInPackage>
      <ItemPrice>8.90</ItemPrice>
      <UnitOfMeasurePrice>0.0000</UnitOfMeasurePrice>
      <AllowDiscount>1</AllowDiscount>
      <ItemStatus>1</ItemStatus>
      <ItemId>255597</ItemId>
    </Item>
    <Item>
      <PriceUpdateDate>2025-08-31 10:00:42</PriceUpdateDate>
      <ItemCode>7290018091531</ItemCode>
      <ItemType>1</ItemType>
      <ItemName>חטיפי פיצה מעדנות 65</ItemName>
      <ManufacturerName>לא ידוע</ManufacturerName>
      <ManufactureCountry>לא ידוע</ManufactureCountry>
      <ManufacturerItemDescription>חטיפי פיצה מעדנות 65</ManufacturerItemDescription>
      <UnitQty>לא ידוע</UnitQty>
      <Quantity>650.00</Quantity>
      <UnitOfMeasure>לא ידוע</UnitOfMeasure>
      <bIsWeighted>0</bIsWeighted>
      <QtyInPackage>לא ידוע</QtyInPackage>
      <ItemPrice>37.90</ItemPrice>
      <UnitOfMeasurePrice>0.0583</UnitOfMeasurePrice>
      <AllowDiscount>1</AllowDiscount>
      <ItemStatus>1</ItemStatus>
      <ItemId>247696</ItemId>
    </Item>
    <Item>
      <PriceUpdateDate>2025-08-20 09:03:18</PriceUpdateDate>
      <ItemCode>4009900426039</ItemCode>
      <ItemType>1</ItemType>
      <ItemName>איירוויבז מנטה אקליפ</ItemName>
      <ManufacturerName>לא ידוע</ManufacturerName>
      <ManufactureCountry>לא ידוע</ManufactureCountry>
      <ManufacturerItemDescription>איירוויבז מנטה אקליפ</ManufacturerItemDescription>
      <UnitQty>לא ידוע</UnitQty>
      <Quantity>64.00</Quantity>
      <UnitOfMeasure>לא ידוע</UnitOfMeasure>
      <bIsWeighted>0</bIsWeighted>
      <QtyInPackage>לא ידוע</QtyInPackage>
      <ItemPrice>14.90</ItemPrice>
      <UnitOfMeasurePrice>0.2328</UnitOfMeasurePrice>
      <AllowDiscount>1</AllowDiscount>
      <ItemStatus>1</ItemStatus>
      <ItemId>204565</ItemId>
    </Item>
    <Item>
      <PriceUpdateDate>2025-08-20 09:03:19</PriceUpdateDate>
      <ItemCode>4009900426121</ItemCode>
      <ItemType>1</ItemType>
      <ItemName>איירוויבז אוכמניות ב</ItemName>
      <ManufacturerName>לא ידוע</ManufacturerName>
      <ManufactureCountry>לא ידוע</ManufactureCountry>
      <ManufacturerItemDescription>איירוויבז אוכמניות ב</ManufacturerItemDescription>
      <UnitQty>לא ידוע</UnitQty>
      <Quantity>64.00</Quantity>
      <UnitOfMeasure>לא ידוע</UnitOfMeasure>
      <bIsWeighted>0</bIsWeighted>
      <QtyInPackage>לא ידוע</QtyInPackage>
      <ItemPrice>14.90</ItemPrice>
      <UnitOfMeasurePrice>0.2328</UnitOfMeasurePrice>
      <AllowDiscount>1</AllowDiscount>
      <ItemStatus>1</ItemStatus>
      <ItemId>204566</ItemId>
    </Item>
    <Item>
      <PriceUpdateDate>2019-07-16 10:28:18</PriceUpdateDate>
      <ItemCode>6112013100388</ItemCode>
      <ItemType>1</ItemType>
      <ItemName>פותחן ליין</ItemName>
      <ManufacturerName>לא ידוע</ManufacturerName>
      <ManufactureCountry>לא ידוע</ManufactureCountry>
      <ManufacturerItemDescription>פותחן ליין</ManufacturerItemDescription>
      <UnitQty>יחידה   </UnitQty>
      <Quantity>0.00</Quantity>
      <UnitOfMeasure>יחידה   </UnitOfMeasure>
      <bIsWeighted>0</bIsWeighted>
      <QtyInPackage>לא ידוע</QtyInPackage>
      <ItemPrice>9.90</ItemPrice>
      <UnitOfMeasurePrice>0.0000</UnitOfMeasurePrice>
      <AllowDiscount>1</AllowDiscount>
      <ItemStatus>1</ItemStatus>
      <ItemId>217969</ItemId>
    </Item>
    <Item>
      <PriceUpdateDate>2025-08-26 16:05:36</PriceUpdateDate>
      <ItemCode>7290115207941</ItemCode>
      <ItemType>1</ItemType>
      <ItemName>ויטמינציק אננס 1 ליט</ItemName>
      <ManufacturerName>לא ידוע</ManufacturerName>
      <ManufactureCountry>לא ידוע</ManufactureCountry>
      <ManufacturerItemDescription>ויטמינציק אננס 1 ליט</ManufacturerItemDescription>
      <UnitQty>לא ידוע</UnitQty>
      <Quantity>1000.00</Quantity>
      <UnitOfMeasure>לא ידוע</UnitOfMeasure>
      <bIsWeighted>0</bIsWeighted>
      <QtyInPackage>לא ידוע</QtyInPackage>
      <ItemPrice>15.90</ItemPrice>
      <UnitOfMeasurePrice>0.0159</UnitOfMeasurePrice>
      <AllowDiscount>1</AllowDiscount>
      <ItemStatus>1</ItemStatus>
      <ItemId>237293</ItemId>
    </Item>
    <Item>
      <PriceUpdateDate>2025-10-15 07:52:53</PriceUpdateDate>
      <ItemCode>7290000999825</ItemCode>
      <ItemType>1</ItemType>
      <ItemName>עגבניה שרי מנומר</ItemName>
      <ManufacturerName>לא ידוע</ManufacturerName>
      <ManufactureCountry>ישראל</ManufactureCountry>
      <ManufacturerItemDescription>עגבניה שרי מנומר</ManufacturerItemDescription>
      <UnitQty>קילוגרמים</UnitQty>
      <Quantity>1.00</Quantity>
      <UnitOfMeasure>ק"ג</UnitOfMeasure>
      <bIsWeighted>1</bIsWeighted>
      <QtyInPackage>לא ידוע</QtyInPackage>
      <ItemPrice>23.90</ItemPrice>
      <UnitOfMeasurePrice>23.9000</UnitOfMeasurePrice>
      <AllowDiscount>1</AllowDiscount>
      <ItemStatus>1</ItemStatus>
      <ItemId>204624</ItemId>
    </Item>
    <Item>
      <PriceUpdateDate>2024-03-03 09:09:15</PriceUpdateDate>
      <ItemCode>7290000011431</ItemCode>
      <ItemType>1</ItemType>
      <ItemName>לשון</ItemName>
      <ManufacturerName>לא ידוע</ManufacturerName>
      <ManufactureCountry>ישראל</ManufactureCountry>
      <ManufacturerItemDescription>לשון</ManufacturerItemDescription>
      <UnitQty>קילוגרמים</UnitQty>
      <Quantity>1.00</Quantity>
      <UnitOfMeasure>ק"ג</UnitOfMeasure>
      <bIsWeighted>1</bIsWeighted>
      <QtyInPackage>לא ידוע</QtyInPackage>
      <ItemPrice>69.90</ItemPrice>
      <UnitOfMeasurePrice>69.9000</UnitOfMeasurePrice>
      <AllowDiscount>1</AllowDiscount>
      <ItemStatus>1</ItemStatus>
      <ItemId>204665</ItemId>
    </Item>
    <Item>
      <PriceUpdateDate>2025-09-07 08:04:03</PriceUpdateDate>
      <ItemCode>7290017969817</ItemCode>
      <ItemType>1</ItemType>
      <ItemName>כוסות לונג 300מ"ל 10</ItemName>
      <ManufacturerName>לא ידוע</ManufacturerName>
      <ManufactureCountry>לא ידוע</ManufactureCountry>
      <ManufacturerItemDescription>כוסות לונג 300מ"ל 10</ManufacturerItemDescription>
      <UnitQty>יחידה   </UnitQty>
      <Quantity>0.00</Quantity>
      <UnitOfMeasure>יחידה   </UnitOfMeasure>
      <bIsWeighted>0</bIsWeighted>
      <QtyInPackage>לא ידוע</QtyInPackage>
      <ItemPrice>10.90</ItemPrice>
      <UnitOfMeasurePrice>0.0000</UnitOfMeasurePrice>
      <AllowDiscount>1</AllowDiscount>
      <ItemStatus>1</ItemStatus>
      <ItemId>234635</ItemId>
    </Item>
    <Item>
      <PriceUpdateDate>2025-08-18 14:32:19</PriceUpdateDate>
      <ItemCode>3014260228668</ItemCode>
      <ItemType>1</ItemType>
      <ItemName>גילט קצף גילוח רגיל</ItemName>
      <ManufacturerName>לא ידוע</ManufacturerName>
      <ManufactureCountry>לא ידוע</ManufactureCountry>
      <ManufacturerItemDescription>גילט קצף גילוח רגיל</ManufacturerItemDescription>
      <UnitQty>לא ידוע</UnitQty>
      <Quantity>200.00</Quantity>
      <UnitOfMeasure>לא ידוע</UnitOfMeasure>
      <bIsWeighted>0</bIsWeighted>
      <QtyInPackage>לא ידוע</QtyInPackage>
      <ItemPrice>15.90</ItemPrice>
      <UnitOfMeasurePrice>0.0795</UnitOfMeasurePrice>
      <AllowDiscount>1</AllowDiscount>
      <ItemStatus>1</ItemStatus>
      <ItemId>248252</ItemId>
    </Item>
    <Item>
      <PriceUpdateDate>2019-07-16 10:28:23</PriceUpdateDate>
      <ItemCode>6985425120950</ItemCode>
      <ItemType>1</ItemType>
      <ItemName>זוג ידיות לסיר עליון</ItemName>
      <ManufacturerName>לא ידוע</ManufacturerName>
      <ManufactureCountry>לא ידוע</ManufactureCountry>
      <ManufacturerItemDescription>זוג ידיות לסיר עליון</ManufacturerItemDescription>
      <UnitQty>יחידה   </UnitQty>
      <Quantity>0.00</Quantity>
      <UnitOfMeasure>יחידה   </UnitOfMeasure>
      <bIsWeighted>0</bIsWeighted>
      <QtyInPackage>לא ידוע</QtyInPackage>
      <ItemPrice>9.90</ItemPrice>
      <UnitOfMeasurePrice>0.0000</UnitOfMeasurePrice>
      <AllowDiscount>1</AllowDiscount>
      <ItemStatus>1</ItemStatus>
      <ItemId>218035</ItemId>
    </Item>
    <Item>
      <PriceUpdateDate>2025-01-06 16:02:00</PriceUpdateDate>
      <ItemCode>7290011514105</ItemCode>
      <ItemType>1</ItemType>
      <ItemName>מסנן כיור סיליקון</ItemName>
      <ManufacturerName>לא ידוע</ManufacturerName>
      <ManufactureCountry>לא ידוע</ManufactureCountry>
      <ManufacturerItemDescription>מסנן כיור סיליקון</ManufacturerItemDescription>
      <UnitQty>יחידה   </UnitQty>
      <Quantity>0.00</Quantity>
      <UnitOfMeasure>יחידה   </UnitOfMeasure>
      <bIsWeighted>0</bIsWeighted>
      <QtyInPackage>לא ידוע</QtyInPackage>
      <ItemPrice>16.90</ItemPrice>
      <UnitOfMeasurePrice>0.0000</UnitOfMeasurePrice>
      <AllowDiscount>1</AllowDiscount>
      <ItemStatus>1</ItemStatus>
      <ItemId>218039</ItemId>
    </Item>
    <Item>
      <PriceUpdateDate>2025-08-31 10:12:17</PriceUpdateDate>
      <ItemCode>7290110555337</ItemCode>
      <ItemType>1</ItemType>
      <ItemName>נמס אייס קלאסי 250 מ</ItemName>
      <ManufacturerName>לא ידוע</ManufacturerName>
      <ManufactureCountry>לא ידוע</ManufactureCountry>
      <ManufacturerItemDescription>נמס אייס קלאסי 250 מ</ManufacturerItemDescription>
      <UnitQty>לא ידוע</UnitQty>
      <Quantity>250.00</Quantity>
      <UnitOfMeasure>לא ידוע</UnitOfMeasure>
      <bIsWeighted>0</bIsWeighted>
      <QtyInPackage>לא ידוע</QtyInPackage>
      <ItemPrice>10.20</ItemPrice>
      <UnitOfMeasurePrice>0.0408</UnitOfMeasurePrice>
      <AllowDiscount>1</AllowDiscount>
      <ItemStatus>1</ItemStatus>
      <ItemId>254928</ItemId>
    </Item>
    <Item>
      <PriceUpdateDate>2025-08-21 13:56:17</PriceUpdateDate>
      <ItemCode>80771418</ItemCode>
      <ItemType>1</ItemType>
      <ItemName>סוכריות טיק טק מנדרי</ItemName>
      <ManufacturerName>לא ידוע</ManufacturerName>
      <ManufactureCountry>לא ידוע</ManufactureCountry>
      <ManufacturerItemDescription>סוכריות טיק טק מנדרי</ManufacturerItemDescription>
      <UnitQty>לא ידוע</UnitQty>
      <Quantity>16.00</Quantity>
      <UnitOfMeasure>לא ידוע</UnitOfMeasure>
      <bIsWeighted>0</bIsWeighted>
      <QtyInPackage>לא ידוע</QtyInPackage>
      <ItemPrice>5.50</ItemPrice>
      <UnitOfMeasurePrice>0.3438</UnitOfMeasurePrice>
      <AllowDiscount>1</AllowDiscount>
      <ItemStatus>1</ItemStatus>
      <ItemId>249548</ItemId>
    </Item>
    <Item>
      <PriceUpdateDate>2025-08-31 08:42:58</PriceUpdateDate>
      <ItemCode>6934731210138</ItemCode>
      <ItemType>1</ItemType>
      <ItemName>אטריות טריות עבות 20</ItemName>
      <ManufacturerName>לא ידוע</ManufacturerName>
      <ManufactureCountry>לא ידוע</ManufactureCountry>
      <ManufacturerItemDescription>אטריות טריות עבות 20</ManufacturerItemDescription>
      <UnitQty>לא ידוע</UnitQty>
      <Quantity>200.00</Quantity>
      <UnitOfMeasure>לא ידוע</UnitOfMeasure>
      <bIsWeighted>0</bIsWeighted>
      <QtyInPackage>לא ידוע</QtyInPackage>
      <ItemPrice>9.90</ItemPrice>
      <UnitOfMeasurePrice>0.0495</UnitOfMeasurePrice>
      <AllowDiscount>1</AllowDiscount>
      <ItemStatus>1</ItemStatus>
      <ItemId>246171</ItemId>
    </Item>
    <Item>
      <PriceUpdateDate>2025-08-31 09:22:41</PriceUpdateDate>
      <ItemCode>7290017812052</ItemCode>
      <ItemType>1</ItemType>
      <ItemName>יין אקסלנס שיראז-קבר</ItemName>
      <ManufacturerName>קריות זול</ManufacturerName>
      <ManufactureCountry>לא ידוע</ManufactureCountry>
      <ManufacturerItemDescription>יין אקסלנס שיראז-קבר</ManufacturerItemDescription>
      <UnitQty>לא ידוע</UnitQty>
      <Quantity>750.00</Quantity>
      <UnitOfMeasure>לא ידוע</UnitOfMeasure>
      <bIsWeighted>0</bIsWeighted>
      <QtyInPackage>לא ידוע</QtyInPackage>
      <ItemPrice>31.90</ItemPrice>
      <UnitOfMeasurePrice>0.0425</UnitOfMeasurePrice>
      <AllowDiscount>1</AllowDiscount>
      <ItemStatus>1</ItemStatus>
      <ItemId>212965</ItemId>
    </Item>
    <Item>
      <PriceUpdateDate>2025-09-07 10:42:00</PriceUpdateDate>
      <ItemCode>7290108356793</ItemCode>
      <ItemType>1</ItemType>
      <ItemName>נוזל לניקוי ובישום א</ItemName>
      <ManufacturerName>לא ידוע</ManufacturerName>
      <ManufactureCountry>לא ידוע</ManufactureCountry>
      <ManufacturerItemDescription>נוזל לניקוי ובישום א</ManufacturerItemDescription>
      <UnitQty>לא ידוע</UnitQty>
      <Quantity>750.00</Quantity>
      <UnitOfMeasure>לא ידוע</UnitOfMeasure>
      <bIsWeighted>0</bIsWeighted>
      <QtyInPackage>לא ידוע</QtyInPackage>
      <ItemPrice>15.90</ItemPrice>
      <UnitOfMeasurePrice>0.0212</UnitOfMeasurePrice>
      <AllowDiscount>1</AllowDiscount>
      <ItemStatus>1</ItemStatus>
      <ItemId>241221</ItemId>
    </Item>
    <Item>
      <PriceUpdateDate>2025-09-05 12:38:45</PriceUpdateDate>
      <ItemCode>7290107645584</ItemCode>
      <ItemType>1</ItemType>
      <ItemName>מרק עוף אמיתי קנור ר</ItemName>
      <ManufacturerName>קריות זול</ManufacturerName>
      <ManufactureCountry>לא ידוע</ManufactureCountry>
      <ManufacturerItemDescription>מרק עוף אמיתי קנור ר</ManufacturerItemDescription>
      <UnitQty>לא ידוע</UnitQty>
      <Quantity>400.00</Quantity>
      <UnitOfMeasure>לא ידוע</UnitOfMeasure>
      <bIsWeighted>0</bIsWeighted>
      <QtyInPackage>לא ידוע</QtyInPackage>
      <ItemPrice>32.90</ItemPrice>
      <UnitOfMeasurePrice>0.0822</UnitOfMeasurePrice>
      <AllowDiscount>1</AllowDiscount>
      <ItemStatus>1</ItemStatus>
      <ItemId>211816</ItemId>
    </Item>
    <Item>
      <PriceUpdateDate>2025-05-07 12:56:05</PriceUpdateDate>
      <ItemCode>7290010065301</ItemCode>
      <ItemType>1</ItemType>
      <ItemName>פרינוק מחית סלט פירו</ItemName>
      <ManufacturerName>לא ידוע</ManufacturerName>
      <ManufactureCountry>לא ידוע</ManufactureCountry>
      <ManufacturerItemDescription>פרינוק מחית סלט פירו</ManufacturerItemDescription>
      <UnitQty>לא ידוע</UnitQty>
      <Quantity>130.00</Quantity>
      <UnitOfMeasure>לא ידוע</UnitOfMeasure>
      <bIsWeighted>0</bIsWeighted>
      <QtyInPackage>לא ידוע</QtyInPackage>
      <ItemPrice>6.90</ItemPrice>
      <UnitOfMeasurePrice>0.0531</UnitOfMeasurePrice>
      <AllowDiscount>1</AllowDiscount>
      <ItemStatus>1</ItemStatus>
      <ItemId>205073</ItemId>
    </Item>
    <Item>
      <PriceUpdateDate>2025-08-24 20:32:03</PriceUpdateDate>
      <ItemCode>7290000024530</ItemCode>
      <ItemType>1</ItemType>
      <ItemName>יין אדום מתוק קידוש</ItemName>
      <ManufacturerName>לא ידוע</ManufacturerName>
      <ManufactureCountry>לא ידוע</ManufactureCountry>
      <ManufacturerItemDescription>יין אדום מתוק קידוש</ManufacturerItemDescription>
      <UnitQty>לא ידוע</UnitQty>
      <Quantity>750.00</Quantity>
      <UnitOfMeasure>לא ידוע</UnitOfMeasure>
      <bIsWeighted>0</bIsWeighted>
      <QtyInPackage>לא ידוע</QtyInPackage>
      <ItemPrice>18.90</ItemPrice>
      <UnitOfMeasurePrice>0.0252</UnitOfMeasurePrice>
      <AllowDiscount>1</AllowDiscount>
      <ItemStatus>1</ItemStatus>
      <ItemId>205212</ItemId>
    </Item>
    <Item>
      <PriceUpdateDate>2025-08-21 08:09:48</PriceUpdateDate>
      <ItemCode>7290000311869</ItemCode>
      <ItemType>1</ItemType>
      <ItemName>וופל מן בטעם שוקולד</ItemName>
      <ManufacturerName>לא ידוע</ManufacturerName>
      <ManufactureCountry>לא ידוע</ManufactureCountry>
      <ManufacturerItemDescription>וופל מן בטעם שוקולד</ManufacturerItemDescription>
      <UnitQty>לא ידוע</UnitQty>
      <Quantity>180.00</Quantity>
      <UnitOfMeasure>לא ידוע</UnitOfMeasure>
      <bIsWeighted>0</bIsWeighted>
      <QtyInPackage>לא ידוע</QtyInPackage>
      <ItemPrice>10.90</ItemPrice>
      <UnitOfMeasurePrice>0.0606</UnitOfMeasurePrice>
      <AllowDiscount>1</AllowDiscount>
      <ItemStatus>1</ItemStatus>
      <ItemId>207873</ItemId>
    </Item>
    <Item>
      <PriceUpdateDate>2025-08-26 11:17:52</PriceUpdateDate>
      <ItemCode>7290001973233</ItemCode>
      <ItemType>1</ItemType>
      <ItemName>קמיל בלו סנסטיב מגבו</ItemName>
      <ManufacturerName>לא ידוע</ManufacturerName>
      <ManufactureCountry>לא ידוע</ManufactureCountry>
      <ManufacturerItemDescription>קמיל בלו סנסטיב מגבו</ManufacturerItemDescription>
      <UnitQty>יחידה   </UnitQty>
      <Quantity>0.00</Quantity>
      <UnitOfMeasure>יחידה   </UnitOfMeasure>
      <bIsWeighted>0</bIsWeighted>
      <QtyInPackage>לא ידוע</QtyInPackage>
      <ItemPrice>13.90</ItemPrice>
      <UnitOfMeasurePrice>0.0000</UnitOfMeasurePrice>
      <AllowDiscount>1</AllowDiscount>
      <ItemStatus>1</ItemStatus>
      <ItemId>205444</ItemId>
    </Item>
    <Item>
      <PriceUpdateDate>2025-08-26 11:07:43</PriceUpdateDate>
      <ItemCode>7290000522340</ItemCode>
      <ItemType>1</ItemType>
      <ItemName>שמנת לבישול 15% 250</ItemName>
      <ManufacturerName>לא ידוע</ManufacturerName>
      <ManufactureCountry>לא ידוע</ManufactureCountry>
      <ManufacturerItemDescription>שמנת לבישול 15% 250</ManufacturerItemDescription>
      <UnitQty>לא ידוע</UnitQty>
      <Quantity>250.00</Quantity>
      <UnitOfMeasure>לא ידוע</UnitOfMeasure>
      <bIsWeighted>0</bIsWeighted>
      <QtyInPackage>לא ידוע</QtyInPackage>
      <ItemPrice>10.90</ItemPrice>
      <UnitOfMeasurePrice>0.0436</UnitOfMeasurePrice>
      <AllowDiscount>1</AllowDiscount>
      <ItemStatus>1</ItemStatus>
      <ItemId>218076</ItemId>
    </Item>
    <Item>
      <PriceUpdateDate>2025-09-07 10:41:20</PriceUpdateDate>
      <ItemCode>7290108351514</ItemCode>
      <ItemType>1</ItemType>
      <ItemName>סנו מקסימה מרכך כביס</ItemName>
      <ManufacturerName>לא ידוע</ManufacturerName>
      <ManufactureCountry>לא ידוע</ManufactureCountry>
      <ManufacturerItemDescription>סנו מקסימה מרכך כביס</ManufacturerItemDescription>
      <UnitQty>ליטרים</UnitQty>
      <Quantity>4.00</Quantity>
      <UnitOfMeasure>ליטר    </UnitOfMeasure>
      <bIsWeighted>0</bIsWeighted>
      <QtyInPackage>לא ידוע</QtyInPackage>
      <ItemPrice>24.90</ItemPrice>
      <UnitOfMeasurePrice>6.2250</UnitOfMeasurePrice>
      <AllowDiscount>1</AllowDiscount>
      <ItemStatus>1</ItemStatus>
      <ItemId>205661</ItemId>
    </Item>
    <Item>
      <PriceUpdateDate>2025-08-20 11:39:41</PriceUpdateDate>
      <ItemCode>7290010777297</ItemCode>
      <ItemType>1</ItemType>
      <ItemName>פיתה ביס עבודת יד</ItemName>
      <ManufacturerName>לא ידוע</ManufacturerName>
      <ManufactureCountry>לא ידוע</ManufactureCountry>
      <ManufacturerItemDescription>פיתה ביס עבודת יד</ManufacturerItemDescription>
      <UnitQty>יחידה   </UnitQty>
      <Quantity>0.00</Quantity>
      <UnitOfMeasure>יחידה   </UnitOfMeasure>
      <bIsWeighted>0</bIsWeighted>
      <QtyInPackage>לא ידוע</QtyInPackage>
      <ItemPrice>15.90</ItemPrice>
      <UnitOfMeasurePrice>0.0000</UnitOfMeasurePrice>
      <AllowDiscount>1</AllowDiscount>
      <ItemStatus>1</ItemStatus>
      <ItemId>218088</ItemId>
    </Item>
    <Item>
      <PriceUpdateDate>2022-04-17 11:17:41</PriceUpdateDate>
      <ItemCode>7290002408017</ItemCode>
      <ItemType>1</ItemType>
      <ItemName>גאודה עיזים מולן הכפ</ItemName>
      <ManufacturerName>לא ידוע</ManufacturerName>
      <ManufactureCountry>ישראל</ManufactureCountry>
      <ManufacturerItemDescription>גאודה עיזים מולן הכפ</ManufacturerItemDescription>
      <UnitQty>קילוגרמים</UnitQty>
      <Quantity>1.00</Quantity>
      <UnitOfMeasure>ק"ג</UnitOfMeasure>
      <bIsWeighted>1</bIsWeighted>
      <QtyInPackage>לא ידוע</QtyInPackage>
      <ItemPrice>120.00</ItemPrice>
      <UnitOfMeasurePrice>120.0000</UnitOfMeasurePrice>
      <AllowDiscount>1</AllowDiscount>
      <ItemStatus>1</ItemStatus>
      <ItemId>205829</ItemId>
    </Item>
    <Item>
      <PriceUpdateDate>2025-08-19 08:23:09</PriceUpdateDate>
      <ItemCode>4823077617041</ItemCode>
      <ItemType>1</ItemType>
      <ItemName>באטונציק קרמל 40גר</ItemName>
      <ManufacturerName>לא ידוע</ManufacturerName>
      <ManufactureCountry>לא ידוע</ManufactureCountry>
      <ManufacturerItemDescription>באטונציק קרמל 40גר</ManufacturerItemDescription>
      <UnitQty>לא ידוע</UnitQty>
      <Quantity>40.00</Quantity>
      <UnitOfMeasure>לא ידוע</UnitOfMeasure>
      <bIsWeighted>0</bIsWeighted>
      <QtyInPackage>לא ידוע</QtyInPackage>
      <ItemPrice>6.90</ItemPrice>
      <UnitOfMeasurePrice>0.1725</UnitOfMeasurePrice>
      <AllowDiscount>1</AllowDiscount>
      <ItemStatus>1</ItemStatus>
      <ItemId>205857</ItemId>
    </Item>
    <Item>
      <PriceUpdateDate>2025-04-20 08:20:20</PriceUpdateDate>
      <ItemCode>4823077608513</ItemCode>
      <ItemType>1</ItemType>
      <ItemName>סוכריות קורובקה 205ג</ItemName>
      <ManufacturerName>לא ידוע</ManufacturerName>
      <ManufactureCountry>לא ידוע</ManufactureCountry>
      <ManufacturerItemDescription>סוכריות קורובקה 205ג</ManufacturerItemDescription>
      <UnitQty>לא ידוע</UnitQty>
      <Quantity>205.00</Quantity>
      <UnitOfMeasure>לא ידוע</UnitOfMeasure>
      <bIsWeighted>0</bIsWeighted>
      <QtyInPackage>לא ידוע</QtyInPackage>
      <ItemPrice>9.90</ItemPrice>
      <UnitOfMeasurePrice>0.0483</UnitOfMeasurePrice>
      <AllowDiscount>1</AllowDiscount>
      <ItemStatus>1</ItemStatus>
      <ItemId>205868</ItemId>
    </Item>
    <Item>
      <PriceUpdateDate>2024-12-31 12:17:00</PriceUpdateDate>
      <ItemCode>7290108354270</ItemCode>
      <ItemType>1</ItemType>
      <ItemName>מקסימה מרכך כביסה מר</ItemName>
      <ManufacturerName>לא ידוע</ManufacturerName>
      <ManufactureCountry>לא ידוע</ManufactureCountry>
      <ManufacturerItemDescription>מקסימה מרכך כביסה מר</ManufacturerItemDescription>
      <UnitQty>לא ידוע</UnitQty>
      <Quantity>1000.00</Quantity>
      <UnitOfMeasure>לא ידוע</UnitOfMeasure>
      <bIsWeighted>0</bIsWeighted>
      <QtyInPackage>לא ידוע</QtyInPackage>
      <ItemPrice>19.90</ItemPrice>
      <UnitOfMeasurePrice>0.0199</UnitOfMeasurePrice>
      <AllowDiscount>1</AllowDiscount>
      <ItemStatus>1</ItemStatus>
      <ItemId>236377</ItemId>
    </Item>
    <Item>
      <PriceUpdateDate>2025-08-19 18:18:58</PriceUpdateDate>
      <ItemCode>4014400923711</ItemCode>
      <ItemType>1</ItemType>
      <ItemName>טופיפי 125 גרם</ItemName>
      <ManufacturerName>קריות זול</ManufacturerName>
      <ManufactureCountry>לא ידוע</ManufactureCountry>
      <ManufacturerItemDescription>טופיפי 125 גרם</ManufacturerItemDescription>
      <UnitQty>לא ידוע</UnitQty>
      <Quantity>125.00</Quantity>
      <UnitOfMeasure>לא ידוע</UnitOfMeasure>
      <bIsWeighted>0</bIsWeighted>
      <QtyInPackage>לא ידוע</QtyInPackage>
      <ItemPrice>15.90</ItemPrice>
      <UnitOfMeasurePrice>0.1272</UnitOfMeasurePrice>
      <AllowDiscount>1</AllowDiscount>
      <ItemStatus>1</ItemStatus>
      <ItemId>206041</ItemId>
    </Item>
    <Item>
      <PriceUpdateDate>2025-09-17 08:55:03</PriceUpdateDate>
      <ItemCode>4009900514996</ItemCode>
      <ItemType>1</ItemType>
      <ItemName>אורביט תות בקבוקון</ItemName>
      <ManufacturerName>לא ידוע</ManufacturerName>
      <ManufactureCountry>לא ידוע</ManufactureCountry>
      <ManufacturerItemDescription>אורביט תות בקבוקון</ManufacturerItemDescription>
      <UnitQty>לא ידוע</UnitQty>
      <Quantity>64.00</Quantity>
      <UnitOfMeasure>לא ידוע</UnitOfMeasure>
      <bIsWeighted>0</bIsWeighted>
      <QtyInPackage>לא ידוע</QtyInPackage>
      <ItemPrice>14.90</ItemPrice>
      <UnitOfMeasurePrice>0.2328</UnitOfMeasurePrice>
      <AllowDiscount>1</AllowDiscount>
      <ItemStatus>1</ItemStatus>
      <ItemId>206050</ItemId>
    </Item>
    <Item>
      <PriceUpdateDate>2025-08-31 08:42:58</PriceUpdateDate>
      <ItemCode>6974640730167</ItemCode>
      <ItemType>1</ItemType>
      <ItemName>פטריות שיטאקה מזרח ו</ItemName>
      <ManufacturerName>לא ידוע</ManufacturerName>
      <ManufactureCountry>לא ידוע</ManufactureCountry>
      <ManufacturerItemDescription>פטריות שיטאקה מזרח ו</ManufacturerItemDescription>
      <UnitQty>לא ידוע</UnitQty>
      <Quantity>100.00</Quantity>
      <UnitOfMeasure>לא ידוע</UnitOfMeasure>
      <bIsWeighted>0</bIsWeighted>
      <QtyInPackage>לא ידוע</QtyInPackage>
      <ItemPrice>16.90</ItemPrice>
      <UnitOfMeasurePrice>0.1690</UnitOfMeasurePrice>
      <AllowDiscount>1</AllowDiscount>
      <ItemStatus>1</ItemStatus>
      <ItemId>251889</ItemId>
    </Item>
    <Item>
      <PriceUpdateDate>2025-08-26 11:20:32</PriceUpdateDate>
      <ItemCode>7290016682496</ItemCode>
      <ItemType>1</ItemType>
      <ItemName>מיץ חמוציות 99% פרי</ItemName>
      <ManufacturerName>לא ידוע</ManufacturerName>
      <ManufactureCountry>לא ידוע</ManufactureCountry>
      <ManufacturerItemDescription>מיץ חמוציות 99% פרי</ManufacturerItemDescription>
      <UnitQty>לא ידוע</UnitQty>
      <Quantity>1000.00</Quantity>
      <UnitOfMeasure>לא ידוע</UnitOfMeasure>
      <bIsWeighted>0</bIsWeighted>
      <QtyInPackage>לא ידוע</QtyInPackage>
      <ItemPrice>14.20</ItemPrice>
      <UnitOfMeasurePrice>0.0142</UnitOfMeasurePrice>
      <AllowDiscount>1</AllowDiscount>
      <ItemStatus>1</ItemStatus>
      <ItemId>251750</ItemId>
    </Item>
    <Item>
      <PriceUpdateDate>2025-08-28 10:19:07</PriceUpdateDate>
      <ItemCode>7290117266021</ItemCode>
      <ItemType>1</ItemType>
      <ItemName>רביעיית רסק תפוחי עץ</ItemName>
      <ManufacturerName>לא ידוע</ManufacturerName>
      <ManufactureCountry>לא ידוע</ManufactureCountry>
      <ManufacturerItemDescription>רביעיית רסק תפוחי עץ</ManufacturerItemDescription>
      <UnitQty>לא ידוע</UnitQty>
      <Quantity>113.00</Quantity>
      <UnitOfMeasure>לא ידוע</UnitOfMeasure>
      <bIsWeighted>0</bIsWeighted>
      <QtyInPackage>לא ידוע</QtyInPackage>
      <ItemPrice>15.50</ItemPrice>
      <UnitOfMeasurePrice>0.1372</UnitOfMeasurePrice>
      <AllowDiscount>1</AllowDiscount>
      <ItemStatus>1</ItemStatus>
      <ItemId>251516</ItemId>
    </Item>
    <Item>
      <PriceUpdateDate>2025-08-31 08:44:21</PriceUpdateDate>
      <ItemCode>7290005733994</ItemCode>
      <ItemType>1</ItemType>
      <ItemName>סט כלים (ימ(</ItemName>
      <ManufacturerName>לא ידוע</ManufacturerName>
      <ManufactureCountry>לא ידוע</ManufactureCountry>
      <ManufacturerItemDescription>סט כלים (ימ(</ManufacturerItemDescription>
      <UnitQty>יחידה   </UnitQty>
      <Quantity>0.00</Quantity>
      <UnitOfMeasure>יחידה   </UnitOfMeasure>
      <bIsWeighted>0</bIsWeighted>
      <QtyInPackage>לא ידוע</QtyInPackage>
      <ItemPrice>32.90</ItemPrice>
      <UnitOfMeasurePrice>0.0000</UnitOfMeasurePrice>
      <AllowDiscount>1</AllowDiscount>
      <ItemStatus>1</ItemStatus>
      <ItemId>218147</ItemId>
    </Item>
    <Item>
      <PriceUpdateDate>2025-09-04 08:51:23</PriceUpdateDate>
      <ItemCode>7290018237373</ItemCode>
      <ItemType>1</ItemType>
      <ItemName>פסטרמה צרובה על הגרי</ItemName>
      <ManufacturerName>לא ידוע</ManufacturerName>
      <ManufactureCountry>לא ידוע</ManufactureCountry>
      <ManufacturerItemDescription>פסטרמה צרובה על הגרי</ManufacturerItemDescription>
      <UnitQty>לא ידוע</UnitQty>
      <Quantity>300.00</Quantity>
      <UnitOfMeasure>לא ידוע</UnitOfMeasure>
      <bIsWeighted>0</bIsWeighted>
      <QtyInPackage>לא ידוע</QtyInPackage>
      <ItemPrice>33.90</ItemPrice>
      <UnitOfMeasurePrice>0.1130</UnitOfMeasurePrice>
      <AllowDiscount>1</AllowDiscount>
      <ItemStatus>1</ItemStatus>
      <ItemId>237979</ItemId>
    </Item>
    <Item>
      <PriceUpdateDate>2025-09-08 07:57:20</PriceUpdateDate>
      <ItemCode>8001440118944</ItemCode>
      <ItemType>1</ItemType>
      <ItemName>עגבניות פולפה ציריו</ItemName>
      <ManufacturerName>לא ידוע</ManufacturerName>
      <ManufactureCountry>לא ידוע</ManufactureCountry>
      <ManufacturerItemDescription>עגבניות פולפה ציריו</ManufacturerItemDescription>
      <UnitQty>לא ידוע</UnitQty>
      <Quantity>1200.00</Quantity>
      <UnitOfMeasure>לא ידוע</UnitOfMeasure>
      <bIsWeighted>0</bIsWeighted>
      <QtyInPackage>לא ידוע</QtyInPackage>
      <ItemPrice>17.90</ItemPrice>
      <UnitOfMeasurePrice>0.0149</UnitOfMeasurePrice>
      <AllowDiscount>1</AllowDiscount>
      <ItemStatus>1</ItemStatus>
      <ItemId>238656</ItemId>
    </Item>
    <Item>
      <PriceUpdateDate>2025-08-26 12:01:45</PriceUpdateDate>
      <ItemCode>7290107939027</ItemCode>
      <ItemType>1</ItemType>
      <ItemName>גזר דק דק ירקות טעם</ItemName>
      <ManufacturerName>לא ידוע</ManufacturerName>
      <ManufactureCountry>לא ידוע</ManufactureCountry>
      <ManufacturerItemDescription>גזר דק דק ירקות טעם</ManufacturerItemDescription>
      <UnitQty>לא ידוע</UnitQty>
      <Quantity>250.00</Quantity>
      <UnitOfMeasure>לא ידוע</UnitOfMeasure>
      <bIsWeighted>0</bIsWeighted>
      <QtyInPackage>לא ידוע</QtyInPackage>
      <ItemPrice>8.90</ItemPrice>
      <UnitOfMeasurePrice>0.0356</UnitOfMeasurePrice>
      <AllowDiscount>1</AllowDiscount>
      <ItemStatus>1</ItemStatus>
      <ItemId>206118</ItemId>
    </Item>
    <Item>
      <PriceUpdateDate>2025-04-20 08:35:25</PriceUpdateDate>
      <ItemCode>4770237049443</ItemCode>
      <ItemType>1</ItemType>
      <ItemName>פלומביר גלידה קרם בר</ItemName>
      <ManufacturerName>לא ידוע</ManufacturerName>
      <ManufactureCountry>לא ידוע</ManufactureCountry>
      <ManufacturerItemDescription>פלומביר גלידה קרם בר</ManufacturerItemDescription>
      <UnitQty>יחידה   </UnitQty>
      <Quantity>0.00</Quantity>
      <UnitOfMeasure>יחידה   </UnitOfMeasure>
      <bIsWeighted>0</bIsWeighted>
      <QtyInPackage>לא ידוע</QtyInPackage>
      <ItemPrice>7.90</ItemPrice>
      <UnitOfMeasurePrice>0.0000</UnitOfMeasurePrice>
      <AllowDiscount>1</AllowDiscount>
      <ItemStatus>1</ItemStatus>
      <ItemId>206122</ItemId>
    </Item>
    <Item>
      <PriceUpdateDate>2025-08-18 11:48:51</PriceUpdateDate>
      <ItemCode>54881008181</ItemCode>
      <ItemType>1</ItemType>
      <ItemName>תה אינגליש אחמד 100י</ItemName>
      <ManufacturerName>לא ידוע</ManufacturerName>
      <ManufactureCountry>לא ידוע</ManufactureCountry>
      <ManufacturerItemDescription>תה אינגליש אחמד 100י</ManufacturerItemDescription>
      <UnitQty>לא ידוע</UnitQty>
      <Quantity>0.00</Quantity>
      <UnitOfMeasure>לא ידוע</UnitOfMeasure>
      <bIsWeighted>0</bIsWeighted>
      <QtyInPackage>לא ידוע</QtyInPackage>
      <ItemPrice>20.90</ItemPrice>
      <UnitOfMeasurePrice>0.0000</UnitOfMeasurePrice>
      <AllowDiscount>1</AllowDiscount>
      <ItemStatus>1</ItemStatus>
      <ItemId>206131</ItemId>
    </Item>
    <Item>
      <PriceUpdateDate>2025-08-20 09:03:26</PriceUpdateDate>
      <ItemCode>5900951316272</ItemCode>
      <ItemType>1</ItemType>
      <ItemName>אם אן אם בוטנים 150</ItemName>
      <ManufacturerName>לא ידוע</ManufacturerName>
      <ManufactureCountry>לא ידוע</ManufactureCountry>
      <ManufacturerItemDescription>אם אן אם בוטנים 150</ManufacturerItemDescription>
      <UnitQty>לא ידוע</UnitQty>
      <Quantity>150.00</Quantity>
      <UnitOfMeasure>לא ידוע</UnitOfMeasure>
      <bIsWeighted>0</bIsWeighted>
      <QtyInPackage>לא ידוע</QtyInPackage>
      <ItemPrice>17.90</ItemPrice>
      <UnitOfMeasurePrice>0.1193</UnitOfMeasurePrice>
      <AllowDiscount>1</AllowDiscount>
      <ItemStatus>1</ItemStatus>
      <ItemId>248751</ItemId>
    </Item>
    <Item>
      <PriceUpdateDate>2025-08-31 10:14:30</PriceUpdateDate>
      <ItemCode>7290018904978</ItemCode>
      <ItemType>1</ItemType>
      <ItemName>שערות קדאיף 450 גרם</ItemName>
      <ManufacturerName>לא ידוע</ManufacturerName>
      <ManufactureCountry>לא ידוע</ManufactureCountry>
      <ManufacturerItemDescription>שערות קדאיף 450 גרם</ManufacturerItemDescription>
      <UnitQty>לא ידוע</UnitQty>
      <Quantity>450.00</Quantity>
      <UnitOfMeasure>לא ידוע</UnitOfMeasure>
      <bIsWeighted>0</bIsWeighted>
      <QtyInPackage>לא ידוע</QtyInPackage>
      <ItemPrice>17.90</ItemPrice>
      <UnitOfMeasurePrice>0.0398</UnitOfMeasurePrice>
      <AllowDiscount>1</AllowDiscount>
      <ItemStatus>1</ItemStatus>
      <ItemId>246765</ItemId>
    </Item>
    <Item>
      <PriceUpdateDate>2025-09-03 15:21:49</PriceUpdateDate>
      <ItemCode>7290016867282</ItemCode>
      <ItemType>1</ItemType>
      <ItemName>פיתות כוסמין 8 יחידו</ItemName>
      <ManufacturerName>לא ידוע</ManufacturerName>
      <ManufactureCountry>לא ידוע</ManufactureCountry>
      <ManufacturerItemDescription>פיתות כוסמין 8 יחידו</ManufacturerItemDescription>
      <UnitQty>לא ידוע</UnitQty>
      <Quantity>400.00</Quantity>
      <UnitOfMeasure>לא ידוע</UnitOfMeasure>
      <bIsWeighted>0</bIsWeighted>
      <QtyInPackage>לא ידוע</QtyInPackage>
      <ItemPrice>20.90</ItemPrice>
      <UnitOfMeasurePrice>0.0522</UnitOfMeasurePrice>
      <AllowDiscount>1</AllowDiscount>
      <ItemStatus>1</ItemStatus>
      <ItemId>246705</ItemId>
    </Item>
    <Item>
      <PriceUpdateDate>2025-08-31 09:58:24</PriceUpdateDate>
      <ItemCode>7290108509212</ItemCode>
      <ItemType>1</ItemType>
      <ItemName>חטיף אורז אפוי בטעם</ItemName>
      <ManufacturerName>לא ידוע</ManufacturerName>
      <ManufactureCountry>לא ידוע</ManufactureCountry>
      <ManufacturerItemDescription>חטיף אורז אפוי בטעם</ManufacturerItemDescription>
      <UnitQty>לא ידוע</UnitQty>
      <Quantity>50.00</Quantity>
      <UnitOfMeasure>לא ידוע</UnitOfMeasure>
      <bIsWeighted>0</bIsWeighted>
      <QtyInPackage>לא ידוע</QtyInPackage>
      <ItemPrice>14.90</ItemPrice>
      <UnitOfMeasurePrice>0.2980</UnitOfMeasurePrice>
      <AllowDiscount>1</AllowDiscount>
      <ItemStatus>1</ItemStatus>
      <ItemId>241494</ItemId>
    </Item>
    <Item>
      <PriceUpdateDate>2025-08-31 10:12:21</PriceUpdateDate>
      <ItemCode>7290110558420</ItemCode>
      <ItemType>1</ItemType>
      <ItemName>אלפרו משקה שיבולת שו</ItemName>
      <ManufacturerName>לא ידוע</ManufacturerName>
      <ManufactureCountry>לא ידוע</ManufactureCountry>
      <ManufacturerItemDescription>אלפרו משקה שיבולת שו</ManufacturerItemDescription>
      <UnitQty>לא ידוע</UnitQty>
      <Quantity>1000.00</Quantity>
      <UnitOfMeasure>לא ידוע</UnitOfMeasure>
      <bIsWeighted>0</bIsWeighted>
      <QtyInPackage>לא ידוע</QtyInPackage>
      <ItemPrice>16.90</ItemPrice>
      <UnitOfMeasurePrice>0.0169</UnitOfMeasurePrice>
      <AllowDiscount>1</AllowDiscount>
      <ItemStatus>1</ItemStatus>
      <ItemId>241271</ItemId>
    </Item>
    <Item>
      <PriceUpdateDate>2025-09-08 07:57:28</PriceUpdateDate>
      <ItemCode>8715700118925</ItemCode>
      <ItemType>1</ItemType>
      <ItemName>קטשופ היינץ חריף 460</ItemName>
      <ManufacturerName>לא ידוע</ManufacturerName>
      <ManufactureCountry>לא ידוע</ManufactureCountry>
      <ManufacturerItemDescription>קטשופ היינץ חריף 460</ManufacturerItemDescription>
      <UnitQty>לא ידוע</UnitQty>
      <Quantity>460.00</Quantity>
      <UnitOfMeasure>לא ידוע</UnitOfMeasure>
      <bIsWeighted>0</bIsWeighted>
      <QtyInPackage>לא ידוע</QtyInPackage>
      <ItemPrice>13.90</ItemPrice>
      <UnitOfMeasurePrice>0.0302</UnitOfMeasurePrice>
      <AllowDiscount>1</AllowDiscount>
      <ItemStatus>1</ItemStatus>
      <ItemId>241251</ItemId>
    </Item>
    <Item>
      <PriceUpdateDate>2025-09-08 07:58:50</PriceUpdateDate>
      <ItemCode>7290120663688</ItemCode>
      <ItemType>1</ItemType>
      <ItemName>מאוורר סוכריות -12יח</ItemName>
      <ManufacturerName>לא ידוע</ManufacturerName>
      <ManufactureCountry>לא ידוע</ManufactureCountry>
      <ManufacturerItemDescription>מאוורר סוכריות -12יח</ManufacturerItemDescription>
      <UnitQty>יחידה   </UnitQty>
      <Quantity>0.00</Quantity>
      <UnitOfMeasure>יחידה   </UnitOfMeasure>
      <bIsWeighted>0</bIsWeighted>
      <QtyInPackage>לא ידוע</QtyInPackage>
      <ItemPrice>9.50</ItemPrice>
      <UnitOfMeasurePrice>0.0000</UnitOfMeasurePrice>
      <AllowDiscount>1</AllowDiscount>
      <ItemStatus>1</ItemStatus>
      <ItemId>255223</ItemId>
    </Item>
    <Item>
      <PriceUpdateDate>2025-08-26 12:01:45</PriceUpdateDate>
      <ItemCode>7290106653689</ItemCode>
      <ItemType>1</ItemType>
      <ItemName>לקט לסלט אסייתי טעם</ItemName>
      <ManufacturerName>לא ידוע</ManufacturerName>
      <ManufactureCountry>לא ידוע</ManufactureCountry>
      <ManufacturerItemDescription>לקט לסלט אסייתי טעם</ManufacturerItemDescription>
      <UnitQty>לא ידוע</UnitQty>
      <Quantity>350.00</Quantity>
      <UnitOfMeasure>לא ידוע</UnitOfMeasure>
      <bIsWeighted>0</bIsWeighted>
      <QtyInPackage>לא ידוע</QtyInPackage>
      <ItemPrice>14.90</ItemPrice>
      <UnitOfMeasurePrice>0.0426</UnitOfMeasurePrice>
      <AllowDiscount>1</AllowDiscount>
      <ItemStatus>1</ItemStatus>
      <ItemId>206333</ItemId>
    </Item>
    <Item>
      <PriceUpdateDate>2025-04-20 08:20:20</PriceUpdateDate>
      <ItemCode>4823077612732</ItemCode>
      <ItemType>1</ItemType>
      <ItemName>סוכריות בים בום 200</ItemName>
      <ManufacturerName>לא ידוע</ManufacturerName>
      <ManufactureCountry>לא ידוע</ManufactureCountry>
      <ManufacturerItemDescription>סוכריות בים בום 200</ManufacturerItemDescription>
      <UnitQty>לא ידוע</UnitQty>
      <Quantity>200.00</Quantity>
      <UnitOfMeasure>לא ידוע</UnitOfMeasure>
      <bIsWeighted>0</bIsWeighted>
      <QtyInPackage>לא ידוע</QtyInPackage>
      <ItemPrice>9.90</ItemPrice>
      <UnitOfMeasurePrice>0.0495</UnitOfMeasurePrice>
      <AllowDiscount>1</AllowDiscount>
      <ItemStatus>1</ItemStatus>
      <ItemId>213587</ItemId>
    </Item>
    <Item>
      <PriceUpdateDate>2025-09-03 11:55:43</PriceUpdateDate>
      <ItemCode>7290111566752</ItemCode>
      <ItemType>1</ItemType>
      <ItemName>טבעול שניצל תירס 99</ItemName>
      <ManufacturerName>קריות זול</ManufacturerName>
      <ManufactureCountry>לא ידוע</ManufactureCountry>
      <ManufacturerItemDescription>טבעול שניצל תירס 99</ManufacturerItemDescription>
      <UnitQty>לא ידוע</UnitQty>
      <Quantity>693.00</Quantity>
      <UnitOfMeasure>לא ידוע</UnitOfMeasure>
      <bIsWeighted>0</bIsWeighted>
      <QtyInPackage>לא ידוע</QtyInPackage>
      <ItemPrice>40.90</ItemPrice>
      <UnitOfMeasurePrice>0.0590</UnitOfMeasurePrice>
      <AllowDiscount>1</AllowDiscount>
      <ItemStatus>1</ItemStatus>
      <ItemId>209763</ItemId>
    </Item>
    <Item>
      <PriceUpdateDate>2025-08-20 13:15:51</PriceUpdateDate>
      <ItemCode>7290000204512</ItemCode>
      <ItemType>1</ItemType>
      <ItemName>מטליות לחות לרצפה בר</ItemName>
      <ManufacturerName>לא ידוע</ManufacturerName>
      <ManufactureCountry>לא ידוע</ManufactureCountry>
      <ManufacturerItemDescription>מטליות לחות לרצפה בר</ManufacturerItemDescription>
      <UnitQty>יחידה   </UnitQty>
      <Quantity>0.00</Quantity>
      <UnitOfMeasure>יחידה   </UnitOfMeasure>
      <bIsWeighted>0</bIsWeighted>
      <QtyInPackage>לא ידוע</QtyInPackage>
      <ItemPrice>13.90</ItemPrice>
      <UnitOfMeasurePrice>0.0000</UnitOfMeasurePrice>
      <AllowDiscount>1</AllowDiscount>
      <ItemStatus>1</ItemStatus>
      <ItemId>206474</ItemId>
    </Item>
    <Item>
      <PriceUpdateDate>2025-08-26 11:08:04</PriceUpdateDate>
      <ItemCode>7290013771384</ItemCode>
      <ItemType>1</ItemType>
      <ItemName>יוגורט יווני השומרון</ItemName>
      <ManufacturerName>לא ידוע</ManufacturerName>
      <ManufactureCountry>לא ידוע</ManufactureCountry>
      <ManufacturerItemDescription>יוגורט יווני השומרון</ManufacturerItemDescription>
      <UnitQty>לא ידוע</UnitQty>
      <Quantity>400.00</Quantity>
      <UnitOfMeasure>לא ידוע</UnitOfMeasure>
      <bIsWeighted>0</bIsWeighted>
      <QtyInPackage>לא ידוע</QtyInPackage>
      <ItemPrice>16.90</ItemPrice>
      <UnitOfMeasurePrice>0.0422</UnitOfMeasurePrice>
      <AllowDiscount>1</AllowDiscount>
      <ItemStatus>1</ItemStatus>
      <ItemId>206553</ItemId>
    </Item>
    <Item>
      <PriceUpdateDate>2025-09-03 07:19:50</PriceUpdateDate>
      <ItemCode>7290019816126</ItemCode>
      <ItemType>1</ItemType>
      <ItemName>קראנץ' מהדורה מיוחדת</ItemName>
      <ManufacturerName>לא ידוע</ManufacturerName>
      <ManufactureCountry>לא ידוע</ManufactureCountry>
      <ManufacturerItemDescription>קראנץ' מהדורה מיוחדת</ManufacturerItemDescription>
      <UnitQty>לא ידוע</UnitQty>
      <Quantity>100.00</Quantity>
      <UnitOfMeasure>לא ידוע</UnitOfMeasure>
      <bIsWeighted>0</bIsWeighted>
      <QtyInPackage>לא ידוע</QtyInPackage>
      <ItemPrice>13.90</ItemPrice>
      <UnitOfMeasurePrice>0.1390</UnitOfMeasurePrice>
      <AllowDiscount>1</AllowDiscount>
      <ItemStatus>1</ItemStatus>
      <ItemId>252075</ItemId>
    </Item>
    <Item>
      <PriceUpdateDate>2025-08-31 08:44:41</PriceUpdateDate>
      <ItemCode>7290013144515</ItemCode>
      <ItemType>1</ItemType>
      <ItemName>צבע מאכל צהוב 50גר</ItemName>
      <ManufacturerName>לא ידוע</ManufacturerName>
      <ManufactureCountry>לא ידוע</ManufactureCountry>
      <ManufacturerItemDescription>צבע מאכל צהוב 50גר</ManufacturerItemDescription>
      <UnitQty>לא ידוע</UnitQty>
      <Quantity>50.00</Quantity>
      <UnitOfMeasure>לא ידוע</UnitOfMeasure>
      <bIsWeighted>0</bIsWeighted>
      <QtyInPackage>לא ידוע</QtyInPackage>
      <ItemPrice>6.00</ItemPrice>
      <UnitOfMeasurePrice>0.1200</UnitOfMeasurePrice>
      <AllowDiscount>1</AllowDiscount>
      <ItemStatus>1</ItemStatus>
      <ItemId>218223</ItemId>
    </Item>
    <Item>
      <PriceUpdateDate>2025-08-31 10:12:24</PriceUpdateDate>
      <ItemCode>7290110563431</ItemCode>
      <ItemType>1</ItemType>
      <ItemName>משקה קפה קר בסיגנון</ItemName>
      <ManufacturerName>לא ידוע</ManufacturerName>
      <ManufactureCountry>לא ידוע</ManufactureCountry>
      <ManufacturerItemDescription>משקה קפה קר בסיגנון</ManufacturerItemDescription>
      <UnitQty>לא ידוע</UnitQty>
      <Quantity>230.00</Quantity>
      <UnitOfMeasure>לא ידוע</UnitOfMeasure>
      <bIsWeighted>0</bIsWeighted>
      <QtyInPackage>לא ידוע</QtyInPackage>
      <ItemPrice>9.70</ItemPrice>
      <UnitOfMeasurePrice>0.0422</UnitOfMeasurePrice>
      <AllowDiscount>1</AllowDiscount>
      <ItemStatus>1</ItemStatus>
      <ItemId>213118</ItemId>
    </Item>
    <Item>
      <PriceUpdateDate>2025-08-26 10:52:38</PriceUpdateDate>
      <ItemCode>7290106669857</ItemCode>
      <ItemType>1</ItemType>
      <ItemName>קפסולות אספרסו בטעם</ItemName>
      <ManufacturerName>לא ידוע</ManufacturerName>
      <ManufactureCountry>לא ידוע</ManufactureCountry>
      <ManufacturerItemDescription>קפסולות אספרסו בטעם</ManufacturerItemDescription>
      <UnitQty>לא ידוע</UnitQty>
      <Quantity>50.00</Quantity>
      <UnitOfMeasure>לא ידוע</UnitOfMeasure>
      <bIsWeighted>0</bIsWeighted>
      <QtyInPackage>לא ידוע</QtyInPackage>
      <ItemPrice>21.90</ItemPrice>
      <UnitOfMeasurePrice>0.4380</UnitOfMeasurePrice>
      <AllowDiscount>1</AllowDiscount>
      <ItemStatus>1</ItemStatus>
      <ItemId>206625</ItemId>
    </Item>
    <Item>
      <PriceUpdateDate>2025-08-26 11:42:34</PriceUpdateDate>
      <ItemCode>7290107944366</ItemCode>
      <ItemType>1</ItemType>
      <ItemName>רבע לשבע שוקולד לבן</ItemName>
      <ManufacturerName>לא ידוע</ManufacturerName>
      <ManufactureCountry>לא ידוע</ManufactureCountry>
      <ManufacturerItemDescription>רבע לשבע שוקולד לבן</ManufacturerItemDescription>
      <UnitQty>לא ידוע</UnitQty>
      <Quantity>120.00</Quantity>
      <UnitOfMeasure>לא ידוע</UnitOfMeasure>
      <bIsWeighted>0</bIsWeighted>
      <QtyInPackage>לא ידוע</QtyInPackage>
      <ItemPrice>15.90</ItemPrice>
      <UnitOfMeasurePrice>0.1325</UnitOfMeasurePrice>
      <AllowDiscount>1</AllowDiscount>
      <ItemStatus>1</ItemStatus>
      <ItemId>206629</ItemId>
    </Item>
    <Item>
      <PriceUpdateDate>2025-09-07 10:41:19</PriceUpdateDate>
      <ItemCode>7290108351156</ItemCode>
      <ItemType>1</ItemType>
      <ItemName>סנו ג'ט פלוס לניקוי</ItemName>
      <ManufacturerName>לא ידוע</ManufacturerName>
      <ManufactureCountry>לא ידוע</ManufactureCountry>
      <ManufacturerItemDescription>סנו ג'ט פלוס לניקוי</ManufacturerItemDescription>
      <UnitQty>ליטרים</UnitQty>
      <Quantity>1.50</Quantity>
      <UnitOfMeasure>ליטר    </UnitOfMeasure>
      <bIsWeighted>0</bIsWeighted>
      <QtyInPackage>לא ידוע</QtyInPackage>
      <ItemPrice>14.90</ItemPrice>
      <UnitOfMeasurePrice>9.9333</UnitOfMeasurePrice>
      <AllowDiscount>1</AllowDiscount>
      <ItemStatus>1</ItemStatus>
      <ItemId>206648</ItemId>
    </Item>
    <Item>
      <PriceUpdateDate>2025-08-26 12:46:18</PriceUpdateDate>
      <ItemCode>7290100925669</ItemCode>
      <ItemType>1</ItemType>
      <ItemName>קולור קאצ'ר 10דפים</ItemName>
      <ManufacturerName>לא ידוע</ManufacturerName>
      <ManufactureCountry>לא ידוע</ManufactureCountry>
      <ManufacturerItemDescription>קולור קאצ'ר 10דפים</ManufacturerItemDescription>
      <UnitQty>יחידה   </UnitQty>
      <Quantity>0.00</Quantity>
      <UnitOfMeasure>יחידה   </UnitOfMeasure>
      <bIsWeighted>0</bIsWeighted>
      <QtyInPackage>לא ידוע</QtyInPackage>
      <ItemPrice>12.90</ItemPrice>
      <UnitOfMeasurePrice>0.0000</UnitOfMeasurePrice>
      <AllowDiscount>1</AllowDiscount>
      <ItemStatus>1</ItemStatus>
      <ItemId>206701</ItemId>
    </Item>
    <Item>
      <PriceUpdateDate>2025-08-21 12:21:48</PriceUpdateDate>
      <ItemCode>7290102397464</ItemCode>
      <ItemType>1</ItemType>
      <ItemName>מולר מיקס גרעינים פק</ItemName>
      <ManufacturerName>לא ידוע</ManufacturerName>
      <ManufactureCountry>לא ידוע</ManufactureCountry>
      <ManufacturerItemDescription>מולר מיקס גרעינים פק</ManufacturerItemDescription>
      <UnitQty>יחידה   </UnitQty>
      <Quantity>0.00</Quantity>
      <UnitOfMeasure>יחידה   </UnitOfMeasure>
      <bIsWeighted>0</bIsWeighted>
      <QtyInPackage>לא ידוע</QtyInPackage>
      <ItemPrice>7.80</ItemPrice>
      <UnitOfMeasurePrice>0.0000</UnitOfMeasurePrice>
      <AllowDiscount>1</AllowDiscount>
      <ItemStatus>1</ItemStatus>
      <ItemId>206782</ItemId>
    </Item>
    <Item>
      <PriceUpdateDate>2025-05-19 12:31:22</PriceUpdateDate>
      <ItemCode>7290102397891</ItemCode>
      <ItemType>1</ItemType>
      <ItemName>גבינה מותכת צוריאל 1</ItemName>
      <ManufacturerName>לא ידוע</ManufacturerName>
      <ManufactureCountry>לא ידוע</ManufactureCountry>
      <ManufacturerItemDescription>גבינה מותכת צוריאל 1</ManufacturerItemDescription>
      <UnitQty>לא ידוע</UnitQty>
      <Quantity>100.00</Quantity>
      <UnitOfMeasure>לא ידוע</UnitOfMeasure>
      <bIsWeighted>0</bIsWeighted>
      <QtyInPackage>לא ידוע</QtyInPackage>
      <ItemPrice>10.10</ItemPrice>
      <UnitOfMeasurePrice>0.1010</UnitOfMeasurePrice>
      <AllowDiscount>1</AllowDiscount>
      <ItemStatus>1</ItemStatus>
      <ItemId>206786</ItemId>
    </Item>
    <Item>
      <PriceUpdateDate>2025-08-26 11:18:00</PriceUpdateDate>
      <ItemCode>7290010748853</ItemCode>
      <ItemType>1</ItemType>
      <ItemName>קרם ידיים אפקטיב קר</ItemName>
      <ManufacturerName>לא ידוע</ManufacturerName>
      <ManufactureCountry>לא ידוע</ManufactureCountry>
      <ManufacturerItemDescription>קרם ידיים אפקטיב קר</ManufacturerItemDescription>
      <UnitQty>לא ידוע</UnitQty>
      <Quantity>150.00</Quantity>
      <UnitOfMeasure>לא ידוע</UnitOfMeasure>
      <bIsWeighted>0</bIsWeighted>
      <QtyInPackage>לא ידוע</QtyInPackage>
      <ItemPrice>18.90</ItemPrice>
      <UnitOfMeasurePrice>0.1260</UnitOfMeasurePrice>
      <AllowDiscount>1</AllowDiscount>
      <ItemStatus>1</ItemStatus>
      <ItemId>218251</ItemId>
    </Item>
    <Item>
      <PriceUpdateDate>2025-08-31 09:59:28</PriceUpdateDate>
      <ItemCode>7290106720626</ItemCode>
      <ItemType>1</ItemType>
      <ItemName>ציטוס קראנצ בטעם גבי</ItemName>
      <ManufacturerName>לא ידוע</ManufacturerName>
      <ManufactureCountry>לא ידוע</ManufactureCountry>
      <ManufacturerItemDescription>ציטוס קראנצ בטעם גבי</ManufacturerItemDescription>
      <UnitQty>לא ידוע</UnitQty>
      <Quantity>80.00</Quantity>
      <UnitOfMeasure>לא ידוע</UnitOfMeasure>
      <bIsWeighted>0</bIsWeighted>
      <QtyInPackage>לא ידוע</QtyInPackage>
      <ItemPrice>6.90</ItemPrice>
      <UnitOfMeasurePrice>0.0863</UnitOfMeasurePrice>
      <AllowDiscount>1</AllowDiscount>
      <ItemStatus>1</ItemStatus>
      <ItemId>206995</ItemId>
    </Item>
    <Item>
      <PriceUpdateDate>2025-08-21 11:23:36</PriceUpdateDate>
      <ItemCode>7290017142203</ItemCode>
      <ItemType>1</ItemType>
      <ItemName>פילה טונה בשמן זית ב</ItemName>
      <ManufacturerName>לא ידוע</ManufacturerName>
      <ManufactureCountry>לא ידוע</ManufactureCountry>
      <ManufacturerItemDescription>פילה טונה בשמן זית ב</ManufacturerItemDescription>
      <UnitQty>לא ידוע</UnitQty>
      <Quantity>120.00</Quantity>
      <UnitOfMeasure>לא ידוע</UnitOfMeasure>
      <bIsWeighted>0</bIsWeighted>
      <QtyInPackage>לא ידוע</QtyInPackage>
      <ItemPrice>16.90</ItemPrice>
      <UnitOfMeasurePrice>0.1408</UnitOfMeasurePrice>
      <AllowDiscount>1</AllowDiscount>
      <ItemStatus>1</ItemStatus>
      <ItemId>213580</ItemId>
    </Item>
    <Item>
      <PriceUpdateDate>2025-12-17 12:34:43</PriceUpdateDate>
      <ItemCode>7290015282635</ItemCode>
      <ItemType>1</ItemType>
      <ItemName>חומוס מסבחה 200 גרם</ItemName>
      <ManufacturerName>לא ידוע</ManufacturerName>
      <ManufactureCountry>לא ידוע</ManufactureCountry>
      <ManufacturerItemDescription>חומוס מסבחה 200 גרם</ManufacturerItemDescription>
      <UnitQty>לא ידוע</UnitQty>
      <Quantity>200.00</Quantity>
      <UnitOfMeasure>לא ידוע</UnitOfMeasure>
      <bIsWeighted>0</bIsWeighted>
      <QtyInPackage>לא ידוע</QtyInPackage>
      <ItemPrice>12.90</ItemPrice>
      <UnitOfMeasurePrice>0.0645</UnitOfMeasurePrice>
      <AllowDiscount>1</AllowDiscount>
      <ItemStatus>1</ItemStatus>
      <ItemId>207052</ItemId>
    </Item>
    <Item>
      <PriceUpdateDate>2025-12-17 12:34:44</PriceUpdateDate>
      <ItemCode>7290015282734</ItemCode>
      <ItemType>1</ItemType>
      <ItemName>מטבוחה ביתית 200 גרם</ItemName>
      <ManufacturerName>לא ידוע</ManufacturerName>
      <ManufactureCountry>לא ידוע</ManufactureCountry>
      <ManufacturerItemDescription>מטבוחה ביתית 200 גרם</ManufacturerItemDescription>
      <UnitQty>לא ידוע</UnitQty>
      <Quantity>200.00</Quantity>
      <UnitOfMeasure>לא ידוע</UnitOfMeasure>
      <bIsWeighted>0</bIsWeighted>
      <QtyInPackage>לא ידוע</QtyInPackage>
      <ItemPrice>13.90</ItemPrice>
      <UnitOfMeasurePrice>0.0695</UnitOfMeasurePrice>
      <AllowDiscount>1</AllowDiscount>
      <ItemStatus>1</ItemStatus>
      <ItemId>207054</ItemId>
    </Item>
    <Item>
      <PriceUpdateDate>2025-12-17 12:34:42</PriceUpdateDate>
      <ItemCode>7290015282598</ItemCode>
      <ItemType>1</ItemType>
      <ItemName>חומוס מסעדות 200 גר</ItemName>
      <ManufacturerName>לא ידוע</ManufacturerName>
      <ManufactureCountry>לא ידוע</ManufactureCountry>
      <ManufacturerItemDescription>חומוס מסעדות 200 גר</ManufacturerItemDescription>
      <UnitQty>לא ידוע</UnitQty>
      <Quantity>200.00</Quantity>
      <UnitOfMeasure>לא ידוע</UnitOfMeasure>
      <bIsWeighted>0</bIsWeighted>
      <QtyInPackage>לא ידוע</QtyInPackage>
      <ItemPrice>12.90</ItemPrice>
      <UnitOfMeasurePrice>0.0645</UnitOfMeasurePrice>
      <AllowDiscount>1</AllowDiscount>
      <ItemStatus>1</ItemStatus>
      <ItemId>207056</ItemId>
    </Item>
    <Item>
      <PriceUpdateDate>2025-12-17 12:34:43</PriceUpdateDate>
      <ItemCode>7290015282697</ItemCode>
      <ItemType>1</ItemType>
      <ItemName>כרוב אדום 200 גר</ItemName>
      <ManufacturerName>לא ידוע</ManufacturerName>
      <ManufactureCountry>לא ידוע</ManufactureCountry>
      <ManufacturerItemDescription>כרוב אדום 200 גר</ManufacturerItemDescription>
      <UnitQty>לא ידוע</UnitQty>
      <Quantity>200.00</Quantity>
      <UnitOfMeasure>לא ידוע</UnitOfMeasure>
      <bIsWeighted>0</bIsWeighted>
      <QtyInPackage>לא ידוע</QtyInPackage>
      <ItemPrice>12.90</ItemPrice>
      <UnitOfMeasurePrice>0.0645</UnitOfMeasurePrice>
      <AllowDiscount>1</AllowDiscount>
      <ItemStatus>1</ItemStatus>
      <ItemId>207058</ItemId>
    </Item>
    <Item>
      <PriceUpdateDate>2025-12-17 12:34:44</PriceUpdateDate>
      <ItemCode>7290015282710</ItemCode>
      <ItemType>1</ItemType>
      <ItemName>קוביות סלק 200 גר</ItemName>
      <ManufacturerName>לא ידוע</ManufacturerName>
      <ManufactureCountry>לא ידוע</ManufactureCountry>
      <ManufacturerItemDescription>קוביות סלק 200 גר</ManufacturerItemDescription>
      <UnitQty>לא ידוע</UnitQty>
      <Quantity>200.00</Quantity>
      <UnitOfMeasure>לא ידוע</UnitOfMeasure>
      <bIsWeighted>0</bIsWeighted>
      <QtyInPackage>לא ידוע</QtyInPackage>
      <ItemPrice>12.90</ItemPrice>
      <UnitOfMeasurePrice>0.0645</UnitOfMeasurePrice>
      <AllowDiscount>1</AllowDiscount>
      <ItemStatus>1</ItemStatus>
      <ItemId>207059</ItemId>
    </Item>
    <Item>
      <PriceUpdateDate>2025-12-17 12:34:45</PriceUpdateDate>
      <ItemCode>7290015282796</ItemCode>
      <ItemType>1</ItemType>
      <ItemName>תפוח אדמה 200 גר גור</ItemName>
      <ManufacturerName>לא ידוע</ManufacturerName>
      <ManufactureCountry>לא ידוע</ManufactureCountry>
      <ManufacturerItemDescription>תפוח אדמה 200 גר גור</ManufacturerItemDescription>
      <UnitQty>לא ידוע</UnitQty>
      <Quantity>200.00</Quantity>
      <UnitOfMeasure>לא ידוע</UnitOfMeasure>
      <bIsWeighted>0</bIsWeighted>
      <QtyInPackage>לא ידוע</QtyInPackage>
      <ItemPrice>13.90</ItemPrice>
      <UnitOfMeasurePrice>0.0695</UnitOfMeasurePrice>
      <AllowDiscount>1</AllowDiscount>
      <ItemStatus>1</ItemStatus>
      <ItemId>207060</ItemId>
    </Item>
    <Item>
      <PriceUpdateDate>2025-12-17 12:34:42</PriceUpdateDate>
      <ItemCode>7290015282628</ItemCode>
      <ItemType>1</ItemType>
      <ItemName>חציל בטעם כבד 200 גר</ItemName>
      <ManufacturerName>לא ידוע</ManufacturerName>
      <ManufactureCountry>לא ידוע</ManufactureCountry>
      <ManufacturerItemDescription>חציל בטעם כבד 200 גר</ManufacturerItemDescription>
      <UnitQty>לא ידוע</UnitQty>
      <Quantity>200.00</Quantity>
      <UnitOfMeasure>לא ידוע</UnitOfMeasure>
      <bIsWeighted>0</bIsWeighted>
      <QtyInPackage>לא ידוע</QtyInPackage>
      <ItemPrice>13.90</ItemPrice>
      <UnitOfMeasurePrice>0.0695</UnitOfMeasurePrice>
      <AllowDiscount>1</AllowDiscount>
      <ItemStatus>1</ItemStatus>
      <ItemId>207061</ItemId>
    </Item>
    <Item>
      <PriceUpdateDate>2025-12-17 12:34:26</PriceUpdateDate>
      <ItemCode>7290015282673</ItemCode>
      <ItemType>1</ItemType>
      <ItemName>חציל במיונז ביתי שמי</ItemName>
      <ManufacturerName>לא ידוע</ManufacturerName>
      <ManufactureCountry>לא ידוע</ManufactureCountry>
      <ManufacturerItemDescription>חציל במיונז ביתי שמי</ManufacturerItemDescription>
      <UnitQty>לא ידוע</UnitQty>
      <Quantity>200.00</Quantity>
      <UnitOfMeasure>לא ידוע</UnitOfMeasure>
      <bIsWeighted>0</bIsWeighted>
      <QtyInPackage>לא ידוע</QtyInPackage>
      <ItemPrice>12.90</ItemPrice>
      <UnitOfMeasurePrice>0.0645</UnitOfMeasurePrice>
      <AllowDiscount>1</AllowDiscount>
      <ItemStatus>1</ItemStatus>
      <ItemId>207062</ItemId>
    </Item>
    <Item>
      <PriceUpdateDate>2025-12-17 12:34:44</PriceUpdateDate>
      <ItemCode>7290015282741</ItemCode>
      <ItemType>1</ItemType>
      <ItemName>חציל תאילנדי 200 גר</ItemName>
      <ManufacturerName>לא ידוע</ManufacturerName>
      <ManufactureCountry>לא ידוע</ManufactureCountry>
      <ManufacturerItemDescription>חציל תאילנדי 200 גר</ManufacturerItemDescription>
      <UnitQty>לא ידוע</UnitQty>
      <Quantity>200.00</Quantity>
      <UnitOfMeasure>לא ידוע</UnitOfMeasure>
      <bIsWeighted>0</bIsWeighted>
      <QtyInPackage>לא ידוע</QtyInPackage>
      <ItemPrice>13.90</ItemPrice>
      <UnitOfMeasurePrice>0.0695</UnitOfMeasurePrice>
      <AllowDiscount>1</AllowDiscount>
      <ItemStatus>1</ItemStatus>
      <ItemId>207063</ItemId>
    </Item>
    <Item>
      <PriceUpdateDate>2025-12-17 12:34:47</PriceUpdateDate>
      <ItemCode>7290016217742</ItemCode>
      <ItemType>1</ItemType>
      <ItemName>חציל אש בטחינה 200 ג</ItemName>
      <ManufacturerName>לא ידוע</ManufacturerName>
      <ManufactureCountry>לא ידוע</ManufactureCountry>
      <ManufacturerItemDescription>חציל אש בטחינה 200 ג</ManufacturerItemDescription>
      <UnitQty>לא ידוע</UnitQty>
      <Quantity>200.00</Quantity>
      <UnitOfMeasure>לא ידוע</UnitOfMeasure>
      <bIsWeighted>0</bIsWeighted>
      <QtyInPackage>לא ידוע</QtyInPackage>
      <ItemPrice>12.90</ItemPrice>
      <UnitOfMeasurePrice>0.0645</UnitOfMeasurePrice>
      <AllowDiscount>1</AllowDiscount>
      <ItemStatus>1</ItemStatus>
      <ItemId>207066</ItemId>
    </Item>
    <Item>
      <PriceUpdateDate>2025-12-17 12:34:42</PriceUpdateDate>
      <ItemCode>7290015282581</ItemCode>
      <ItemType>1</ItemType>
      <ItemName>חומוס אבו גוש עם חרי</ItemName>
      <ManufacturerName>לא ידוע</ManufacturerName>
      <ManufactureCountry>לא ידוע</ManufactureCountry>
      <ManufacturerItemDescription>חומוס אבו גוש עם חרי</ManufacturerItemDescription>
      <UnitQty>לא ידוע</UnitQty>
      <Quantity>200.00</Quantity>
      <UnitOfMeasure>לא ידוע</UnitOfMeasure>
      <bIsWeighted>0</bIsWeighted>
      <QtyInPackage>לא ידוע</QtyInPackage>
      <ItemPrice>12.90</ItemPrice>
      <UnitOfMeasurePrice>0.0645</UnitOfMeasurePrice>
      <AllowDiscount>1</AllowDiscount>
      <ItemStatus>1</ItemStatus>
      <ItemId>207080</ItemId>
    </Item>
    <Item>
      <PriceUpdateDate>2025-08-26 11:08:49</PriceUpdateDate>
      <ItemCode>7290110320591</ItemCode>
      <ItemType>1</ItemType>
      <ItemName>בולגרית 16% במרקם מע</ItemName>
      <ManufacturerName>לא ידוע</ManufacturerName>
      <ManufactureCountry>לא ידוע</ManufactureCountry>
      <ManufacturerItemDescription>בולגרית 16% במרקם מע</ManufacturerItemDescription>
      <UnitQty>לא ידוע</UnitQty>
      <Quantity>250.00</Quantity>
      <UnitOfMeasure>לא ידוע</UnitOfMeasure>
      <bIsWeighted>0</bIsWeighted>
      <QtyInPackage>לא ידוע</QtyInPackage>
      <ItemPrice>29.90</ItemPrice>
      <UnitOfMeasurePrice>0.1196</UnitOfMeasurePrice>
      <AllowDiscount>1</AllowDiscount>
      <ItemStatus>1</ItemStatus>
      <ItemId>207089</ItemId>
    </Item>
    <Item>
      <PriceUpdateDate>2025-09-07 10:42:51</PriceUpdateDate>
      <ItemCode>7290111343858</ItemCode>
      <ItemType>1</ItemType>
      <ItemName>מטליות לחות לניקוי ו</ItemName>
      <ManufacturerName>לא ידוע</ManufacturerName>
      <ManufactureCountry>לא ידוע</ManufactureCountry>
      <ManufacturerItemDescription>מטליות לחות לניקוי ו</ManufacturerItemDescription>
      <UnitQty>יחידה   </UnitQty>
      <Quantity>0.00</Quantity>
      <UnitOfMeasure>יחידה   </UnitOfMeasure>
      <bIsWeighted>0</bIsWeighted>
      <QtyInPackage>לא ידוע</QtyInPackage>
      <ItemPrice>13.90</ItemPrice>
      <UnitOfMeasurePrice>0.0000</UnitOfMeasurePrice>
      <AllowDiscount>1</AllowDiscount>
      <ItemStatus>1</ItemStatus>
      <ItemId>231614</ItemId>
    </Item>
    <Item>
      <PriceUpdateDate>2025-09-04 11:41:12</PriceUpdateDate>
      <ItemCode>7290109358765</ItemCode>
      <ItemType>1</ItemType>
      <ItemName>קראנץ רולס נוגט 450</ItemName>
      <ManufacturerName>לא ידוע</ManufacturerName>
      <ManufactureCountry>לא ידוע</ManufactureCountry>
      <ManufacturerItemDescription>קראנץ רולס נוגט 450</ManufacturerItemDescription>
      <UnitQty>לא ידוע</UnitQty>
      <Quantity>450.00</Quantity>
      <UnitOfMeasure>לא ידוע</UnitOfMeasure>
      <bIsWeighted>0</bIsWeighted>
      <QtyInPackage>לא ידוע</QtyInPackage>
      <ItemPrice>26.90</ItemPrice>
      <UnitOfMeasurePrice>0.0598</UnitOfMeasurePrice>
      <AllowDiscount>1</AllowDiscount>
      <ItemStatus>1</ItemStatus>
      <ItemId>207166</ItemId>
    </Item>
    <Item>
      <PriceUpdateDate>2025-08-24 20:32:14</PriceUpdateDate>
      <ItemCode>7290008464734</ItemCode>
      <ItemType>1</ItemType>
      <ItemName>בירה גולדסטאר SLOW B</ItemName>
      <ManufacturerName>קריות זול</ManufacturerName>
      <ManufactureCountry>לא ידוע</ManufactureCountry>
      <ManufacturerItemDescription>בירה גולדסטאר SLOW B</ManufacturerItemDescription>
      <UnitQty>לא ידוע</UnitQty>
      <Quantity>1980.00</Quantity>
      <UnitOfMeasure>לא ידוע</UnitOfMeasure>
      <bIsWeighted>0</bIsWeighted>
      <QtyInPackage>לא ידוע</QtyInPackage>
      <ItemPrice>46.90</ItemPrice>
      <UnitOfMeasurePrice>0.0237</UnitOfMeasurePrice>
      <AllowDiscount>1</AllowDiscount>
      <ItemStatus>1</ItemStatus>
      <ItemId>207191</ItemId>
    </Item>
    <Item>
      <PriceUpdateDate>2025-09-08 07:57:16</PriceUpdateDate>
      <ItemCode>7622210078131</ItemCode>
      <ItemType>1</ItemType>
      <ItemName>מילקה שוקולד חלב עם</ItemName>
      <ManufacturerName>לא ידוע</ManufacturerName>
      <ManufactureCountry>לא ידוע</ManufactureCountry>
      <ManufacturerItemDescription>מילקה שוקולד חלב עם</ManufacturerItemDescription>
      <UnitQty>לא ידוע</UnitQty>
      <Quantity>100.00</Quantity>
      <UnitOfMeasure>לא ידוע</UnitOfMeasure>
      <bIsWeighted>0</bIsWeighted>
      <QtyInPackage>לא ידוע</QtyInPackage>
      <ItemPrice>9.90</ItemPrice>
      <UnitOfMeasurePrice>0.0990</UnitOfMeasurePrice>
      <AllowDiscount>1</AllowDiscount>
      <ItemStatus>1</ItemStatus>
      <ItemId>207213</ItemId>
    </Item>
    <Item>
      <PriceUpdateDate>2025-08-20 16:33:07</PriceUpdateDate>
      <ItemCode>16000185517</ItemCode>
      <ItemType>1</ItemType>
      <ItemName>פייבר וואן דגני בוקר</ItemName>
      <ManufacturerName>לא ידוע</ManufacturerName>
      <ManufactureCountry>לא ידוע</ManufactureCountry>
      <ManufacturerItemDescription>פייבר וואן דגני בוקר</ManufacturerItemDescription>
      <UnitQty>לא ידוע</UnitQty>
      <Quantity>555.00</Quantity>
      <UnitOfMeasure>לא ידוע</UnitOfMeasure>
      <bIsWeighted>0</bIsWeighted>
      <QtyInPackage>לא ידוע</QtyInPackage>
      <ItemPrice>31.90</ItemPrice>
      <UnitOfMeasurePrice>0.0575</UnitOfMeasurePrice>
      <AllowDiscount>1</AllowDiscount>
      <ItemStatus>1</ItemStatus>
      <ItemId>237501</ItemId>
    </Item>
    <Item>
      <PriceUpdateDate>2025-08-19 11:43:35</PriceUpdateDate>
      <ItemCode>4005808366392</ItemCode>
      <ItemType>1</ItemType>
      <ItemName>שפתון לבלו כחול בליס</ItemName>
      <ManufacturerName>לא ידוע</ManufacturerName>
      <ManufactureCountry>לא ידוע</ManufactureCountry>
      <ManufacturerItemDescription>שפתון לבלו כחול בליס</ManufacturerItemDescription>
      <UnitQty>יחידה   </UnitQty>
      <Quantity>0.00</Quantity>
      <UnitOfMeasure>יחידה   </UnitOfMeasure>
      <bIsWeighted>0</bIsWeighted>
      <QtyInPackage>לא ידוע</QtyInPackage>
      <ItemPrice>13.90</ItemPrice>
      <UnitOfMeasurePrice>0.0000</UnitOfMeasurePrice>
      <AllowDiscount>1</AllowDiscount>
      <ItemStatus>1</ItemStatus>
      <ItemId>218305</ItemId>
    </Item>
    <Item>
      <PriceUpdateDate>2025-08-19 11:43:36</PriceUpdateDate>
      <ItemCode>4005808368280</ItemCode>
      <ItemType>1</ItemType>
      <ItemName>שפתון לבלו פירות בטע</ItemName>
      <ManufacturerName>לא ידוע</ManufacturerName>
      <ManufactureCountry>לא ידוע</ManufactureCountry>
      <ManufacturerItemDescription>שפתון לבלו פירות בטע</ManufacturerItemDescription>
      <UnitQty>יחידה   </UnitQty>
      <Quantity>0.00</Quantity>
      <UnitOfMeasure>יחידה   </UnitOfMeasure>
      <bIsWeighted>0</bIsWeighted>
      <QtyInPackage>לא ידוע</QtyInPackage>
      <ItemPrice>13.90</ItemPrice>
      <UnitOfMeasurePrice>0.0000</UnitOfMeasurePrice>
      <AllowDiscount>1</AllowDiscount>
      <ItemStatus>1</ItemStatus>
      <ItemId>218306</ItemId>
    </Item>
    <Item>
      <PriceUpdateDate>2025-08-28 13:55:36</PriceUpdateDate>
      <ItemCode>7290000518220</ItemCode>
      <ItemType>1</ItemType>
      <ItemName>סוכרה דיאט 100 שקיות</ItemName>
      <ManufacturerName>לא ידוע</ManufacturerName>
      <ManufactureCountry>לא ידוע</ManufactureCountry>
      <ManufacturerItemDescription>סוכרה דיאט 100 שקיות</ManufacturerItemDescription>
      <UnitQty>יחידה   </UnitQty>
      <Quantity>0.00</Quantity>
      <UnitOfMeasure>יחידה   </UnitOfMeasure>
      <bIsWeighted>0</bIsWeighted>
      <QtyInPackage>לא ידוע</QtyInPackage>
      <ItemPrice>29.90</ItemPrice>
      <UnitOfMeasurePrice>0.0000</UnitOfMeasurePrice>
      <AllowDiscount>1</AllowDiscount>
      <ItemStatus>1</ItemStatus>
      <ItemId>207564</ItemId>
    </Item>
    <Item>
      <PriceUpdateDate>2025-08-18 12:03:49</PriceUpdateDate>
      <ItemCode>7290006040619</ItemCode>
      <ItemType>1</ItemType>
      <ItemName>טבורוג כפיר5%</ItemName>
      <ManufacturerName>לא ידוע</ManufacturerName>
      <ManufactureCountry>ישראל</ManufactureCountry>
      <ManufacturerItemDescription>טבורוג כפיר5%</ManufacturerItemDescription>
      <UnitQty>קילוגרמים</UnitQty>
      <Quantity>1.00</Quantity>
      <UnitOfMeasure>ק"ג</UnitOfMeasure>
      <bIsWeighted>1</bIsWeighted>
      <QtyInPackage>לא ידוע</QtyInPackage>
      <ItemPrice>49.00</ItemPrice>
      <UnitOfMeasurePrice>49.0000</UnitOfMeasurePrice>
      <AllowDiscount>1</AllowDiscount>
      <ItemStatus>1</ItemStatus>
      <ItemId>207660</ItemId>
    </Item>
    <Item>
      <PriceUpdateDate>2025-08-31 08:49:01</PriceUpdateDate>
      <ItemCode>7290006920836</ItemCode>
      <ItemType>1</ItemType>
      <ItemName>מעושן פרוס 350 גרם</ItemName>
      <ManufacturerName>לא ידוע</ManufacturerName>
      <ManufactureCountry>לא ידוע</ManufactureCountry>
      <ManufacturerItemDescription>מעושן פרוס 350 גרם</ManufacturerItemDescription>
      <UnitQty>לא ידוע</UnitQty>
      <Quantity>350.00</Quantity>
      <UnitOfMeasure>לא ידוע</UnitOfMeasure>
      <bIsWeighted>0</bIsWeighted>
      <QtyInPackage>לא ידוע</QtyInPackage>
      <ItemPrice>19.90</ItemPrice>
      <UnitOfMeasurePrice>0.0569</UnitOfMeasurePrice>
      <AllowDiscount>1</AllowDiscount>
      <ItemStatus>1</ItemStatus>
      <ItemId>207665</ItemId>
    </Item>
    <Item>
      <PriceUpdateDate>2025-08-20 12:24:17</PriceUpdateDate>
      <ItemCode>7290020216953</ItemCode>
      <ItemType>1</ItemType>
      <ItemName>לחם פרו  אנג'ל 500 ג</ItemName>
      <ManufacturerName>לא ידוע</ManufacturerName>
      <ManufactureCountry>לא ידוע</ManufactureCountry>
      <ManufacturerItemDescription>לחם פרו  אנג'ל 500 ג</ManufacturerItemDescription>
      <UnitQty>לא ידוע</UnitQty>
      <Quantity>500.00</Quantity>
      <UnitOfMeasure>לא ידוע</UnitOfMeasure>
      <bIsWeighted>0</bIsWeighted>
      <QtyInPackage>לא ידוע</QtyInPackage>
      <ItemPrice>22.90</ItemPrice>
      <UnitOfMeasurePrice>0.0458</UnitOfMeasurePrice>
      <AllowDiscount>1</AllowDiscount>
      <ItemStatus>1</ItemStatus>
      <ItemId>254714</ItemId>
    </Item>
    <Item>
      <PriceUpdateDate>2025-12-05 07:48:42</PriceUpdateDate>
      <ItemCode>7290018893401</ItemCode>
      <ItemType>1</ItemType>
      <ItemName>צ'וקטה שוקולד מריר מ</ItemName>
      <ManufacturerName>לא ידוע</ManufacturerName>
      <ManufactureCountry>לא ידוע</ManufactureCountry>
      <ManufacturerItemDescription>צ'וקטה שוקולד מריר מ</ManufacturerItemDescription>
      <UnitQty>לא ידוע</UnitQty>
      <Quantity>100.00</Quantity>
      <UnitOfMeasure>לא ידוע</UnitOfMeasure>
      <bIsWeighted>0</bIsWeighted>
      <QtyInPackage>לא ידוע</QtyInPackage>
      <ItemPrice>12.90</ItemPrice>
      <UnitOfMeasurePrice>0.1290</UnitOfMeasurePrice>
      <AllowDiscount>1</AllowDiscount>
      <ItemStatus>1</ItemStatus>
      <ItemId>237544</ItemId>
    </Item>
    <Item>
      <PriceUpdateDate>2025-09-05 13:22:12</PriceUpdateDate>
      <ItemCode>7290103704919</ItemCode>
      <ItemType>1</ItemType>
      <ItemName>טאצ' מגבוני טואלט לח</ItemName>
      <ManufacturerName>לא ידוע</ManufacturerName>
      <ManufactureCountry>לא ידוע</ManufactureCountry>
      <ManufacturerItemDescription>טאצ' מגבוני טואלט לח</ManufacturerItemDescription>
      <UnitQty>יחידה   </UnitQty>
      <Quantity>0.00</Quantity>
      <UnitOfMeasure>יחידה   </UnitOfMeasure>
      <bIsWeighted>0</bIsWeighted>
      <QtyInPackage>לא ידוע</QtyInPackage>
      <ItemPrice>17.90</ItemPrice>
      <UnitOfMeasurePrice>0.0000</UnitOfMeasurePrice>
      <AllowDiscount>1</AllowDiscount>
      <ItemStatus>1</ItemStatus>
      <ItemId>240746</ItemId>
    </Item>
    <Item>
      <PriceUpdateDate>2025-08-20 09:53:29</PriceUpdateDate>
      <ItemCode>4014522120302</ItemCode>
      <ItemType>1</ItemType>
      <ItemName>בודטה סוכריות בטעם מ</ItemName>
      <ManufacturerName>לא ידוע</ManufacturerName>
      <ManufactureCountry>לא ידוע</ManufactureCountry>
      <ManufacturerItemDescription>בודטה סוכריות בטעם מ</ManufacturerItemDescription>
      <UnitQty>לא ידוע</UnitQty>
      <Quantity>100.00</Quantity>
      <UnitOfMeasure>לא ידוע</UnitOfMeasure>
      <bIsWeighted>0</bIsWeighted>
      <QtyInPackage>לא ידוע</QtyInPackage>
      <ItemPrice>13.90</ItemPrice>
      <UnitOfMeasurePrice>0.1390</UnitOfMeasurePrice>
      <AllowDiscount>1</AllowDiscount>
      <ItemStatus>1</ItemStatus>
      <ItemId>249100</ItemId>
    </Item>
    <Item>
      <PriceUpdateDate>2025-09-07 11:03:31</PriceUpdateDate>
      <ItemCode>80773443</ItemCode>
      <ItemType>1</ItemType>
      <ItemName>מסטיק מנטוס בקבוק מע</ItemName>
      <ManufacturerName>לא ידוע</ManufacturerName>
      <ManufactureCountry>לא ידוע</ManufactureCountry>
      <ManufacturerItemDescription>מסטיק מנטוס בקבוק מע</ManufacturerItemDescription>
      <UnitQty>לא ידוע</UnitQty>
      <Quantity>60.00</Quantity>
      <UnitOfMeasure>לא ידוע</UnitOfMeasure>
      <bIsWeighted>0</bIsWeighted>
      <QtyInPackage>לא ידוע</QtyInPackage>
      <ItemPrice>13.90</ItemPrice>
      <UnitOfMeasurePrice>0.2317</UnitOfMeasurePrice>
      <AllowDiscount>1</AllowDiscount>
      <ItemStatus>1</ItemStatus>
      <ItemId>207699</ItemId>
    </Item>
    <Item>
      <PriceUpdateDate>2025-12-03 22:50:21</PriceUpdateDate>
      <ItemCode>7290112017628</ItemCode>
      <ItemType>1</ItemType>
      <ItemName>מרינדה שום ודבש 430</ItemName>
      <ManufacturerName>לא ידוע</ManufacturerName>
      <ManufactureCountry>לא ידוע</ManufactureCountry>
      <ManufacturerItemDescription>מרינדה שום ודבש 430</ManufacturerItemDescription>
      <UnitQty>לא ידוע</UnitQty>
      <Quantity>430.00</Quantity>
      <UnitOfMeasure>לא ידוע</UnitOfMeasure>
      <bIsWeighted>0</bIsWeighted>
      <QtyInPackage>לא ידוע</QtyInPackage>
      <ItemPrice>16.90</ItemPrice>
      <UnitOfMeasurePrice>0.0393</UnitOfMeasurePrice>
      <AllowDiscount>1</AllowDiscount>
      <ItemStatus>1</ItemStatus>
      <ItemId>256702</ItemId>
    </Item>
    <Item>
      <PriceUpdateDate>2025-10-16 07:17:36</PriceUpdateDate>
      <ItemCode>7290116530154</ItemCode>
      <ItemType>1</ItemType>
      <ItemName>פינוק סבון בריח שייק</ItemName>
      <ManufacturerName>לא ידוע</ManufacturerName>
      <ManufactureCountry>לא ידוע</ManufactureCountry>
      <ManufacturerItemDescription>פינוק סבון בריח שייק</ManufacturerItemDescription>
      <UnitQty>לא ידוע</UnitQty>
      <Quantity>700.00</Quantity>
      <UnitOfMeasure>לא ידוע</UnitOfMeasure>
      <bIsWeighted>0</bIsWeighted>
      <QtyInPackage>לא ידוע</QtyInPackage>
      <ItemPrice>15.90</ItemPrice>
      <UnitOfMeasurePrice>0.0227</UnitOfMeasurePrice>
      <AllowDiscount>1</AllowDiscount>
      <ItemStatus>1</ItemStatus>
      <ItemId>234476</ItemId>
    </Item>
    <Item>
      <PriceUpdateDate>2025-09-07 11:03:32</PriceUpdateDate>
      <ItemCode>80790990</ItemCode>
      <ItemType>1</ItemType>
      <ItemName>מסטיק מנטוס בקבוק מע</ItemName>
      <ManufacturerName>לא ידוע</ManufacturerName>
      <ManufactureCountry>לא ידוע</ManufactureCountry>
      <ManufacturerItemDescription>מסטיק מנטוס בקבוק מע</ManufacturerItemDescription>
      <UnitQty>לא ידוע</UnitQty>
      <Quantity>60.00</Quantity>
      <UnitOfMeasure>לא ידוע</UnitOfMeasure>
      <bIsWeighted>0</bIsWeighted>
      <QtyInPackage>לא ידוע</QtyInPackage>
      <ItemPrice>13.90</ItemPrice>
      <UnitOfMeasurePrice>0.2317</UnitOfMeasurePrice>
      <AllowDiscount>1</AllowDiscount>
      <ItemStatus>1</ItemStatus>
      <ItemId>207700</ItemId>
    </Item>
    <Item>
      <PriceUpdateDate>2025-09-07 11:03:35</PriceUpdateDate>
      <ItemCode>80913467</ItemCode>
      <ItemType>1</ItemType>
      <ItemName>מסטיק מנטוס בבקבוק מ</ItemName>
      <ManufacturerName>לא ידוע</ManufacturerName>
      <ManufactureCountry>לא ידוע</ManufactureCountry>
      <ManufacturerItemDescription>מסטיק מנטוס בבקבוק מ</ManufacturerItemDescription>
      <UnitQty>לא ידוע</UnitQty>
      <Quantity>60.00</Quantity>
      <UnitOfMeasure>לא ידוע</UnitOfMeasure>
      <bIsWeighted>0</bIsWeighted>
      <QtyInPackage>לא ידוע</QtyInPackage>
      <ItemPrice>13.90</ItemPrice>
      <UnitOfMeasurePrice>0.2317</UnitOfMeasurePrice>
      <AllowDiscount>1</AllowDiscount>
      <ItemStatus>1</ItemStatus>
      <ItemId>207701</ItemId>
    </Item>
    <Item>
      <PriceUpdateDate>2025-09-08 07:54:22</PriceUpdateDate>
      <ItemCode>7290015528849</ItemCode>
      <ItemType>1</ItemType>
      <ItemName>צלחת 10 מתכלה אר' 25</ItemName>
      <ManufacturerName>לא ידוע</ManufacturerName>
      <ManufactureCountry>לא ידוע</ManufactureCountry>
      <ManufacturerItemDescription>צלחת 10 מתכלה אר' 25</ManufacturerItemDescription>
      <UnitQty>יחידה   </UnitQty>
      <Quantity>0.00</Quantity>
      <UnitOfMeasure>יחידה   </UnitOfMeasure>
      <bIsWeighted>0</bIsWeighted>
      <QtyInPackage>לא ידוע</QtyInPackage>
      <ItemPrice>20.90</ItemPrice>
      <UnitOfMeasurePrice>0.0000</UnitOfMeasurePrice>
      <AllowDiscount>1</AllowDiscount>
      <ItemStatus>1</ItemStatus>
      <ItemId>207796</ItemId>
    </Item>
    <Item>
      <PriceUpdateDate>2025-08-26 11:22:12</PriceUpdateDate>
      <ItemCode>7290110329808</ItemCode>
      <ItemType>1</ItemType>
      <ItemName>סויה ביו תות 150 ג א</ItemName>
      <ManufacturerName>לא ידוע</ManufacturerName>
      <ManufactureCountry>לא ידוע</ManufactureCountry>
      <ManufacturerItemDescription>סויה ביו תות 150 ג א</ManufacturerItemDescription>
      <UnitQty>לא ידוע</UnitQty>
      <Quantity>150.00</Quantity>
      <UnitOfMeasure>לא ידוע</UnitOfMeasure>
      <bIsWeighted>0</bIsWeighted>
      <QtyInPackage>לא ידוע</QtyInPackage>
      <ItemPrice>5.80</ItemPrice>
      <UnitOfMeasurePrice>0.0387</UnitOfMeasurePrice>
      <AllowDiscount>1</AllowDiscount>
      <ItemStatus>1</ItemStatus>
      <ItemId>237143</ItemId>
    </Item>
    <Item>
      <PriceUpdateDate>2025-08-19 08:23:46</PriceUpdateDate>
      <ItemCode>4823077633690</ItemCode>
      <ItemType>1</ItemType>
      <ItemName>בונבוניירה רושן שוטר</ItemName>
      <ManufacturerName>לא ידוע</ManufacturerName>
      <ManufactureCountry>לא ידוע</ManufactureCountry>
      <ManufacturerItemDescription>בונבוניירה רושן שוטר</ManufacturerItemDescription>
      <UnitQty>לא ידוע</UnitQty>
      <Quantity>150.00</Quantity>
      <UnitOfMeasure>לא ידוע</UnitOfMeasure>
      <bIsWeighted>0</bIsWeighted>
      <QtyInPackage>לא ידוע</QtyInPackage>
      <ItemPrice>26.90</ItemPrice>
      <UnitOfMeasurePrice>0.1793</UnitOfMeasurePrice>
      <AllowDiscount>1</AllowDiscount>
      <ItemStatus>1</ItemStatus>
      <ItemId>236173</ItemId>
    </Item>
    <Item>
      <PriceUpdateDate>2025-08-20 11:37:14</PriceUpdateDate>
      <ItemCode>7290017396293</ItemCode>
      <ItemType>1</ItemType>
      <ItemName>לחם כפרי צרפתי מלא</ItemName>
      <ManufacturerName>לא ידוע</ManufacturerName>
      <ManufactureCountry>לא ידוע</ManufactureCountry>
      <ManufacturerItemDescription>לחם כפרי צרפתי מלא</ManufacturerItemDescription>
      <UnitQty>יחידה   </UnitQty>
      <Quantity>0.00</Quantity>
      <UnitOfMeasure>יחידה   </UnitOfMeasure>
      <bIsWeighted>0</bIsWeighted>
      <QtyInPackage>לא ידוע</QtyInPackage>
      <ItemPrice>18.90</ItemPrice>
      <UnitOfMeasurePrice>0.0000</UnitOfMeasurePrice>
      <AllowDiscount>1</AllowDiscount>
      <ItemStatus>1</ItemStatus>
      <ItemId>212831</ItemId>
    </Item>
    <Item>
      <PriceUpdateDate>2025-08-26 11:42:36</PriceUpdateDate>
      <ItemCode>7290107944717</ItemCode>
      <ItemType>1</ItemType>
      <ItemName>טורטית מיני בד"ץ 390</ItemName>
      <ManufacturerName>לא ידוע</ManufacturerName>
      <ManufactureCountry>לא ידוע</ManufactureCountry>
      <ManufacturerItemDescription>טורטית מיני בד"ץ 390</ManufacturerItemDescription>
      <UnitQty>לא ידוע</UnitQty>
      <Quantity>390.00</Quantity>
      <UnitOfMeasure>לא ידוע</UnitOfMeasure>
      <bIsWeighted>0</bIsWeighted>
      <QtyInPackage>לא ידוע</QtyInPackage>
      <ItemPrice>32.90</ItemPrice>
      <UnitOfMeasurePrice>0.0844</UnitOfMeasurePrice>
      <AllowDiscount>1</AllowDiscount>
      <ItemStatus>1</ItemStatus>
      <ItemId>207827</ItemId>
    </Item>
    <Item>
      <PriceUpdateDate>2025-08-26 11:42:51</PriceUpdateDate>
      <ItemCode>7290107954709</ItemCode>
      <ItemType>1</ItemType>
      <ItemName>קונפיטורת פירות יער</ItemName>
      <ManufacturerName>לא ידוע</ManufacturerName>
      <ManufactureCountry>לא ידוע</ManufactureCountry>
      <ManufacturerItemDescription>קונפיטורת פירות יער</ManufacturerItemDescription>
      <UnitQty>לא ידוע</UnitQty>
      <Quantity>340.00</Quantity>
      <UnitOfMeasure>לא ידוע</UnitOfMeasure>
      <bIsWeighted>0</bIsWeighted>
      <QtyInPackage>לא ידוע</QtyInPackage>
      <ItemPrice>18.90</ItemPrice>
      <UnitOfMeasurePrice>0.0556</UnitOfMeasurePrice>
      <AllowDiscount>1</AllowDiscount>
      <ItemStatus>1</ItemStatus>
      <ItemId>207829</ItemId>
    </Item>
    <Item>
      <PriceUpdateDate>2025-08-20 09:29:48</PriceUpdateDate>
      <ItemCode>41024355</ItemCode>
      <ItemType>1</ItemType>
      <ItemName>בירה ביטבורגר פחית 5</ItemName>
      <ManufacturerName>לא ידוע</ManufacturerName>
      <ManufactureCountry>לא ידוע</ManufactureCountry>
      <ManufacturerItemDescription>בירה ביטבורגר פחית 5</ManufacturerItemDescription>
      <UnitQty>לא ידוע</UnitQty>
      <Quantity>500.00</Quantity>
      <UnitOfMeasure>לא ידוע</UnitOfMeasure>
      <bIsWeighted>0</bIsWeighted>
      <QtyInPackage>לא ידוע</QtyInPackage>
      <ItemPrice>11.90</ItemPrice>
      <UnitOfMeasurePrice>0.0238</UnitOfMeasurePrice>
      <AllowDiscount>1</AllowDiscount>
      <ItemStatus>1</ItemStatus>
      <ItemId>207838</ItemId>
    </Item>
    <Item>
      <PriceUpdateDate>2025-09-25 13:05:33</PriceUpdateDate>
      <ItemCode>8907459000587</ItemCode>
      <ItemType>1</ItemType>
      <ItemName>סוכריות קפה קופיקו ב</ItemName>
      <ManufacturerName>לא ידוע</ManufacturerName>
      <ManufactureCountry>לא ידוע</ManufactureCountry>
      <ManufacturerItemDescription>סוכריות קפה קופיקו ב</ManufacturerItemDescription>
      <UnitQty>לא ידוע</UnitQty>
      <Quantity>171.00</Quantity>
      <UnitOfMeasure>לא ידוע</UnitOfMeasure>
      <bIsWeighted>0</bIsWeighted>
      <QtyInPackage>לא ידוע</QtyInPackage>
      <ItemPrice>12.90</ItemPrice>
      <UnitOfMeasurePrice>0.0754</UnitOfMeasurePrice>
      <AllowDiscount>1</AllowDiscount>
      <ItemStatus>1</ItemStatus>
      <ItemId>256003</ItemId>
    </Item>
    <Item>
      <PriceUpdateDate>2025-09-08 08:00:02</PriceUpdateDate>
      <ItemCode>810044133868</ItemCode>
      <ItemType>1</ItemType>
      <ItemName>ספוגי החלפה קשיחים</ItemName>
      <ManufacturerName>לא ידוע</ManufacturerName>
      <ManufactureCountry>לא ידוע</ManufactureCountry>
      <ManufacturerItemDescription>ספוגי החלפה קשיחים</ManufacturerItemDescription>
      <UnitQty>לא ידוע</UnitQty>
      <Quantity>0.00</Quantity>
      <UnitOfMeasure>לא ידוע</UnitOfMeasure>
      <bIsWeighted>0</bIsWeighted>
      <QtyInPackage>לא ידוע</QtyInPackage>
      <ItemPrice>15.90</ItemPrice>
      <UnitOfMeasurePrice>0.0000</UnitOfMeasurePrice>
      <AllowDiscount>1</AllowDiscount>
      <ItemStatus>1</ItemStatus>
      <ItemId>255472</ItemId>
    </Item>
    <Item>
      <PriceUpdateDate>2025-05-19 11:48:04</PriceUpdateDate>
      <ItemCode>5000159561228</ItemCode>
      <ItemType>1</ItemType>
      <ItemName>מיקס מיני שקית 400 ג</ItemName>
      <ManufacturerName>לא ידוע</ManufacturerName>
      <ManufactureCountry>לא ידוע</ManufactureCountry>
      <ManufacturerItemDescription>מיקס מיני שקית 400 ג</ManufacturerItemDescription>
      <UnitQty>לא ידוע</UnitQty>
      <Quantity>400.00</Quantity>
      <UnitOfMeasure>לא ידוע</UnitOfMeasure>
      <bIsWeighted>0</bIsWeighted>
      <QtyInPackage>לא ידוע</QtyInPackage>
      <ItemPrice>28.90</ItemPrice>
      <UnitOfMeasurePrice>0.0722</UnitOfMeasurePrice>
      <AllowDiscount>1</AllowDiscount>
      <ItemStatus>1</ItemStatus>
      <ItemId>251045</ItemId>
    </Item>
    <Item>
      <PriceUpdateDate>2025-05-05 08:19:36</PriceUpdateDate>
      <ItemCode>7290102398065</ItemCode>
      <ItemType>1</ItemType>
      <ItemName>חלב קרטון 2 ליטר 3%</ItemName>
      <ManufacturerName>לא ידוע</ManufacturerName>
      <ManufactureCountry>לא ידוע</ManufactureCountry>
      <ManufacturerItemDescription>חלב קרטון 2 ליטר 3%</ManufacturerItemDescription>
      <UnitQty>לא ידוע</UnitQty>
      <Quantity>2000.00</Quantity>
      <UnitOfMeasure>לא ידוע</UnitOfMeasure>
      <bIsWeighted>0</bIsWeighted>
      <QtyInPackage>לא ידוע</QtyInPackage>
      <ItemPrice>14.56</ItemPrice>
      <UnitOfMeasurePrice>0.0073</UnitOfMeasurePrice>
      <AllowDiscount>1</AllowDiscount>
      <ItemStatus>1</ItemStatus>
      <ItemId>207944</ItemId>
    </Item>
    <Item>
      <PriceUpdateDate>2025-04-20 08:18:41</PriceUpdateDate>
      <ItemCode>8000500247167</ItemCode>
      <ItemType>1</ItemType>
      <ItemName>פררו רושר קולקשיין ב</ItemName>
      <ManufacturerName>לא ידוע</ManufacturerName>
      <ManufactureCountry>לא ידוע</ManufactureCountry>
      <ManufacturerItemDescription>פררו רושר קולקשיין ב</ManufacturerItemDescription>
      <UnitQty>לא ידוע</UnitQty>
      <Quantity>269.00</Quantity>
      <UnitOfMeasure>לא ידוע</UnitOfMeasure>
      <bIsWeighted>0</bIsWeighted>
      <QtyInPackage>לא ידוע</QtyInPackage>
      <ItemPrice>59.90</ItemPrice>
      <UnitOfMeasurePrice>0.2227</UnitOfMeasurePrice>
      <AllowDiscount>1</AllowDiscount>
      <ItemStatus>1</ItemStatus>
      <ItemId>208067</ItemId>
    </Item>
    <Item>
      <PriceUpdateDate>2025-09-07 10:42:44</PriceUpdateDate>
      <ItemCode>7290111340178</ItemCode>
      <ItemType>1</ItemType>
      <ItemName>ניקול מטליות לחות לש</ItemName>
      <ManufacturerName>לא ידוע</ManufacturerName>
      <ManufactureCountry>לא ידוע</ManufactureCountry>
      <ManufacturerItemDescription>ניקול מטליות לחות לש</ManufacturerItemDescription>
      <UnitQty>לא ידוע</UnitQty>
      <Quantity>50.00</Quantity>
      <UnitOfMeasure>לא ידוע</UnitOfMeasure>
      <bIsWeighted>0</bIsWeighted>
      <QtyInPackage>לא ידוע</QtyInPackage>
      <ItemPrice>13.90</ItemPrice>
      <UnitOfMeasurePrice>0.2780</UnitOfMeasurePrice>
      <AllowDiscount>1</AllowDiscount>
      <ItemStatus>1</ItemStatus>
      <ItemId>208068</ItemId>
    </Item>
    <Item>
      <PriceUpdateDate>2025-09-07 10:42:44</PriceUpdateDate>
      <ItemCode>7290111340185</ItemCode>
      <ItemType>1</ItemType>
      <ItemName>מטליות לחות לרצפה בנ</ItemName>
      <ManufacturerName>לא ידוע</ManufacturerName>
      <ManufactureCountry>לא ידוע</ManufactureCountry>
      <ManufacturerItemDescription>מטליות לחות לרצפה בנ</ManufacturerItemDescription>
      <UnitQty>לא ידוע</UnitQty>
      <Quantity>10.00</Quantity>
      <UnitOfMeasure>לא ידוע</UnitOfMeasure>
      <bIsWeighted>0</bIsWeighted>
      <QtyInPackage>לא ידוע</QtyInPackage>
      <ItemPrice>13.90</ItemPrice>
      <UnitOfMeasurePrice>1.3900</UnitOfMeasurePrice>
      <AllowDiscount>1</AllowDiscount>
      <ItemStatus>1</ItemStatus>
      <ItemId>208079</ItemId>
    </Item>
    <Item>
      <PriceUpdateDate>2025-09-04 11:41:14</PriceUpdateDate>
      <ItemCode>7290111564277</ItemCode>
      <ItemType>1</ItemType>
      <ItemName>פריכיות 3 דגנים דקות</ItemName>
      <ManufacturerName>לא ידוע</ManufacturerName>
      <ManufactureCountry>לא ידוע</ManufactureCountry>
      <ManufacturerItemDescription>פריכיות 3 דגנים דקות</ManufacturerItemDescription>
      <UnitQty>לא ידוע</UnitQty>
      <Quantity>120.00</Quantity>
      <UnitOfMeasure>לא ידוע</UnitOfMeasure>
      <bIsWeighted>0</bIsWeighted>
      <QtyInPackage>לא ידוע</QtyInPackage>
      <ItemPrice>13.90</ItemPrice>
      <UnitOfMeasurePrice>0.1158</UnitOfMeasurePrice>
      <AllowDiscount>1</AllowDiscount>
      <ItemStatus>1</ItemStatus>
      <ItemId>208088</ItemId>
    </Item>
    <Item>
      <PriceUpdateDate>2025-09-04 11:41:14</PriceUpdateDate>
      <ItemCode>7290111564291</ItemCode>
      <ItemType>1</ItemType>
      <ItemName>פריכיות דקות עם קינו</ItemName>
      <ManufacturerName>לא ידוע</ManufacturerName>
      <ManufactureCountry>לא ידוע</ManufactureCountry>
      <ManufacturerItemDescription>פריכיות דקות עם קינו</ManufacturerItemDescription>
      <UnitQty>לא ידוע</UnitQty>
      <Quantity>120.00</Quantity>
      <UnitOfMeasure>לא ידוע</UnitOfMeasure>
      <bIsWeighted>0</bIsWeighted>
      <QtyInPackage>לא ידוע</QtyInPackage>
      <ItemPrice>13.90</ItemPrice>
      <UnitOfMeasurePrice>0.1158</UnitOfMeasurePrice>
      <AllowDiscount>1</AllowDiscount>
      <ItemStatus>1</ItemStatus>
      <ItemId>208089</ItemId>
    </Item>
    <Item>
      <PriceUpdateDate>2025-08-31 10:12:15</PriceUpdateDate>
      <ItemCode>7290107954976</ItemCode>
      <ItemType>1</ItemType>
      <ItemName>משקה חלב יטבתה פרו 3</ItemName>
      <ManufacturerName>לא ידוע</ManufacturerName>
      <ManufactureCountry>לא ידוע</ManufactureCountry>
      <ManufacturerItemDescription>משקה חלב יטבתה פרו 3</ManufacturerItemDescription>
      <UnitQty>לא ידוע</UnitQty>
      <Quantity>350.00</Quantity>
      <UnitOfMeasure>לא ידוע</UnitOfMeasure>
      <bIsWeighted>0</bIsWeighted>
      <QtyInPackage>לא ידוע</QtyInPackage>
      <ItemPrice>8.90</ItemPrice>
      <UnitOfMeasurePrice>0.0254</UnitOfMeasurePrice>
      <AllowDiscount>1</AllowDiscount>
      <ItemStatus>1</ItemStatus>
      <ItemId>208111</ItemId>
    </Item>
    <Item>
      <PriceUpdateDate>2025-08-31 09:57:17</PriceUpdateDate>
      <ItemCode>7290016233995</ItemCode>
      <ItemType>1</ItemType>
      <ItemName>אנשובי בפח עם שמן זי</ItemName>
      <ManufacturerName>לא ידוע</ManufacturerName>
      <ManufactureCountry>לא ידוע</ManufactureCountry>
      <ManufacturerItemDescription>אנשובי בפח עם שמן זי</ManufacturerItemDescription>
      <UnitQty>לא ידוע</UnitQty>
      <Quantity>45.00</Quantity>
      <UnitOfMeasure>לא ידוע</UnitOfMeasure>
      <bIsWeighted>0</bIsWeighted>
      <QtyInPackage>לא ידוע</QtyInPackage>
      <ItemPrice>11.90</ItemPrice>
      <UnitOfMeasurePrice>0.2644</UnitOfMeasurePrice>
      <AllowDiscount>1</AllowDiscount>
      <ItemStatus>1</ItemStatus>
      <ItemId>208124</ItemId>
    </Item>
    <Item>
      <PriceUpdateDate>2025-09-07 10:41:21</PriceUpdateDate>
      <ItemCode>7290108351590</ItemCode>
      <ItemType>1</ItemType>
      <ItemName>סנו פרש נטול גז בניח</ItemName>
      <ManufacturerName>לא ידוע</ManufacturerName>
      <ManufactureCountry>לא ידוע</ManufactureCountry>
      <ManufacturerItemDescription>סנו פרש נטול גז בניח</ManufacturerItemDescription>
      <UnitQty>לא ידוע</UnitQty>
      <Quantity>350.00</Quantity>
      <UnitOfMeasure>לא ידוע</UnitOfMeasure>
      <bIsWeighted>0</bIsWeighted>
      <QtyInPackage>לא ידוע</QtyInPackage>
      <ItemPrice>16.90</ItemPrice>
      <UnitOfMeasurePrice>0.0483</UnitOfMeasurePrice>
      <AllowDiscount>1</AllowDiscount>
      <ItemStatus>1</ItemStatus>
      <ItemId>208144</ItemId>
    </Item>
    <Item>
      <PriceUpdateDate>2025-10-12 08:51:26</PriceUpdateDate>
      <ItemCode>7290000311364</ItemCode>
      <ItemType>1</ItemType>
      <ItemName>וופל מן בטעם שוקולד</ItemName>
      <ManufacturerName>לא ידוע</ManufacturerName>
      <ManufactureCountry>לא ידוע</ManufactureCountry>
      <ManufacturerItemDescription>וופל מן בטעם שוקולד</ManufacturerItemDescription>
      <UnitQty>לא ידוע</UnitQty>
      <Quantity>200.00</Quantity>
      <UnitOfMeasure>לא ידוע</UnitOfMeasure>
      <bIsWeighted>0</bIsWeighted>
      <QtyInPackage>לא ידוע</QtyInPackage>
      <ItemPrice>12.50</ItemPrice>
      <UnitOfMeasurePrice>0.0625</UnitOfMeasurePrice>
      <AllowDiscount>1</AllowDiscount>
      <ItemStatus>1</ItemStatus>
      <ItemId>208269</ItemId>
    </Item>
    <Item>
      <PriceUpdateDate>2025-12-05 07:48:42</PriceUpdateDate>
      <ItemCode>7290018893609</ItemCode>
      <ItemType>1</ItemType>
      <ItemName>צ'וקטה שוקולד מריר 8</ItemName>
      <ManufacturerName>לא ידוע</ManufacturerName>
      <ManufactureCountry>לא ידוע</ManufactureCountry>
      <ManufacturerItemDescription>צ'וקטה שוקולד מריר 8</ManufacturerItemDescription>
      <UnitQty>לא ידוע</UnitQty>
      <Quantity>100.00</Quantity>
      <UnitOfMeasure>לא ידוע</UnitOfMeasure>
      <bIsWeighted>0</bIsWeighted>
      <QtyInPackage>לא ידוע</QtyInPackage>
      <ItemPrice>12.90</ItemPrice>
      <UnitOfMeasurePrice>0.1290</UnitOfMeasurePrice>
      <AllowDiscount>1</AllowDiscount>
      <ItemStatus>1</ItemStatus>
      <ItemId>237545</ItemId>
    </Item>
    <Item>
      <PriceUpdateDate>2025-09-03 11:27:56</PriceUpdateDate>
      <ItemCode>7290116530291</ItemCode>
      <ItemType>1</ItemType>
      <ItemName>פינוק מרכך בתוספת שמ</ItemName>
      <ManufacturerName>לא ידוע</ManufacturerName>
      <ManufactureCountry>לא ידוע</ManufactureCountry>
      <ManufacturerItemDescription>פינוק מרכך בתוספת שמ</ManufacturerItemDescription>
      <UnitQty>לא ידוע</UnitQty>
      <Quantity>700.00</Quantity>
      <UnitOfMeasure>לא ידוע</UnitOfMeasure>
      <bIsWeighted>0</bIsWeighted>
      <QtyInPackage>לא ידוע</QtyInPackage>
      <ItemPrice>15.90</ItemPrice>
      <UnitOfMeasurePrice>0.0227</UnitOfMeasurePrice>
      <AllowDiscount>1</AllowDiscount>
      <ItemStatus>1</ItemStatus>
      <ItemId>235179</ItemId>
    </Item>
    <Item>
      <PriceUpdateDate>2025-08-20 11:44:03</PriceUpdateDate>
      <ItemCode>7290002674238</ItemCode>
      <ItemType>1</ItemType>
      <ItemName>אקווה פרש משחת שיניי</ItemName>
      <ManufacturerName>לא ידוע</ManufacturerName>
      <ManufactureCountry>לא ידוע</ManufactureCountry>
      <ManufacturerItemDescription>אקווה פרש משחת שיניי</ManufacturerItemDescription>
      <UnitQty>לא ידוע</UnitQty>
      <Quantity>125.00</Quantity>
      <UnitOfMeasure>לא ידוע</UnitOfMeasure>
      <bIsWeighted>0</bIsWeighted>
      <QtyInPackage>לא ידוע</QtyInPackage>
      <ItemPrice>13.90</ItemPrice>
      <UnitOfMeasurePrice>0.1112</UnitOfMeasurePrice>
      <AllowDiscount>1</AllowDiscount>
      <ItemStatus>1</ItemStatus>
      <ItemId>208366</ItemId>
    </Item>
    <Item>
      <PriceUpdateDate>2025-08-20 16:33:17</PriceUpdateDate>
      <ItemCode>5900020029669</ItemCode>
      <ItemType>1</ItemType>
      <ItemName>פיטנס חטיף דגני פירו</ItemName>
      <ManufacturerName>לא ידוע</ManufacturerName>
      <ManufactureCountry>לא ידוע</ManufactureCountry>
      <ManufacturerItemDescription>פיטנס חטיף דגני פירו</ManufacturerItemDescription>
      <UnitQty>לא ידוע</UnitQty>
      <Quantity>141.00</Quantity>
      <UnitOfMeasure>לא ידוע</UnitOfMeasure>
      <bIsWeighted>0</bIsWeighted>
      <QtyInPackage>לא ידוע</QtyInPackage>
      <ItemPrice>19.90</ItemPrice>
      <UnitOfMeasurePrice>0.1411</UnitOfMeasurePrice>
      <AllowDiscount>1</AllowDiscount>
      <ItemStatus>1</ItemStatus>
      <ItemId>208368</ItemId>
    </Item>
    <Item>
      <PriceUpdateDate>2025-08-20 13:21:26</PriceUpdateDate>
      <ItemCode>7290004064174</ItemCode>
      <ItemType>1</ItemType>
      <ItemName>מלח ההימלאיה דק בצנצ</ItemName>
      <ManufacturerName>לא ידוע</ManufacturerName>
      <ManufactureCountry>לא ידוע</ManufactureCountry>
      <ManufacturerItemDescription>מלח ההימלאיה דק בצנצ</ManufacturerItemDescription>
      <UnitQty>לא ידוע</UnitQty>
      <Quantity>1000.00</Quantity>
      <UnitOfMeasure>לא ידוע</UnitOfMeasure>
      <bIsWeighted>0</bIsWeighted>
      <QtyInPackage>לא ידוע</QtyInPackage>
      <ItemPrice>19.90</ItemPrice>
      <UnitOfMeasurePrice>0.0199</UnitOfMeasurePrice>
      <AllowDiscount>1</AllowDiscount>
      <ItemStatus>1</ItemStatus>
      <ItemId>208442</ItemId>
    </Item>
    <Item>
      <PriceUpdateDate>2025-08-20 13:21:26</PriceUpdateDate>
      <ItemCode>7290004064181</ItemCode>
      <ItemType>1</ItemType>
      <ItemName>מלח ההימלאיה גס בצנצ</ItemName>
      <ManufacturerName>לא ידוע</ManufacturerName>
      <ManufactureCountry>לא ידוע</ManufactureCountry>
      <ManufacturerItemDescription>מלח ההימלאיה גס בצנצ</ManufacturerItemDescription>
      <UnitQty>לא ידוע</UnitQty>
      <Quantity>1000.00</Quantity>
      <UnitOfMeasure>לא ידוע</UnitOfMeasure>
      <bIsWeighted>0</bIsWeighted>
      <QtyInPackage>לא ידוע</QtyInPackage>
      <ItemPrice>19.90</ItemPrice>
      <UnitOfMeasurePrice>0.0199</UnitOfMeasurePrice>
      <AllowDiscount>1</AllowDiscount>
      <ItemStatus>1</ItemStatus>
      <ItemId>208443</ItemId>
    </Item>
    <Item>
      <PriceUpdateDate>2025-08-31 10:00:31</PriceUpdateDate>
      <ItemCode>7290107978453</ItemCode>
      <ItemType>1</ItemType>
      <ItemName>קראנצוס גריל 55 גרם</ItemName>
      <ManufacturerName>לא ידוע</ManufacturerName>
      <ManufactureCountry>לא ידוע</ManufactureCountry>
      <ManufacturerItemDescription>קראנצוס גריל 55 גרם</ManufacturerItemDescription>
      <UnitQty>לא ידוע</UnitQty>
      <Quantity>55.00</Quantity>
      <UnitOfMeasure>לא ידוע</UnitOfMeasure>
      <bIsWeighted>0</bIsWeighted>
      <QtyInPackage>לא ידוע</QtyInPackage>
      <ItemPrice>5.00</ItemPrice>
      <UnitOfMeasurePrice>0.0909</UnitOfMeasurePrice>
      <AllowDiscount>1</AllowDiscount>
      <ItemStatus>1</ItemStatus>
      <ItemId>208637</ItemId>
    </Item>
    <Item>
      <PriceUpdateDate>2025-08-31 10:00:31</PriceUpdateDate>
      <ItemCode>7290107978460</ItemCode>
      <ItemType>1</ItemType>
      <ItemName>קראנצוס פלאפל 55 גרם</ItemName>
      <ManufacturerName>לא ידוע</ManufacturerName>
      <ManufactureCountry>לא ידוע</ManufactureCountry>
      <ManufacturerItemDescription>קראנצוס פלאפל 55 גרם</ManufacturerItemDescription>
      <UnitQty>לא ידוע</UnitQty>
      <Quantity>55.00</Quantity>
      <UnitOfMeasure>לא ידוע</UnitOfMeasure>
      <bIsWeighted>0</bIsWeighted>
      <QtyInPackage>לא ידוע</QtyInPackage>
      <ItemPrice>5.00</ItemPrice>
      <UnitOfMeasurePrice>0.0909</UnitOfMeasurePrice>
      <AllowDiscount>1</AllowDiscount>
      <ItemStatus>1</ItemStatus>
      <ItemId>208638</ItemId>
    </Item>
    <Item>
      <PriceUpdateDate>2025-08-31 10:00:32</PriceUpdateDate>
      <ItemCode>7290111930805</ItemCode>
      <ItemType>1</ItemType>
      <ItemName>קראנצוס ברביקיו 55 ג</ItemName>
      <ManufacturerName>לא ידוע</ManufacturerName>
      <ManufactureCountry>לא ידוע</ManufactureCountry>
      <ManufacturerItemDescription>קראנצוס ברביקיו 55 ג</ManufacturerItemDescription>
      <UnitQty>לא ידוע</UnitQty>
      <Quantity>55.00</Quantity>
      <UnitOfMeasure>לא ידוע</UnitOfMeasure>
      <bIsWeighted>0</bIsWeighted>
      <QtyInPackage>לא ידוע</QtyInPackage>
      <ItemPrice>5.00</ItemPrice>
      <UnitOfMeasurePrice>0.0909</UnitOfMeasurePrice>
      <AllowDiscount>1</AllowDiscount>
      <ItemStatus>1</ItemStatus>
      <ItemId>208640</ItemId>
    </Item>
    <Item>
      <PriceUpdateDate>2025-08-31 10:00:32</PriceUpdateDate>
      <ItemCode>7290111930850</ItemCode>
      <ItemType>1</ItemType>
      <ItemName>קראנצוס פיצה 55 גרם</ItemName>
      <ManufacturerName>לא ידוע</ManufacturerName>
      <ManufactureCountry>לא ידוע</ManufactureCountry>
      <ManufacturerItemDescription>קראנצוס פיצה 55 גרם</ManufacturerItemDescription>
      <UnitQty>לא ידוע</UnitQty>
      <Quantity>55.00</Quantity>
      <UnitOfMeasure>לא ידוע</UnitOfMeasure>
      <bIsWeighted>0</bIsWeighted>
      <QtyInPackage>לא ידוע</QtyInPackage>
      <ItemPrice>5.00</ItemPrice>
      <UnitOfMeasurePrice>0.0909</UnitOfMeasurePrice>
      <AllowDiscount>1</AllowDiscount>
      <ItemStatus>1</ItemStatus>
      <ItemId>208641</ItemId>
    </Item>
    <Item>
      <PriceUpdateDate>2025-09-05 12:38:48</PriceUpdateDate>
      <ItemCode>7290107647854</ItemCode>
      <ItemType>1</ItemType>
      <ItemName>שוגי בדצ 500 גר</ItemName>
      <ManufacturerName>לא ידוע</ManufacturerName>
      <ManufactureCountry>לא ידוע</ManufactureCountry>
      <ManufacturerItemDescription>שוגי בדצ 500 גר</ManufacturerItemDescription>
      <UnitQty>לא ידוע</UnitQty>
      <Quantity>500.00</Quantity>
      <UnitOfMeasure>לא ידוע</UnitOfMeasure>
      <bIsWeighted>0</bIsWeighted>
      <QtyInPackage>לא ידוע</QtyInPackage>
      <ItemPrice>27.90</ItemPrice>
      <UnitOfMeasurePrice>0.0558</UnitOfMeasurePrice>
      <AllowDiscount>1</AllowDiscount>
      <ItemStatus>1</ItemStatus>
      <ItemId>208677</ItemId>
    </Item>
    <Item>
      <PriceUpdateDate>2025-08-21 11:27:53</PriceUpdateDate>
      <ItemCode>7290000453866</ItemCode>
      <ItemType>1</ItemType>
      <ItemName>שמרית תחליף מרגרינה</ItemName>
      <ManufacturerName>לא ידוע</ManufacturerName>
      <ManufactureCountry>לא ידוע</ManufactureCountry>
      <ManufacturerItemDescription>שמרית תחליף מרגרינה</ManufacturerItemDescription>
      <UnitQty>לא ידוע</UnitQty>
      <Quantity>200.00</Quantity>
      <UnitOfMeasure>לא ידוע</UnitOfMeasure>
      <bIsWeighted>0</bIsWeighted>
      <QtyInPackage>לא ידוע</QtyInPackage>
      <ItemPrice>10.50</ItemPrice>
      <UnitOfMeasurePrice>0.0525</UnitOfMeasurePrice>
      <AllowDiscount>1</AllowDiscount>
      <ItemStatus>1</ItemStatus>
      <ItemId>208692</ItemId>
    </Item>
    <Item>
      <PriceUpdateDate>2025-08-26 11:42:28</PriceUpdateDate>
      <ItemCode>7290107936965</ItemCode>
      <ItemType>1</ItemType>
      <ItemName>עד חצות ביסקוויט עיג</ItemName>
      <ManufacturerName>קריות זול</ManufacturerName>
      <ManufactureCountry>לא ידוע</ManufactureCountry>
      <ManufacturerItemDescription>עד חצות ביסקוויט עיג</ManufacturerItemDescription>
      <UnitQty>לא ידוע</UnitQty>
      <Quantity>225.00</Quantity>
      <UnitOfMeasure>לא ידוע</UnitOfMeasure>
      <bIsWeighted>0</bIsWeighted>
      <QtyInPackage>לא ידוע</QtyInPackage>
      <ItemPrice>18.90</ItemPrice>
      <UnitOfMeasurePrice>0.0840</UnitOfMeasurePrice>
      <AllowDiscount>1</AllowDiscount>
      <ItemStatus>1</ItemStatus>
      <ItemId>208714</ItemId>
    </Item>
    <Item>
      <PriceUpdateDate>2025-09-08 07:57:27</PriceUpdateDate>
      <ItemCode>8715700110141</ItemCode>
      <ItemType>1</ItemType>
      <ItemName>מיונז היינץ צנצנת 46</ItemName>
      <ManufacturerName>לא ידוע</ManufacturerName>
      <ManufactureCountry>לא ידוע</ManufactureCountry>
      <ManufacturerItemDescription>מיונז היינץ צנצנת 46</ManufacturerItemDescription>
      <UnitQty>לא ידוע</UnitQty>
      <Quantity>460.00</Quantity>
      <UnitOfMeasure>לא ידוע</UnitOfMeasure>
      <bIsWeighted>0</bIsWeighted>
      <QtyInPackage>לא ידוע</QtyInPackage>
      <ItemPrice>15.90</ItemPrice>
      <UnitOfMeasurePrice>0.0346</UnitOfMeasurePrice>
      <AllowDiscount>1</AllowDiscount>
      <ItemStatus>1</ItemStatus>
      <ItemId>208718</ItemId>
    </Item>
    <Item>
      <PriceUpdateDate>2025-09-08 07:57:27</PriceUpdateDate>
      <ItemCode>8715700110158</ItemCode>
      <ItemType>1</ItemType>
      <ItemName>מיונז היינץ לייט צנצ</ItemName>
      <ManufacturerName>לא ידוע</ManufacturerName>
      <ManufactureCountry>לא ידוע</ManufactureCountry>
      <ManufacturerItemDescription>מיונז היינץ לייט צנצ</ManufacturerItemDescription>
      <UnitQty>לא ידוע</UnitQty>
      <Quantity>490.00</Quantity>
      <UnitOfMeasure>לא ידוע</UnitOfMeasure>
      <bIsWeighted>0</bIsWeighted>
      <QtyInPackage>לא ידוע</QtyInPackage>
      <ItemPrice>15.90</ItemPrice>
      <UnitOfMeasurePrice>0.0324</UnitOfMeasurePrice>
      <AllowDiscount>1</AllowDiscount>
      <ItemStatus>1</ItemStatus>
      <ItemId>208719</ItemId>
    </Item>
    <Item>
      <PriceUpdateDate>2025-08-26 11:26:04</PriceUpdateDate>
      <ItemCode>7290016621365</ItemCode>
      <ItemType>1</ItemType>
      <ItemName>קמיל אל סבון ניקיון</ItemName>
      <ManufacturerName>לא ידוע</ManufacturerName>
      <ManufactureCountry>לא ידוע</ManufactureCountry>
      <ManufacturerItemDescription>קמיל אל סבון ניקיון</ManufacturerItemDescription>
      <UnitQty>לא ידוע</UnitQty>
      <Quantity>1000.00</Quantity>
      <UnitOfMeasure>לא ידוע</UnitOfMeasure>
      <bIsWeighted>0</bIsWeighted>
      <QtyInPackage>לא ידוע</QtyInPackage>
      <ItemPrice>18.90</ItemPrice>
      <UnitOfMeasurePrice>0.0189</UnitOfMeasurePrice>
      <AllowDiscount>1</AllowDiscount>
      <ItemStatus>1</ItemStatus>
      <ItemId>208745</ItemId>
    </Item>
    <Item>
      <PriceUpdateDate>2025-08-26 11:20:45</PriceUpdateDate>
      <ItemCode>7290110320850</ItemCode>
      <ItemType>1</ItemType>
      <ItemName>פתיתי עמק 28% שומן 2</ItemName>
      <ManufacturerName>לא ידוע</ManufacturerName>
      <ManufactureCountry>לא ידוע</ManufactureCountry>
      <ManufacturerItemDescription>פתיתי עמק 28% שומן 2</ManufacturerItemDescription>
      <UnitQty>לא ידוע</UnitQty>
      <Quantity>200.00</Quantity>
      <UnitOfMeasure>לא ידוע</UnitOfMeasure>
      <bIsWeighted>0</bIsWeighted>
      <QtyInPackage>לא ידוע</QtyInPackage>
      <ItemPrice>20.20</ItemPrice>
      <UnitOfMeasurePrice>0.1010</UnitOfMeasurePrice>
      <AllowDiscount>1</AllowDiscount>
      <ItemStatus>1</ItemStatus>
      <ItemId>208754</ItemId>
    </Item>
    <Item>
      <PriceUpdateDate>2025-08-21 13:13:29</PriceUpdateDate>
      <ItemCode>7290002603016</ItemCode>
      <ItemType>1</ItemType>
      <ItemName>טונה ויליגר במים 4*1</ItemName>
      <ManufacturerName>לא ידוע</ManufacturerName>
      <ManufactureCountry>לא ידוע</ManufactureCountry>
      <ManufacturerItemDescription>טונה ויליגר במים 4*1</ManufacturerItemDescription>
      <UnitQty>לא ידוע</UnitQty>
      <Quantity>560.00</Quantity>
      <UnitOfMeasure>לא ידוע</UnitOfMeasure>
      <bIsWeighted>0</bIsWeighted>
      <QtyInPackage>לא ידוע</QtyInPackage>
      <ItemPrice>23.90</ItemPrice>
      <UnitOfMeasurePrice>0.0427</UnitOfMeasurePrice>
      <AllowDiscount>1</AllowDiscount>
      <ItemStatus>1</ItemStatus>
      <ItemId>208790</ItemId>
    </Item>
    <Item>
      <PriceUpdateDate>2025-09-08 07:55:38</PriceUpdateDate>
      <ItemCode>7290017873756</ItemCode>
      <ItemType>1</ItemType>
      <ItemName>מגבוני פרשוואנס  שלי</ItemName>
      <ManufacturerName>לא ידוע</ManufacturerName>
      <ManufactureCountry>לא ידוע</ManufactureCountry>
      <ManufacturerItemDescription>מגבוני פרשוואנס  שלי</ManufacturerItemDescription>
      <UnitQty>יחידה   </UnitQty>
      <Quantity>0.00</Quantity>
      <UnitOfMeasure>יחידה   </UnitOfMeasure>
      <bIsWeighted>0</bIsWeighted>
      <QtyInPackage>לא ידוע</QtyInPackage>
      <ItemPrice>15.90</ItemPrice>
      <UnitOfMeasurePrice>0.0000</UnitOfMeasurePrice>
      <AllowDiscount>1</AllowDiscount>
      <ItemStatus>1</ItemStatus>
      <ItemId>254575</ItemId>
    </Item>
    <Item>
      <PriceUpdateDate>2025-08-20 09:03:21</PriceUpdateDate>
      <ItemCode>4009900521581</ItemCode>
      <ItemType>1</ItemType>
      <ItemName>סוכריות אורביט מינטס</ItemName>
      <ManufacturerName>לא ידוע</ManufacturerName>
      <ManufactureCountry>לא ידוע</ManufactureCountry>
      <ManufacturerItemDescription>סוכריות אורביט מינטס</ManufacturerItemDescription>
      <UnitQty>לא ידוע</UnitQty>
      <Quantity>77.00</Quantity>
      <UnitOfMeasure>לא ידוע</UnitOfMeasure>
      <bIsWeighted>0</bIsWeighted>
      <QtyInPackage>לא ידוע</QtyInPackage>
      <ItemPrice>13.90</ItemPrice>
      <UnitOfMeasurePrice>0.1805</UnitOfMeasurePrice>
      <AllowDiscount>1</AllowDiscount>
      <ItemStatus>1</ItemStatus>
      <ItemId>208826</ItemId>
    </Item>
    <Item>
      <PriceUpdateDate>2025-08-31 10:00:32</PriceUpdateDate>
      <ItemCode>7290111930898</ItemCode>
      <ItemType>1</ItemType>
      <ItemName>חטיף פוף כוכבים גריל</ItemName>
      <ManufacturerName>לא ידוע</ManufacturerName>
      <ManufactureCountry>לא ידוע</ManufactureCountry>
      <ManufacturerItemDescription>חטיף פוף כוכבים גריל</ManufacturerItemDescription>
      <UnitQty>לא ידוע</UnitQty>
      <Quantity>40.00</Quantity>
      <UnitOfMeasure>לא ידוע</UnitOfMeasure>
      <bIsWeighted>0</bIsWeighted>
      <QtyInPackage>לא ידוע</QtyInPackage>
      <ItemPrice>5.50</ItemPrice>
      <UnitOfMeasurePrice>0.1375</UnitOfMeasurePrice>
      <AllowDiscount>1</AllowDiscount>
      <ItemStatus>1</ItemStatus>
      <ItemId>208833</ItemId>
    </Item>
    <Item>
      <PriceUpdateDate>2025-08-31 10:00:32</PriceUpdateDate>
      <ItemCode>7290111930904</ItemCode>
      <ItemType>1</ItemType>
      <ItemName>חטיף פוף כוכבים בצל</ItemName>
      <ManufacturerName>לא ידוע</ManufacturerName>
      <ManufactureCountry>לא ידוע</ManufactureCountry>
      <ManufacturerItemDescription>חטיף פוף כוכבים בצל</ManufacturerItemDescription>
      <UnitQty>לא ידוע</UnitQty>
      <Quantity>40.00</Quantity>
      <UnitOfMeasure>לא ידוע</UnitOfMeasure>
      <bIsWeighted>0</bIsWeighted>
      <QtyInPackage>לא ידוע</QtyInPackage>
      <ItemPrice>5.50</ItemPrice>
      <UnitOfMeasurePrice>0.1375</UnitOfMeasurePrice>
      <AllowDiscount>1</AllowDiscount>
      <ItemStatus>1</ItemStatus>
      <ItemId>208834</ItemId>
    </Item>
    <Item>
      <PriceUpdateDate>2025-08-31 10:00:33</PriceUpdateDate>
      <ItemCode>7290111930911</ItemCode>
      <ItemType>1</ItemType>
      <ItemName>חטיף פוף לבבות קלאסי</ItemName>
      <ManufacturerName>לא ידוע</ManufacturerName>
      <ManufactureCountry>לא ידוע</ManufactureCountry>
      <ManufacturerItemDescription>חטיף פוף לבבות קלאסי</ManufacturerItemDescription>
      <UnitQty>לא ידוע</UnitQty>
      <Quantity>40.00</Quantity>
      <UnitOfMeasure>לא ידוע</UnitOfMeasure>
      <bIsWeighted>0</bIsWeighted>
      <QtyInPackage>לא ידוע</QtyInPackage>
      <ItemPrice>5.50</ItemPrice>
      <UnitOfMeasurePrice>0.1375</UnitOfMeasurePrice>
      <AllowDiscount>1</AllowDiscount>
      <ItemStatus>1</ItemStatus>
      <ItemId>208835</ItemId>
    </Item>
    <Item>
      <PriceUpdateDate>2025-08-31 10:00:33</PriceUpdateDate>
      <ItemCode>7290111930928</ItemCode>
      <ItemType>1</ItemType>
      <ItemName>חטיף פוף לבבות גריל</ItemName>
      <ManufacturerName>לא ידוע</ManufacturerName>
      <ManufactureCountry>לא ידוע</ManufactureCountry>
      <ManufacturerItemDescription>חטיף פוף לבבות גריל</ManufacturerItemDescription>
      <UnitQty>לא ידוע</UnitQty>
      <Quantity>40.00</Quantity>
      <UnitOfMeasure>לא ידוע</UnitOfMeasure>
      <bIsWeighted>0</bIsWeighted>
      <QtyInPackage>לא ידוע</QtyInPackage>
      <ItemPrice>5.50</ItemPrice>
      <UnitOfMeasurePrice>0.1375</UnitOfMeasurePrice>
      <AllowDiscount>1</AllowDiscount>
      <ItemStatus>1</ItemStatus>
      <ItemId>208836</ItemId>
    </Item>
    <Item>
      <PriceUpdateDate>2025-08-31 10:00:33</PriceUpdateDate>
      <ItemCode>7290111930935</ItemCode>
      <ItemType>1</ItemType>
      <ItemName>חטיף פוף טבעות קלאסי</ItemName>
      <ManufacturerName>לא ידוע</ManufacturerName>
      <ManufactureCountry>לא ידוע</ManufactureCountry>
      <ManufacturerItemDescription>חטיף פוף טבעות קלאסי</ManufacturerItemDescription>
      <UnitQty>לא ידוע</UnitQty>
      <Quantity>40.00</Quantity>
      <UnitOfMeasure>לא ידוע</UnitOfMeasure>
      <bIsWeighted>0</bIsWeighted>
      <QtyInPackage>לא ידוע</QtyInPackage>
      <ItemPrice>5.50</ItemPrice>
      <UnitOfMeasurePrice>0.1375</UnitOfMeasurePrice>
      <AllowDiscount>1</AllowDiscount>
      <ItemStatus>1</ItemStatus>
      <ItemId>208837</ItemId>
    </Item>
    <Item>
      <PriceUpdateDate>2025-09-08 08:02:25</PriceUpdateDate>
      <ItemCode>8001841131269</ItemCode>
      <ItemType>1</ItemType>
      <ItemName>אריאל גל כביסה 2.5 ל</ItemName>
      <ManufacturerName>לא ידוע</ManufacturerName>
      <ManufactureCountry>לא ידוע</ManufactureCountry>
      <ManufacturerItemDescription>אריאל גל כביסה 2.5 ל</ManufacturerItemDescription>
      <UnitQty>לא ידוע</UnitQty>
      <Quantity>2500.00</Quantity>
      <UnitOfMeasure>לא ידוע</UnitOfMeasure>
      <bIsWeighted>0</bIsWeighted>
      <QtyInPackage>לא ידוע</QtyInPackage>
      <ItemPrice>36.90</ItemPrice>
      <UnitOfMeasurePrice>0.0148</UnitOfMeasurePrice>
      <AllowDiscount>1</AllowDiscount>
      <ItemStatus>1</ItemStatus>
      <ItemId>249126</ItemId>
    </Item>
    <Item>
      <PriceUpdateDate>2025-07-01 16:32:46</PriceUpdateDate>
      <ItemCode>7290115203134</ItemCode>
      <ItemType>1</ItemType>
      <ItemName>פופקו פופקורן במבה א</ItemName>
      <ManufacturerName>לא ידוע</ManufacturerName>
      <ManufactureCountry>לא ידוע</ManufactureCountry>
      <ManufacturerItemDescription>פופקו פופקורן במבה א</ManufacturerItemDescription>
      <UnitQty>לא ידוע</UnitQty>
      <Quantity>80.00</Quantity>
      <UnitOfMeasure>לא ידוע</UnitOfMeasure>
      <bIsWeighted>0</bIsWeighted>
      <QtyInPackage>לא ידוע</QtyInPackage>
      <ItemPrice>7.90</ItemPrice>
      <UnitOfMeasurePrice>0.0988</UnitOfMeasurePrice>
      <AllowDiscount>1</AllowDiscount>
      <ItemStatus>1</ItemStatus>
      <ItemId>234951</ItemId>
    </Item>
    <Item>
      <PriceUpdateDate>2025-08-26 10:52:39</PriceUpdateDate>
      <ItemCode>7290107956901</ItemCode>
      <ItemType>1</ItemType>
      <ItemName>קפסולות אספרסו בטעם</ItemName>
      <ManufacturerName>לא ידוע</ManufacturerName>
      <ManufactureCountry>לא ידוע</ManufactureCountry>
      <ManufacturerItemDescription>קפסולות אספרסו בטעם</ManufacturerItemDescription>
      <UnitQty>לא ידוע</UnitQty>
      <Quantity>150.00</Quantity>
      <UnitOfMeasure>לא ידוע</UnitOfMeasure>
      <bIsWeighted>0</bIsWeighted>
      <QtyInPackage>לא ידוע</QtyInPackage>
      <ItemPrice>21.90</ItemPrice>
      <UnitOfMeasurePrice>0.1460</UnitOfMeasurePrice>
      <AllowDiscount>1</AllowDiscount>
      <ItemStatus>1</ItemStatus>
      <ItemId>209064</ItemId>
    </Item>
    <Item>
      <PriceUpdateDate>2025-09-07 10:41:20</PriceUpdateDate>
      <ItemCode>7290108351552</ItemCode>
      <ItemType>1</ItemType>
      <ItemName>סנו ג'ט פלוס עם חומץ</ItemName>
      <ManufacturerName>לא ידוע</ManufacturerName>
      <ManufactureCountry>לא ידוע</ManufactureCountry>
      <ManufacturerItemDescription>סנו ג'ט פלוס עם חומץ</ManufacturerItemDescription>
      <UnitQty>לא ידוע</UnitQty>
      <Quantity>750.00</Quantity>
      <UnitOfMeasure>לא ידוע</UnitOfMeasure>
      <bIsWeighted>0</bIsWeighted>
      <QtyInPackage>לא ידוע</QtyInPackage>
      <ItemPrice>14.90</ItemPrice>
      <UnitOfMeasurePrice>0.0199</UnitOfMeasurePrice>
      <AllowDiscount>1</AllowDiscount>
      <ItemStatus>1</ItemStatus>
      <ItemId>209120</ItemId>
    </Item>
    <Item>
      <PriceUpdateDate>2025-10-22 07:37:39</PriceUpdateDate>
      <ItemCode>8008343200035</ItemCode>
      <ItemType>1</ItemType>
      <ItemName>פסטה רומו ספגטי 500</ItemName>
      <ManufacturerName>לא ידוע</ManufacturerName>
      <ManufactureCountry>לא ידוע</ManufactureCountry>
      <ManufacturerItemDescription>פסטה רומו ספגטי 500</ManufacturerItemDescription>
      <UnitQty>לא ידוע</UnitQty>
      <Quantity>500.00</Quantity>
      <UnitOfMeasure>לא ידוע</UnitOfMeasure>
      <bIsWeighted>0</bIsWeighted>
      <QtyInPackage>לא ידוע</QtyInPackage>
      <ItemPrice>9.90</ItemPrice>
      <UnitOfMeasurePrice>0.0198</UnitOfMeasurePrice>
      <AllowDiscount>1</AllowDiscount>
      <ItemStatus>1</ItemStatus>
      <ItemId>209181</ItemId>
    </Item>
    <Item>
      <PriceUpdateDate>2025-10-12 08:52:12</PriceUpdateDate>
      <ItemCode>7290000311227</ItemCode>
      <ItemType>1</ItemType>
      <ItemName>וופל מן קפה 200גר</ItemName>
      <ManufacturerName>לא ידוע</ManufacturerName>
      <ManufactureCountry>לא ידוע</ManufactureCountry>
      <ManufacturerItemDescription>וופל מן קפה 200גר</ManufacturerItemDescription>
      <UnitQty>לא ידוע</UnitQty>
      <Quantity>200.00</Quantity>
      <UnitOfMeasure>לא ידוע</UnitOfMeasure>
      <bIsWeighted>0</bIsWeighted>
      <QtyInPackage>לא ידוע</QtyInPackage>
      <ItemPrice>6.70</ItemPrice>
      <UnitOfMeasurePrice>0.0335</UnitOfMeasurePrice>
      <AllowDiscount>1</AllowDiscount>
      <ItemStatus>1</ItemStatus>
      <ItemId>218607</ItemId>
    </Item>
    <Item>
      <PriceUpdateDate>2025-10-12 08:51:28</PriceUpdateDate>
      <ItemCode>7290000311500</ItemCode>
      <ItemType>1</ItemType>
      <ItemName>וופל מן שוקו 500גר</ItemName>
      <ManufacturerName>לא ידוע</ManufacturerName>
      <ManufactureCountry>לא ידוע</ManufactureCountry>
      <ManufacturerItemDescription>וופל מן שוקו 500גר</ManufacturerItemDescription>
      <UnitQty>לא ידוע</UnitQty>
      <Quantity>500.00</Quantity>
      <UnitOfMeasure>לא ידוע</UnitOfMeasure>
      <bIsWeighted>0</bIsWeighted>
      <QtyInPackage>לא ידוע</QtyInPackage>
      <ItemPrice>14.50</ItemPrice>
      <UnitOfMeasurePrice>0.0290</UnitOfMeasurePrice>
      <AllowDiscount>1</AllowDiscount>
      <ItemStatus>1</ItemStatus>
      <ItemId>218608</ItemId>
    </Item>
    <Item>
      <PriceUpdateDate>2025-10-12 08:51:29</PriceUpdateDate>
      <ItemCode>7290000311517</ItemCode>
      <ItemType>1</ItemType>
      <ItemName>וופל מן לימון 500גר</ItemName>
      <ManufacturerName>לא ידוע</ManufacturerName>
      <ManufactureCountry>לא ידוע</ManufactureCountry>
      <ManufacturerItemDescription>וופל מן לימון 500גר</ManufacturerItemDescription>
      <UnitQty>לא ידוע</UnitQty>
      <Quantity>500.00</Quantity>
      <UnitOfMeasure>לא ידוע</UnitOfMeasure>
      <bIsWeighted>0</bIsWeighted>
      <QtyInPackage>לא ידוע</QtyInPackage>
      <ItemPrice>14.50</ItemPrice>
      <UnitOfMeasurePrice>0.0290</UnitOfMeasurePrice>
      <AllowDiscount>1</AllowDiscount>
      <ItemStatus>1</ItemStatus>
      <ItemId>218609</ItemId>
    </Item>
    <Item>
      <PriceUpdateDate>2025-09-08 07:54:54</PriceUpdateDate>
      <ItemCode>7290016387841</ItemCode>
      <ItemType>1</ItemType>
      <ItemName>אטבי כביסה ג'וי צבעו</ItemName>
      <ManufacturerName>לא ידוע</ManufacturerName>
      <ManufactureCountry>לא ידוע</ManufactureCountry>
      <ManufacturerItemDescription>אטבי כביסה ג'וי צבעו</ManufacturerItemDescription>
      <UnitQty>יחידה   </UnitQty>
      <Quantity>0.00</Quantity>
      <UnitOfMeasure>יחידה   </UnitOfMeasure>
      <bIsWeighted>0</bIsWeighted>
      <QtyInPackage>לא ידוע</QtyInPackage>
      <ItemPrice>14.90</ItemPrice>
      <UnitOfMeasurePrice>0.0000</UnitOfMeasurePrice>
      <AllowDiscount>1</AllowDiscount>
      <ItemStatus>1</ItemStatus>
      <ItemId>209320</ItemId>
    </Item>
    <Item>
      <PriceUpdateDate>2024-03-27 10:21:40</PriceUpdateDate>
      <ItemCode>7290015855501</ItemCode>
      <ItemType>1</ItemType>
      <ItemName>חסה עגולה שקית</ItemName>
      <ManufacturerName>לא ידוע</ManufacturerName>
      <ManufactureCountry>ישראל</ManufactureCountry>
      <ManufacturerItemDescription>חסה עגולה שקית</ManufacturerItemDescription>
      <UnitQty>יחידה   </UnitQty>
      <Quantity>0.00</Quantity>
      <UnitOfMeasure>יחידה   </UnitOfMeasure>
      <bIsWeighted>0</bIsWeighted>
      <QtyInPackage>לא ידוע</QtyInPackage>
      <ItemPrice>6.90</ItemPrice>
      <UnitOfMeasurePrice>0.0000</UnitOfMeasurePrice>
      <AllowDiscount>1</AllowDiscount>
      <ItemStatus>1</ItemStatus>
      <ItemId>240549</ItemId>
    </Item>
    <Item>
      <PriceUpdateDate>2025-09-08 07:58:50</PriceUpdateDate>
      <ItemCode>7290120663787</ItemCode>
      <ItemType>1</ItemType>
      <ItemName>מאוורר סוכריות -12יח</ItemName>
      <ManufacturerName>לא ידוע</ManufacturerName>
      <ManufactureCountry>לא ידוע</ManufactureCountry>
      <ManufacturerItemDescription>מאוורר סוכריות -12יח</ManufacturerItemDescription>
      <UnitQty>יחידה   </UnitQty>
      <Quantity>0.00</Quantity>
      <UnitOfMeasure>יחידה   </UnitOfMeasure>
      <bIsWeighted>0</bIsWeighted>
      <QtyInPackage>לא ידוע</QtyInPackage>
      <ItemPrice>9.50</ItemPrice>
      <UnitOfMeasurePrice>0.0000</UnitOfMeasurePrice>
      <AllowDiscount>1</AllowDiscount>
      <ItemStatus>1</ItemStatus>
      <ItemId>255225</ItemId>
    </Item>
    <Item>
      <PriceUpdateDate>2025-08-19 09:31:38</PriceUpdateDate>
      <ItemCode>5000396037548</ItemCode>
      <ItemType>1</ItemType>
      <ItemName>מקוויטיס ביסקוויט מ.</ItemName>
      <ManufacturerName>לא ידוע</ManufacturerName>
      <ManufactureCountry>לא ידוע</ManufactureCountry>
      <ManufacturerItemDescription>מקוויטיס ביסקוויט מ.</ManufacturerItemDescription>
      <UnitQty>לא ידוע</UnitQty>
      <Quantity>200.00</Quantity>
      <UnitOfMeasure>לא ידוע</UnitOfMeasure>
      <bIsWeighted>0</bIsWeighted>
      <QtyInPackage>לא ידוע</QtyInPackage>
      <ItemPrice>15.90</ItemPrice>
      <UnitOfMeasurePrice>0.0795</UnitOfMeasurePrice>
      <AllowDiscount>1</AllowDiscount>
      <ItemStatus>1</ItemStatus>
      <ItemId>209343</ItemId>
    </Item>
    <Item>
      <PriceUpdateDate>2025-08-26 16:06:43</PriceUpdateDate>
      <ItemCode>8445291451728</ItemCode>
      <ItemType>1</ItemType>
      <ItemName>סטארבקס קפסולות ריסט</ItemName>
      <ManufacturerName>לא ידוע</ManufacturerName>
      <ManufactureCountry>לא ידוע</ManufactureCountry>
      <ManufacturerItemDescription>סטארבקס קפסולות ריסט</ManufacturerItemDescription>
      <UnitQty>לא ידוע</UnitQty>
      <Quantity>57.00</Quantity>
      <UnitOfMeasure>לא ידוע</UnitOfMeasure>
      <bIsWeighted>0</bIsWeighted>
      <QtyInPackage>לא ידוע</QtyInPackage>
      <ItemPrice>24.90</ItemPrice>
      <UnitOfMeasurePrice>0.4368</UnitOfMeasurePrice>
      <AllowDiscount>1</AllowDiscount>
      <ItemStatus>1</ItemStatus>
      <ItemId>250963</ItemId>
    </Item>
    <Item>
      <PriceUpdateDate>2025-09-03 13:38:17</PriceUpdateDate>
      <ItemCode>7290119373017</ItemCode>
      <ItemType>1</ItemType>
      <ItemName>טבלת פסק זמן ש.חלב ב</ItemName>
      <ManufacturerName>לא ידוע</ManufacturerName>
      <ManufactureCountry>לא ידוע</ManufactureCountry>
      <ManufacturerItemDescription>טבלת פסק זמן ש.חלב ב</ManufacturerItemDescription>
      <UnitQty>לא ידוע</UnitQty>
      <Quantity>100.00</Quantity>
      <UnitOfMeasure>לא ידוע</UnitOfMeasure>
      <bIsWeighted>0</bIsWeighted>
      <QtyInPackage>לא ידוע</QtyInPackage>
      <ItemPrice>11.90</ItemPrice>
      <UnitOfMeasurePrice>0.1190</UnitOfMeasurePrice>
      <AllowDiscount>1</AllowDiscount>
      <ItemStatus>1</ItemStatus>
      <ItemId>245924</ItemId>
    </Item>
    <Item>
      <PriceUpdateDate>2025-08-18 09:16:29</PriceUpdateDate>
      <ItemCode>7290002511236</ItemCode>
      <ItemType>1</ItemType>
      <ItemName>בולגרית מעודנת 5% המ</ItemName>
      <ManufacturerName>לא ידוע</ManufacturerName>
      <ManufactureCountry>ישראל</ManufactureCountry>
      <ManufacturerItemDescription>בולגרית מעודנת 5% המ</ManufacturerItemDescription>
      <UnitQty>קילוגרמים</UnitQty>
      <Quantity>1.00</Quantity>
      <UnitOfMeasure>ק"ג</UnitOfMeasure>
      <bIsWeighted>1</bIsWeighted>
      <QtyInPackage>לא ידוע</QtyInPackage>
      <ItemPrice>65.00</ItemPrice>
      <UnitOfMeasurePrice>65.0000</UnitOfMeasurePrice>
      <AllowDiscount>1</AllowDiscount>
      <ItemStatus>1</ItemStatus>
      <ItemId>209418</ItemId>
    </Item>
    <Item>
      <PriceUpdateDate>2025-08-18 09:16:33</PriceUpdateDate>
      <ItemCode>7290004861315</ItemCode>
      <ItemType>1</ItemType>
      <ItemName>לאבנה 5% המושבה</ItemName>
      <ManufacturerName>לא ידוע</ManufacturerName>
      <ManufactureCountry>ישראל</ManufactureCountry>
      <ManufacturerItemDescription>לאבנה 5% המושבה</ManufacturerItemDescription>
      <UnitQty>קילוגרמים</UnitQty>
      <Quantity>1.00</Quantity>
      <UnitOfMeasure>ק"ג</UnitOfMeasure>
      <bIsWeighted>1</bIsWeighted>
      <QtyInPackage>לא ידוע</QtyInPackage>
      <ItemPrice>50.00</ItemPrice>
      <UnitOfMeasurePrice>50.0000</UnitOfMeasurePrice>
      <AllowDiscount>1</AllowDiscount>
      <ItemStatus>1</ItemStatus>
      <ItemId>209425</ItemId>
    </Item>
    <Item>
      <PriceUpdateDate>2025-08-18 09:16:30</PriceUpdateDate>
      <ItemCode>7290002511281</ItemCode>
      <ItemType>1</ItemType>
      <ItemName>ברינזה צאן 18% המושב</ItemName>
      <ManufacturerName>לא ידוע</ManufacturerName>
      <ManufactureCountry>ישראל</ManufactureCountry>
      <ManufacturerItemDescription>ברינזה צאן 18% המושב</ManufacturerItemDescription>
      <UnitQty>קילוגרמים</UnitQty>
      <Quantity>1.00</Quantity>
      <UnitOfMeasure>ק"ג</UnitOfMeasure>
      <bIsWeighted>1</bIsWeighted>
      <QtyInPackage>לא ידוע</QtyInPackage>
      <ItemPrice>110.00</ItemPrice>
      <UnitOfMeasurePrice>110.0000</UnitOfMeasurePrice>
      <AllowDiscount>1</AllowDiscount>
      <ItemStatus>1</ItemStatus>
      <ItemId>209439</ItemId>
    </Item>
    <Item>
      <PriceUpdateDate>2025-08-26 12:47:43</PriceUpdateDate>
      <ItemCode>7290112000286</ItemCode>
      <ItemType>1</ItemType>
      <ItemName>סיליט באנג גל לניקוי</ItemName>
      <ManufacturerName>לא ידוע</ManufacturerName>
      <ManufactureCountry>לא ידוע</ManufactureCountry>
      <ManufacturerItemDescription>סיליט באנג גל לניקוי</ManufacturerItemDescription>
      <UnitQty>לא ידוע</UnitQty>
      <Quantity>750.00</Quantity>
      <UnitOfMeasure>לא ידוע</UnitOfMeasure>
      <bIsWeighted>0</bIsWeighted>
      <QtyInPackage>לא ידוע</QtyInPackage>
      <ItemPrice>12.50</ItemPrice>
      <UnitOfMeasurePrice>0.0167</UnitOfMeasurePrice>
      <AllowDiscount>1</AllowDiscount>
      <ItemStatus>1</ItemStatus>
      <ItemId>209502</ItemId>
    </Item>
    <Item>
      <PriceUpdateDate>2025-08-26 12:17:30</PriceUpdateDate>
      <ItemCode>7290017065137</ItemCode>
      <ItemType>1</ItemType>
      <ItemName>ריקוטה למריחה 5% טבע</ItemName>
      <ManufacturerName>לא ידוע</ManufacturerName>
      <ManufactureCountry>לא ידוע</ManufactureCountry>
      <ManufacturerItemDescription>ריקוטה למריחה 5% טבע</ManufacturerItemDescription>
      <UnitQty>לא ידוע</UnitQty>
      <Quantity>200.00</Quantity>
      <UnitOfMeasure>לא ידוע</UnitOfMeasure>
      <bIsWeighted>0</bIsWeighted>
      <QtyInPackage>לא ידוע</QtyInPackage>
      <ItemPrice>14.50</ItemPrice>
      <UnitOfMeasurePrice>0.0725</UnitOfMeasurePrice>
      <AllowDiscount>1</AllowDiscount>
      <ItemStatus>1</ItemStatus>
      <ItemId>209538</ItemId>
    </Item>
    <Item>
      <PriceUpdateDate>2024-12-25 10:30:28</PriceUpdateDate>
      <ItemCode>7290110565435</ItemCode>
      <ItemType>1</ItemType>
      <ItemName>לימבו פטל חלבי 125גר</ItemName>
      <ManufacturerName>לא ידוע</ManufacturerName>
      <ManufactureCountry>לא ידוע</ManufactureCountry>
      <ManufacturerItemDescription>לימבו פטל חלבי 125גר</ManufacturerItemDescription>
      <UnitQty>לא ידוע</UnitQty>
      <Quantity>125.00</Quantity>
      <UnitOfMeasure>לא ידוע</UnitOfMeasure>
      <bIsWeighted>0</bIsWeighted>
      <QtyInPackage>לא ידוע</QtyInPackage>
      <ItemPrice>2.90</ItemPrice>
      <UnitOfMeasurePrice>0.0232</UnitOfMeasurePrice>
      <AllowDiscount>1</AllowDiscount>
      <ItemStatus>1</ItemStatus>
      <ItemId>209546</ItemId>
    </Item>
    <Item>
      <PriceUpdateDate>2025-08-31 09:59:26</PriceUpdateDate>
      <ItemCode>7290106524439</ItemCode>
      <ItemType>1</ItemType>
      <ItemName>תפוציפס פופס 60גר</ItemName>
      <ManufacturerName>קריות זול</ManufacturerName>
      <ManufactureCountry>לא ידוע</ManufactureCountry>
      <ManufacturerItemDescription>תפוציפס פופס 60גר</ManufacturerItemDescription>
      <UnitQty>לא ידוע</UnitQty>
      <Quantity>60.00</Quantity>
      <UnitOfMeasure>לא ידוע</UnitOfMeasure>
      <bIsWeighted>0</bIsWeighted>
      <QtyInPackage>לא ידוע</QtyInPackage>
      <ItemPrice>5.50</ItemPrice>
      <UnitOfMeasurePrice>0.0917</UnitOfMeasurePrice>
      <AllowDiscount>1</AllowDiscount>
      <ItemStatus>1</ItemStatus>
      <ItemId>209606</ItemId>
    </Item>
    <Item>
      <PriceUpdateDate>2025-08-20 14:03:49</PriceUpdateDate>
      <ItemCode>7290008863049</ItemCode>
      <ItemType>1</ItemType>
      <ItemName>עוגת אריסטוקרט 800גר</ItemName>
      <ManufacturerName>לא ידוע</ManufacturerName>
      <ManufactureCountry>לא ידוע</ManufactureCountry>
      <ManufacturerItemDescription>עוגת אריסטוקרט 800גר</ManufacturerItemDescription>
      <UnitQty>לא ידוע</UnitQty>
      <Quantity>800.00</Quantity>
      <UnitOfMeasure>לא ידוע</UnitOfMeasure>
      <bIsWeighted>0</bIsWeighted>
      <QtyInPackage>לא ידוע</QtyInPackage>
      <ItemPrice>95.50</ItemPrice>
      <UnitOfMeasurePrice>0.1194</UnitOfMeasurePrice>
      <AllowDiscount>1</AllowDiscount>
      <ItemStatus>1</ItemStatus>
      <ItemId>209613</ItemId>
    </Item>
    <Item>
      <PriceUpdateDate>2025-08-20 14:03:53</PriceUpdateDate>
      <ItemCode>7290008863179</ItemCode>
      <ItemType>1</ItemType>
      <ItemName>עוגת אריסטוקרט 600גר</ItemName>
      <ManufacturerName>לא ידוע</ManufacturerName>
      <ManufactureCountry>לא ידוע</ManufactureCountry>
      <ManufacturerItemDescription>עוגת אריסטוקרט 600גר</ManufacturerItemDescription>
      <UnitQty>לא ידוע</UnitQty>
      <Quantity>600.00</Quantity>
      <UnitOfMeasure>לא ידוע</UnitOfMeasure>
      <bIsWeighted>0</bIsWeighted>
      <QtyInPackage>לא ידוע</QtyInPackage>
      <ItemPrice>75.50</ItemPrice>
      <UnitOfMeasurePrice>0.1258</UnitOfMeasurePrice>
      <AllowDiscount>1</AllowDiscount>
      <ItemStatus>1</ItemStatus>
      <ItemId>209616</ItemId>
    </Item>
    <Item>
      <PriceUpdateDate>2025-08-18 11:48:13</PriceUpdateDate>
      <ItemCode>7290003571109</ItemCode>
      <ItemType>1</ItemType>
      <ItemName>פילה סלמון פרימיום ק</ItemName>
      <ManufacturerName>לא ידוע</ManufacturerName>
      <ManufactureCountry>לא ידוע</ManufactureCountry>
      <ManufacturerItemDescription>פילה סלמון פרימיום ק</ManufacturerItemDescription>
      <UnitQty>קילוגרמים</UnitQty>
      <Quantity>1.00</Quantity>
      <UnitOfMeasure>ק"ג</UnitOfMeasure>
      <bIsWeighted>1</bIsWeighted>
      <QtyInPackage>לא ידוע</QtyInPackage>
      <ItemPrice>84.90</ItemPrice>
      <UnitOfMeasurePrice>84.9000</UnitOfMeasurePrice>
      <AllowDiscount>1</AllowDiscount>
      <ItemStatus>1</ItemStatus>
      <ItemId>209701</ItemId>
    </Item>
    <Item>
      <PriceUpdateDate>2025-08-31 10:21:47</PriceUpdateDate>
      <ItemCode>7290111566714</ItemCode>
      <ItemType>1</ItemType>
      <ItemName>המבורגר צמחוני 99 קל</ItemName>
      <ManufacturerName>קריות זול</ManufacturerName>
      <ManufactureCountry>לא ידוע</ManufactureCountry>
      <ManufacturerItemDescription>המבורגר צמחוני 99 קל</ManufacturerItemDescription>
      <UnitQty>לא ידוע</UnitQty>
      <Quantity>600.00</Quantity>
      <UnitOfMeasure>לא ידוע</UnitOfMeasure>
      <bIsWeighted>0</bIsWeighted>
      <QtyInPackage>לא ידוע</QtyInPackage>
      <ItemPrice>40.90</ItemPrice>
      <UnitOfMeasurePrice>0.0682</UnitOfMeasurePrice>
      <AllowDiscount>1</AllowDiscount>
      <ItemStatus>1</ItemStatus>
      <ItemId>209765</ItemId>
    </Item>
    <Item>
      <PriceUpdateDate>2024-12-31 12:09:34</PriceUpdateDate>
      <ItemCode>7290000136936</ItemCode>
      <ItemType>1</ItemType>
      <ItemName>סבן אפ דיאט 1.5ל</ItemName>
      <ManufacturerName>לא ידוע</ManufacturerName>
      <ManufactureCountry>לא ידוע</ManufactureCountry>
      <ManufacturerItemDescription>סבן אפ דיאט 1.5ל</ManufacturerItemDescription>
      <UnitQty>לא ידוע</UnitQty>
      <Quantity>1500.00</Quantity>
      <UnitOfMeasure>לא ידוע</UnitOfMeasure>
      <bIsWeighted>0</bIsWeighted>
      <QtyInPackage>לא ידוע</QtyInPackage>
      <ItemPrice>8.50</ItemPrice>
      <UnitOfMeasurePrice>0.0057</UnitOfMeasurePrice>
      <AllowDiscount>1</AllowDiscount>
      <ItemStatus>1</ItemStatus>
      <ItemId>237736</ItemId>
    </Item>
    <Item>
      <PriceUpdateDate>2025-09-03 07:20:01</PriceUpdateDate>
      <ItemCode>7290111566127</ItemCode>
      <ItemType>1</ItemType>
      <ItemName>מאגדת אוראו מיני סנד</ItemName>
      <ManufacturerName>לא ידוע</ManufacturerName>
      <ManufactureCountry>לא ידוע</ManufactureCountry>
      <ManufacturerItemDescription>מאגדת אוראו מיני סנד</ManufacturerItemDescription>
      <UnitQty>לא ידוע</UnitQty>
      <Quantity>198.00</Quantity>
      <UnitOfMeasure>לא ידוע</UnitOfMeasure>
      <bIsWeighted>0</bIsWeighted>
      <QtyInPackage>לא ידוע</QtyInPackage>
      <ItemPrice>27.90</ItemPrice>
      <UnitOfMeasurePrice>0.1409</UnitOfMeasurePrice>
      <AllowDiscount>1</AllowDiscount>
      <ItemStatus>1</ItemStatus>
      <ItemId>209800</ItemId>
    </Item>
    <Item>
      <PriceUpdateDate>2025-09-03 11:57:29</PriceUpdateDate>
      <ItemCode>7290121164146</ItemCode>
      <ItemType>1</ItemType>
      <ItemName>מרבה קנטוצי עוגיות ע</ItemName>
      <ManufacturerName>לא ידוע</ManufacturerName>
      <ManufactureCountry>לא ידוע</ManufactureCountry>
      <ManufacturerItemDescription>מרבה קנטוצי עוגיות ע</ManufacturerItemDescription>
      <UnitQty>לא ידוע</UnitQty>
      <Quantity>200.00</Quantity>
      <UnitOfMeasure>לא ידוע</UnitOfMeasure>
      <bIsWeighted>0</bIsWeighted>
      <QtyInPackage>לא ידוע</QtyInPackage>
      <ItemPrice>9.90</ItemPrice>
      <UnitOfMeasurePrice>0.0495</UnitOfMeasurePrice>
      <AllowDiscount>1</AllowDiscount>
      <ItemStatus>1</ItemStatus>
      <ItemId>255645</ItemId>
    </Item>
    <Item>
      <PriceUpdateDate>2025-08-26 11:20:48</PriceUpdateDate>
      <ItemCode>7290110321680</ItemCode>
      <ItemType>1</ItemType>
      <ItemName>יוגורט גו תות 200 מל</ItemName>
      <ManufacturerName>לא ידוע</ManufacturerName>
      <ManufactureCountry>לא ידוע</ManufactureCountry>
      <ManufacturerItemDescription>יוגורט גו תות 200 מל</ManufacturerItemDescription>
      <UnitQty>לא ידוע</UnitQty>
      <Quantity>200.00</Quantity>
      <UnitOfMeasure>לא ידוע</UnitOfMeasure>
      <bIsWeighted>0</bIsWeighted>
      <QtyInPackage>לא ידוע</QtyInPackage>
      <ItemPrice>7.50</ItemPrice>
      <UnitOfMeasurePrice>0.0375</UnitOfMeasurePrice>
      <AllowDiscount>1</AllowDiscount>
      <ItemStatus>1</ItemStatus>
      <ItemId>209877</ItemId>
    </Item>
    <Item>
      <PriceUpdateDate>2025-08-21 12:19:25</PriceUpdateDate>
      <ItemCode>7290110321697</ItemCode>
      <ItemType>1</ItemType>
      <ItemName>יוגורט גו אפרסק 200</ItemName>
      <ManufacturerName>לא ידוע</ManufacturerName>
      <ManufactureCountry>לא ידוע</ManufactureCountry>
      <ManufacturerItemDescription>יוגורט גו אפרסק 200</ManufacturerItemDescription>
      <UnitQty>לא ידוע</UnitQty>
      <Quantity>200.00</Quantity>
      <UnitOfMeasure>לא ידוע</UnitOfMeasure>
      <bIsWeighted>0</bIsWeighted>
      <QtyInPackage>לא ידוע</QtyInPackage>
      <ItemPrice>7.50</ItemPrice>
      <UnitOfMeasurePrice>0.0375</UnitOfMeasurePrice>
      <AllowDiscount>1</AllowDiscount>
      <ItemStatus>1</ItemStatus>
      <ItemId>209878</ItemId>
    </Item>
    <Item>
      <PriceUpdateDate>2025-08-31 10:12:24</PriceUpdateDate>
      <ItemCode>7290110561604</ItemCode>
      <ItemType>1</ItemType>
      <ItemName>גמדים תות בננה מעורב</ItemName>
      <ManufacturerName>לא ידוע</ManufacturerName>
      <ManufactureCountry>לא ידוע</ManufactureCountry>
      <ManufacturerItemDescription>גמדים תות בננה מעורב</ManufacturerItemDescription>
      <UnitQty>לא ידוע</UnitQty>
      <Quantity>800.00</Quantity>
      <UnitOfMeasure>לא ידוע</UnitOfMeasure>
      <bIsWeighted>0</bIsWeighted>
      <QtyInPackage>לא ידוע</QtyInPackage>
      <ItemPrice>21.90</ItemPrice>
      <UnitOfMeasurePrice>0.0274</UnitOfMeasurePrice>
      <AllowDiscount>1</AllowDiscount>
      <ItemStatus>1</ItemStatus>
      <ItemId>209886</ItemId>
    </Item>
    <Item>
      <PriceUpdateDate>2025-08-31 10:12:25</PriceUpdateDate>
      <ItemCode>7290110564360</ItemCode>
      <ItemType>1</ItemType>
      <ItemName>חומוס אבי עשיר ב40%</ItemName>
      <ManufacturerName>לא ידוע</ManufacturerName>
      <ManufactureCountry>לא ידוע</ManufactureCountry>
      <ManufacturerItemDescription>חומוס אבי עשיר ב40%</ManufacturerItemDescription>
      <UnitQty>לא ידוע</UnitQty>
      <Quantity>400.00</Quantity>
      <UnitOfMeasure>לא ידוע</UnitOfMeasure>
      <bIsWeighted>0</bIsWeighted>
      <QtyInPackage>לא ידוע</QtyInPackage>
      <ItemPrice>15.90</ItemPrice>
      <UnitOfMeasurePrice>0.0398</UnitOfMeasurePrice>
      <AllowDiscount>1</AllowDiscount>
      <ItemStatus>1</ItemStatus>
      <ItemId>209893</ItemId>
    </Item>
    <Item>
      <PriceUpdateDate>2025-08-19 14:03:47</PriceUpdateDate>
      <ItemCode>7290002026891</ItemCode>
      <ItemType>1</ItemType>
      <ItemName>בן&amp;גריס מאגדת קוקי מ</ItemName>
      <ManufacturerName>לא ידוע</ManufacturerName>
      <ManufactureCountry>לא ידוע</ManufactureCountry>
      <ManufacturerItemDescription>בן&amp;גריס מאגדת קוקי מ</ManufacturerItemDescription>
      <UnitQty>לא ידוע</UnitQty>
      <Quantity>400.00</Quantity>
      <UnitOfMeasure>לא ידוע</UnitOfMeasure>
      <bIsWeighted>0</bIsWeighted>
      <QtyInPackage>לא ידוע</QtyInPackage>
      <ItemPrice>32.90</ItemPrice>
      <UnitOfMeasurePrice>0.0822</UnitOfMeasurePrice>
      <AllowDiscount>1</AllowDiscount>
      <ItemStatus>1</ItemStatus>
      <ItemId>209901</ItemId>
    </Item>
    <Item>
      <PriceUpdateDate>2025-09-08 07:58:35</PriceUpdateDate>
      <ItemCode>8718951498754</ItemCode>
      <ItemType>1</ItemType>
      <ItemName>קולגייט מברשת סופר פ</ItemName>
      <ManufacturerName>לא ידוע</ManufacturerName>
      <ManufactureCountry>לא ידוע</ManufactureCountry>
      <ManufacturerItemDescription>קולגייט מברשת סופר פ</ManufacturerItemDescription>
      <UnitQty>יחידה   </UnitQty>
      <Quantity>0.00</Quantity>
      <UnitOfMeasure>יחידה   </UnitOfMeasure>
      <bIsWeighted>0</bIsWeighted>
      <QtyInPackage>לא ידוע</QtyInPackage>
      <ItemPrice>21.90</ItemPrice>
      <UnitOfMeasurePrice>0.0000</UnitOfMeasurePrice>
      <AllowDiscount>1</AllowDiscount>
      <ItemStatus>1</ItemStatus>
      <ItemId>249740</ItemId>
    </Item>
    <Item>
      <PriceUpdateDate>2025-08-22 11:40:16</PriceUpdateDate>
      <ItemCode>7290002560227</ItemCode>
      <ItemType>1</ItemType>
      <ItemName>שקיות אשפה עם ידיות</ItemName>
      <ManufacturerName>קריות זול</ManufacturerName>
      <ManufactureCountry>לא ידוע</ManufactureCountry>
      <ManufacturerItemDescription>שקיות אשפה עם ידיות</ManufacturerItemDescription>
      <UnitQty>יחידה   </UnitQty>
      <Quantity>0.00</Quantity>
      <UnitOfMeasure>יחידה   </UnitOfMeasure>
      <bIsWeighted>0</bIsWeighted>
      <QtyInPackage>לא ידוע</QtyInPackage>
      <ItemPrice>14.90</ItemPrice>
      <UnitOfMeasurePrice>0.0000</UnitOfMeasurePrice>
      <AllowDiscount>1</AllowDiscount>
      <ItemStatus>1</ItemStatus>
      <ItemId>210061</ItemId>
    </Item>
    <Item>
      <PriceUpdateDate>2025-10-23 12:05:22</PriceUpdateDate>
      <ItemCode>7290119382842</ItemCode>
      <ItemType>1</ItemType>
      <ItemName>סו מאץ' ש.חלב במילוי</ItemName>
      <ManufacturerName>קריות זול</ManufacturerName>
      <ManufactureCountry>ישראל</ManufactureCountry>
      <ManufacturerItemDescription>סו מאץ' ש.חלב במילוי</ManufacturerItemDescription>
      <UnitQty>לא ידוע</UnitQty>
      <Quantity>152.00</Quantity>
      <UnitOfMeasure>לא ידוע</UnitOfMeasure>
      <bIsWeighted>0</bIsWeighted>
      <QtyInPackage>לא ידוע</QtyInPackage>
      <ItemPrice>15.90</ItemPrice>
      <UnitOfMeasurePrice>0.1046</UnitOfMeasurePrice>
      <AllowDiscount>1</AllowDiscount>
      <ItemStatus>1</ItemStatus>
      <ItemId>256226</ItemId>
    </Item>
    <Item>
      <PriceUpdateDate>2025-08-18 11:47:09</PriceUpdateDate>
      <ItemCode>7290004846237</ItemCode>
      <ItemType>1</ItemType>
      <ItemName>צלי כתף מס' 5 לא מעו</ItemName>
      <ManufacturerName>לא ידוע</ManufacturerName>
      <ManufactureCountry>לא ידוע</ManufactureCountry>
      <ManufacturerItemDescription>צלי כתף מס' 5 לא מעו</ManufacturerItemDescription>
      <UnitQty>קילוגרמים</UnitQty>
      <Quantity>1.00</Quantity>
      <UnitOfMeasure>ק"ג</UnitOfMeasure>
      <bIsWeighted>1</bIsWeighted>
      <QtyInPackage>לא ידוע</QtyInPackage>
      <ItemPrice>67.90</ItemPrice>
      <UnitOfMeasurePrice>67.9000</UnitOfMeasurePrice>
      <AllowDiscount>1</AllowDiscount>
      <ItemStatus>1</ItemStatus>
      <ItemId>210179</ItemId>
    </Item>
    <Item>
      <PriceUpdateDate>2025-09-03 11:28:05</PriceUpdateDate>
      <ItemCode>7290116532783</ItemCode>
      <ItemType>1</ItemType>
      <ItemName>וזלין שפתון רוזי 10</ItemName>
      <ManufacturerName>קריות זול</ManufacturerName>
      <ManufactureCountry>לא ידוע</ManufactureCountry>
      <ManufacturerItemDescription>וזלין שפתון רוזי 10</ManufacturerItemDescription>
      <UnitQty>לא ידוע</UnitQty>
      <Quantity>10.00</Quantity>
      <UnitOfMeasure>לא ידוע</UnitOfMeasure>
      <bIsWeighted>0</bIsWeighted>
      <QtyInPackage>לא ידוע</QtyInPackage>
      <ItemPrice>18.90</ItemPrice>
      <UnitOfMeasurePrice>1.8900</UnitOfMeasurePrice>
      <AllowDiscount>1</AllowDiscount>
      <ItemStatus>1</ItemStatus>
      <ItemId>242758</ItemId>
    </Item>
    <Item>
      <PriceUpdateDate>2025-11-03 14:35:21</PriceUpdateDate>
      <ItemCode>7290019693680</ItemCode>
      <ItemType>1</ItemType>
      <ItemName>לבבות קראנץ' הידרופו</ItemName>
      <ManufacturerName>לא ידוע</ManufacturerName>
      <ManufactureCountry>ישראל</ManufactureCountry>
      <ManufacturerItemDescription>לבבות קראנץ' הידרופו</ManufacturerItemDescription>
      <UnitQty>יחידה   </UnitQty>
      <Quantity>0.00</Quantity>
      <UnitOfMeasure>יחידה   </UnitOfMeasure>
      <bIsWeighted>0</bIsWeighted>
      <QtyInPackage>לא ידוע</QtyInPackage>
      <ItemPrice>13.90</ItemPrice>
      <UnitOfMeasurePrice>0.0000</UnitOfMeasurePrice>
      <AllowDiscount>1</AllowDiscount>
      <ItemStatus>1</ItemStatus>
      <ItemId>256311</ItemId>
    </Item>
    <Item>
      <PriceUpdateDate>2025-08-26 16:05:25</PriceUpdateDate>
      <ItemCode>7290115202687</ItemCode>
      <ItemType>1</ItemType>
      <ItemName>חומוס עם חריף צבר 37</ItemName>
      <ManufacturerName>לא ידוע</ManufacturerName>
      <ManufactureCountry>לא ידוע</ManufactureCountry>
      <ManufacturerItemDescription>חומוס עם חריף צבר 37</ManufacturerItemDescription>
      <UnitQty>לא ידוע</UnitQty>
      <Quantity>375.00</Quantity>
      <UnitOfMeasure>לא ידוע</UnitOfMeasure>
      <bIsWeighted>0</bIsWeighted>
      <QtyInPackage>לא ידוע</QtyInPackage>
      <ItemPrice>15.90</ItemPrice>
      <UnitOfMeasurePrice>0.0424</UnitOfMeasurePrice>
      <AllowDiscount>1</AllowDiscount>
      <ItemStatus>1</ItemStatus>
      <ItemId>234212</ItemId>
    </Item>
    <Item>
      <PriceUpdateDate>2025-09-04 12:03:35</PriceUpdateDate>
      <ItemCode>8850389115336</ItemCode>
      <ItemType>1</ItemType>
      <ItemName>סאפה משקה אלוורה מלו</ItemName>
      <ManufacturerName>לא ידוע</ManufacturerName>
      <ManufactureCountry>לא ידוע</ManufactureCountry>
      <ManufacturerItemDescription>סאפה משקה אלוורה מלו</ManufacturerItemDescription>
      <UnitQty>לא ידוע</UnitQty>
      <Quantity>1000.00</Quantity>
      <UnitOfMeasure>לא ידוע</UnitOfMeasure>
      <bIsWeighted>0</bIsWeighted>
      <QtyInPackage>לא ידוע</QtyInPackage>
      <ItemPrice>16.50</ItemPrice>
      <UnitOfMeasurePrice>0.0165</UnitOfMeasurePrice>
      <AllowDiscount>1</AllowDiscount>
      <ItemStatus>1</ItemStatus>
      <ItemId>210238</ItemId>
    </Item>
    <Item>
      <PriceUpdateDate>2025-08-31 14:05:58</PriceUpdateDate>
      <ItemCode>7290019393191</ItemCode>
      <ItemType>1</ItemType>
      <ItemName>המיניונים פתי בר האו</ItemName>
      <ManufacturerName>לא ידוע</ManufacturerName>
      <ManufactureCountry>לא ידוע</ManufactureCountry>
      <ManufacturerItemDescription>המיניונים פתי בר האו</ManufacturerItemDescription>
      <UnitQty>לא ידוע</UnitQty>
      <Quantity>400.00</Quantity>
      <UnitOfMeasure>לא ידוע</UnitOfMeasure>
      <bIsWeighted>0</bIsWeighted>
      <QtyInPackage>לא ידוע</QtyInPackage>
      <ItemPrice>12.90</ItemPrice>
      <UnitOfMeasurePrice>0.0323</UnitOfMeasurePrice>
      <AllowDiscount>1</AllowDiscount>
      <ItemStatus>1</ItemStatus>
      <ItemId>246480</ItemId>
    </Item>
    <Item>
      <PriceUpdateDate>2025-09-03 13:38:16</PriceUpdateDate>
      <ItemCode>7290119372768</ItemCode>
      <ItemType>1</ItemType>
      <ItemName>מילקי בר חטיף שוקולד</ItemName>
      <ManufacturerName>לא ידוע</ManufacturerName>
      <ManufactureCountry>לא ידוע</ManufactureCountry>
      <ManufacturerItemDescription>מילקי בר חטיף שוקולד</ManufacturerItemDescription>
      <UnitQty>לא ידוע</UnitQty>
      <Quantity>36.00</Quantity>
      <UnitOfMeasure>לא ידוע</UnitOfMeasure>
      <bIsWeighted>0</bIsWeighted>
      <QtyInPackage>לא ידוע</QtyInPackage>
      <ItemPrice>6.50</ItemPrice>
      <UnitOfMeasurePrice>0.1806</UnitOfMeasurePrice>
      <AllowDiscount>1</AllowDiscount>
      <ItemStatus>1</ItemStatus>
      <ItemId>245800</ItemId>
    </Item>
    <Item>
      <PriceUpdateDate>2025-09-08 07:57:18</PriceUpdateDate>
      <ItemCode>7622300489427</ItemCode>
      <ItemType>1</ItemType>
      <ItemName>עוגיות אוראו בציפוי</ItemName>
      <ManufacturerName>לא ידוע</ManufacturerName>
      <ManufactureCountry>לא ידוע</ManufactureCountry>
      <ManufacturerItemDescription>עוגיות אוראו בציפוי</ManufacturerItemDescription>
      <UnitQty>לא ידוע</UnitQty>
      <Quantity>246.00</Quantity>
      <UnitOfMeasure>לא ידוע</UnitOfMeasure>
      <bIsWeighted>0</bIsWeighted>
      <QtyInPackage>לא ידוע</QtyInPackage>
      <ItemPrice>21.90</ItemPrice>
      <UnitOfMeasurePrice>0.0890</UnitOfMeasurePrice>
      <AllowDiscount>1</AllowDiscount>
      <ItemStatus>1</ItemStatus>
      <ItemId>210278</ItemId>
    </Item>
    <Item>
      <PriceUpdateDate>2025-08-26 14:36:45</PriceUpdateDate>
      <ItemCode>7290006511010</ItemCode>
      <ItemType>1</ItemType>
      <ItemName>פרמזנו ויליפוד</ItemName>
      <ManufacturerName>לא ידוע</ManufacturerName>
      <ManufactureCountry>איטליה</ManufactureCountry>
      <ManufacturerItemDescription>פרמזנו ויליפוד</ManufacturerItemDescription>
      <UnitQty>קילוגרמים</UnitQty>
      <Quantity>1.00</Quantity>
      <UnitOfMeasure>ק"ג</UnitOfMeasure>
      <bIsWeighted>1</bIsWeighted>
      <QtyInPackage>לא ידוע</QtyInPackage>
      <ItemPrice>125.00</ItemPrice>
      <UnitOfMeasurePrice>125.0000</UnitOfMeasurePrice>
      <AllowDiscount>1</AllowDiscount>
      <ItemStatus>1</ItemStatus>
      <ItemId>210291</ItemId>
    </Item>
    <Item>
      <PriceUpdateDate>2025-08-31 09:56:31</PriceUpdateDate>
      <ItemCode>7290017065236</ItemCode>
      <ItemType>1</ItemType>
      <ItemName>גד בולגרית מעודנת גב</ItemName>
      <ManufacturerName>לא ידוע</ManufacturerName>
      <ManufactureCountry>לא ידוע</ManufactureCountry>
      <ManufacturerItemDescription>גד בולגרית מעודנת גב</ManufacturerItemDescription>
      <UnitQty>לא ידוע</UnitQty>
      <Quantity>250.00</Quantity>
      <UnitOfMeasure>לא ידוע</UnitOfMeasure>
      <bIsWeighted>0</bIsWeighted>
      <QtyInPackage>לא ידוע</QtyInPackage>
      <ItemPrice>29.90</ItemPrice>
      <UnitOfMeasurePrice>0.1196</UnitOfMeasurePrice>
      <AllowDiscount>1</AllowDiscount>
      <ItemStatus>1</ItemStatus>
      <ItemId>210362</ItemId>
    </Item>
    <Item>
      <PriceUpdateDate>2025-08-20 11:44:25</PriceUpdateDate>
      <ItemCode>7290000498003</ItemCode>
      <ItemType>1</ItemType>
      <ItemName>לחם מקמח מלא ברמן 75</ItemName>
      <ManufacturerName>קריות זול</ManufacturerName>
      <ManufactureCountry>לא ידוע</ManufactureCountry>
      <ManufacturerItemDescription>לחם מקמח מלא ברמן 75</ManufacturerItemDescription>
      <UnitQty>לא ידוע</UnitQty>
      <Quantity>750.00</Quantity>
      <UnitOfMeasure>לא ידוע</UnitOfMeasure>
      <bIsWeighted>0</bIsWeighted>
      <QtyInPackage>לא ידוע</QtyInPackage>
      <ItemPrice>18.90</ItemPrice>
      <UnitOfMeasurePrice>0.0252</UnitOfMeasurePrice>
      <AllowDiscount>1</AllowDiscount>
      <ItemStatus>1</ItemStatus>
      <ItemId>210409</ItemId>
    </Item>
    <Item>
      <PriceUpdateDate>2025-08-31 09:59:27</PriceUpdateDate>
      <ItemCode>7290106653504</ItemCode>
      <ItemType>1</ItemType>
      <ItemName>בוטנים ברביקיו 50 גר</ItemName>
      <ManufacturerName>לא ידוע</ManufacturerName>
      <ManufactureCountry>לא ידוע</ManufactureCountry>
      <ManufacturerItemDescription>בוטנים ברביקיו 50 גר</ManufacturerItemDescription>
      <UnitQty>לא ידוע</UnitQty>
      <Quantity>50.00</Quantity>
      <UnitOfMeasure>לא ידוע</UnitOfMeasure>
      <bIsWeighted>0</bIsWeighted>
      <QtyInPackage>לא ידוע</QtyInPackage>
      <ItemPrice>4.50</ItemPrice>
      <UnitOfMeasurePrice>0.0900</UnitOfMeasurePrice>
      <AllowDiscount>1</AllowDiscount>
      <ItemStatus>1</ItemStatus>
      <ItemId>214142</ItemId>
    </Item>
    <Item>
      <PriceUpdateDate>2025-12-03 10:20:13</PriceUpdateDate>
      <ItemCode>7290107956642</ItemCode>
      <ItemType>1</ItemType>
      <ItemName>תרסיס שמן זית 150 מ"</ItemName>
      <ManufacturerName>לא ידוע</ManufacturerName>
      <ManufactureCountry>לא ידוע</ManufactureCountry>
      <ManufacturerItemDescription>תרסיס שמן זית 150 מ"</ManufacturerItemDescription>
      <UnitQty>לא ידוע</UnitQty>
      <Quantity>150.00</Quantity>
      <UnitOfMeasure>לא ידוע</UnitOfMeasure>
      <bIsWeighted>0</bIsWeighted>
      <QtyInPackage>לא ידוע</QtyInPackage>
      <ItemPrice>20.90</ItemPrice>
      <UnitOfMeasurePrice>0.1393</UnitOfMeasurePrice>
      <AllowDiscount>1</AllowDiscount>
      <ItemStatus>1</ItemStatus>
      <ItemId>210425</ItemId>
    </Item>
    <Item>
      <PriceUpdateDate>2025-09-04 12:00:13</PriceUpdateDate>
      <ItemCode>7290110110635</ItemCode>
      <ItemType>1</ItemType>
      <ItemName>ספרייט ליים 500 מ״ל</ItemName>
      <ManufacturerName>לא ידוע</ManufacturerName>
      <ManufactureCountry>לא ידוע</ManufactureCountry>
      <ManufacturerItemDescription>ספרייט ליים 500 מ״ל</ManufacturerItemDescription>
      <UnitQty>לא ידוע</UnitQty>
      <Quantity>500.00</Quantity>
      <UnitOfMeasure>לא ידוע</UnitOfMeasure>
      <bIsWeighted>0</bIsWeighted>
      <QtyInPackage>לא ידוע</QtyInPackage>
      <ItemPrice>7.90</ItemPrice>
      <UnitOfMeasurePrice>0.0158</UnitOfMeasurePrice>
      <AllowDiscount>1</AllowDiscount>
      <ItemStatus>1</ItemStatus>
      <ItemId>210446</ItemId>
    </Item>
    <Item>
      <PriceUpdateDate>2025-09-03 15:31:20</PriceUpdateDate>
      <ItemCode>7290107646826</ItemCode>
      <ItemType>1</ItemType>
      <ItemName>שוגי שוקו מאגדת חטיפ</ItemName>
      <ManufacturerName>לא ידוע</ManufacturerName>
      <ManufactureCountry>לא ידוע</ManufactureCountry>
      <ManufacturerItemDescription>שוגי שוקו מאגדת חטיפ</ManufacturerItemDescription>
      <UnitQty>לא ידוע</UnitQty>
      <Quantity>156.00</Quantity>
      <UnitOfMeasure>לא ידוע</UnitOfMeasure>
      <bIsWeighted>0</bIsWeighted>
      <QtyInPackage>לא ידוע</QtyInPackage>
      <ItemPrice>19.90</ItemPrice>
      <UnitOfMeasurePrice>0.1276</UnitOfMeasurePrice>
      <AllowDiscount>1</AllowDiscount>
      <ItemStatus>1</ItemStatus>
      <ItemId>210609</ItemId>
    </Item>
    <Item>
      <PriceUpdateDate>2025-09-05 12:38:46</PriceUpdateDate>
      <ItemCode>7290107646154</ItemCode>
      <ItemType>1</ItemType>
      <ItemName>קוקומן פצפוצים מאגדת</ItemName>
      <ManufacturerName>לא ידוע</ManufacturerName>
      <ManufactureCountry>לא ידוע</ManufactureCountry>
      <ManufacturerItemDescription>קוקומן פצפוצים מאגדת</ManufacturerItemDescription>
      <UnitQty>לא ידוע</UnitQty>
      <Quantity>126.00</Quantity>
      <UnitOfMeasure>לא ידוע</UnitOfMeasure>
      <bIsWeighted>0</bIsWeighted>
      <QtyInPackage>לא ידוע</QtyInPackage>
      <ItemPrice>19.90</ItemPrice>
      <UnitOfMeasurePrice>0.1579</UnitOfMeasurePrice>
      <AllowDiscount>1</AllowDiscount>
      <ItemStatus>1</ItemStatus>
      <ItemId>210611</ItemId>
    </Item>
    <Item>
      <PriceUpdateDate>2025-08-19 08:16:48</PriceUpdateDate>
      <ItemCode>3178530402353</ItemCode>
      <ItemType>1</ItemType>
      <ItemName>עוגיות מיני מדלן 175</ItemName>
      <ManufacturerName>לא ידוע</ManufacturerName>
      <ManufactureCountry>לא ידוע</ManufactureCountry>
      <ManufacturerItemDescription>עוגיות מיני מדלן 175</ManufacturerItemDescription>
      <UnitQty>לא ידוע</UnitQty>
      <Quantity>175.00</Quantity>
      <UnitOfMeasure>לא ידוע</UnitOfMeasure>
      <bIsWeighted>0</bIsWeighted>
      <QtyInPackage>לא ידוע</QtyInPackage>
      <ItemPrice>14.90</ItemPrice>
      <UnitOfMeasurePrice>0.0851</UnitOfMeasurePrice>
      <AllowDiscount>1</AllowDiscount>
      <ItemStatus>1</ItemStatus>
      <ItemId>210684</ItemId>
    </Item>
    <Item>
      <PriceUpdateDate>2025-08-19 08:17:09</PriceUpdateDate>
      <ItemCode>5014271300429</ItemCode>
      <ItemType>1</ItemType>
      <ItemName>מעדן משמש סנדלפור 28</ItemName>
      <ManufacturerName>לא ידוע</ManufacturerName>
      <ManufactureCountry>לא ידוע</ManufactureCountry>
      <ManufacturerItemDescription>מעדן משמש סנדלפור 28</ManufacturerItemDescription>
      <UnitQty>לא ידוע</UnitQty>
      <Quantity>284.00</Quantity>
      <UnitOfMeasure>לא ידוע</UnitOfMeasure>
      <bIsWeighted>0</bIsWeighted>
      <QtyInPackage>לא ידוע</QtyInPackage>
      <ItemPrice>23.90</ItemPrice>
      <UnitOfMeasurePrice>0.0842</UnitOfMeasurePrice>
      <AllowDiscount>1</AllowDiscount>
      <ItemStatus>1</ItemStatus>
      <ItemId>210685</ItemId>
    </Item>
    <Item>
      <PriceUpdateDate>2025-08-19 08:17:11</PriceUpdateDate>
      <ItemCode>5014271370422</ItemCode>
      <ItemType>1</ItemType>
      <ItemName>מעדן אפרסקים סנדלפור</ItemName>
      <ManufacturerName>קריות זול</ManufacturerName>
      <ManufactureCountry>לא ידוע</ManufactureCountry>
      <ManufacturerItemDescription>מעדן אפרסקים סנדלפור</ManufacturerItemDescription>
      <UnitQty>לא ידוע</UnitQty>
      <Quantity>284.00</Quantity>
      <UnitOfMeasure>לא ידוע</UnitOfMeasure>
      <bIsWeighted>0</bIsWeighted>
      <QtyInPackage>לא ידוע</QtyInPackage>
      <ItemPrice>23.90</ItemPrice>
      <UnitOfMeasurePrice>0.0842</UnitOfMeasurePrice>
      <AllowDiscount>1</AllowDiscount>
      <ItemStatus>1</ItemStatus>
      <ItemId>210687</ItemId>
    </Item>
    <Item>
      <PriceUpdateDate>2025-08-19 08:17:12</PriceUpdateDate>
      <ItemCode>5014271560427</ItemCode>
      <ItemType>1</ItemType>
      <ItemName>מעדן תפוז וג'ינג'ר ס</ItemName>
      <ManufacturerName>לא ידוע</ManufacturerName>
      <ManufactureCountry>לא ידוע</ManufactureCountry>
      <ManufacturerItemDescription>מעדן תפוז וג'ינג'ר ס</ManufacturerItemDescription>
      <UnitQty>לא ידוע</UnitQty>
      <Quantity>284.00</Quantity>
      <UnitOfMeasure>לא ידוע</UnitOfMeasure>
      <bIsWeighted>0</bIsWeighted>
      <QtyInPackage>לא ידוע</QtyInPackage>
      <ItemPrice>23.90</ItemPrice>
      <UnitOfMeasurePrice>0.0842</UnitOfMeasurePrice>
      <AllowDiscount>1</AllowDiscount>
      <ItemStatus>1</ItemStatus>
      <ItemId>210688</ItemId>
    </Item>
    <Item>
      <PriceUpdateDate>2025-08-19 08:17:11</PriceUpdateDate>
      <ItemCode>5014271350424</ItemCode>
      <ItemType>1</ItemType>
      <ItemName>מעדן ארבעה פירות סנד</ItemName>
      <ManufacturerName>קריות זול</ManufacturerName>
      <ManufactureCountry>לא ידוע</ManufactureCountry>
      <ManufacturerItemDescription>מעדן ארבעה פירות סנד</ManufacturerItemDescription>
      <UnitQty>לא ידוע</UnitQty>
      <Quantity>284.00</Quantity>
      <UnitOfMeasure>לא ידוע</UnitOfMeasure>
      <bIsWeighted>0</bIsWeighted>
      <QtyInPackage>לא ידוע</QtyInPackage>
      <ItemPrice>23.90</ItemPrice>
      <UnitOfMeasurePrice>0.0842</UnitOfMeasurePrice>
      <AllowDiscount>1</AllowDiscount>
      <ItemStatus>1</ItemStatus>
      <ItemId>210689</ItemId>
    </Item>
    <Item>
      <PriceUpdateDate>2025-08-19 08:17:11</PriceUpdateDate>
      <ItemCode>5014271400426</ItemCode>
      <ItemType>1</ItemType>
      <ItemName>מעדן תות סנדלפור 284</ItemName>
      <ManufacturerName>לא ידוע</ManufacturerName>
      <ManufactureCountry>לא ידוע</ManufactureCountry>
      <ManufacturerItemDescription>מעדן תות סנדלפור 284</ManufacturerItemDescription>
      <UnitQty>לא ידוע</UnitQty>
      <Quantity>284.00</Quantity>
      <UnitOfMeasure>לא ידוע</UnitOfMeasure>
      <bIsWeighted>0</bIsWeighted>
      <QtyInPackage>לא ידוע</QtyInPackage>
      <ItemPrice>23.90</ItemPrice>
      <UnitOfMeasurePrice>0.0842</UnitOfMeasurePrice>
      <AllowDiscount>1</AllowDiscount>
      <ItemStatus>1</ItemStatus>
      <ItemId>210690</ItemId>
    </Item>
    <Item>
      <PriceUpdateDate>2025-08-28 12:43:17</PriceUpdateDate>
      <ItemCode>7290108501360</ItemCode>
      <ItemType>1</ItemType>
      <ItemName>גבינת צדר בשלה 200גר</ItemName>
      <ManufacturerName>לא ידוע</ManufacturerName>
      <ManufactureCountry>לא ידוע</ManufactureCountry>
      <ManufacturerItemDescription>גבינת צדר בשלה 200גר</ManufacturerItemDescription>
      <UnitQty>לא ידוע</UnitQty>
      <Quantity>200.00</Quantity>
      <UnitOfMeasure>לא ידוע</UnitOfMeasure>
      <bIsWeighted>0</bIsWeighted>
      <QtyInPackage>לא ידוע</QtyInPackage>
      <ItemPrice>24.90</ItemPrice>
      <UnitOfMeasurePrice>0.1245</UnitOfMeasurePrice>
      <AllowDiscount>1</AllowDiscount>
      <ItemStatus>1</ItemStatus>
      <ItemId>210814</ItemId>
    </Item>
    <Item>
      <PriceUpdateDate>2025-09-03 16:19:17</PriceUpdateDate>
      <ItemCode>5900535009705</ItemCode>
      <ItemType>1</ItemType>
      <ItemName>בירה ואן פור בקבוק 5</ItemName>
      <ManufacturerName>לא ידוע</ManufacturerName>
      <ManufactureCountry>לא ידוע</ManufactureCountry>
      <ManufacturerItemDescription>בירה ואן פור בקבוק 5</ManufacturerItemDescription>
      <UnitQty>לא ידוע</UnitQty>
      <Quantity>500.00</Quantity>
      <UnitOfMeasure>לא ידוע</UnitOfMeasure>
      <bIsWeighted>0</bIsWeighted>
      <QtyInPackage>לא ידוע</QtyInPackage>
      <ItemPrice>5.90</ItemPrice>
      <UnitOfMeasurePrice>0.0118</UnitOfMeasurePrice>
      <AllowDiscount>1</AllowDiscount>
      <ItemStatus>1</ItemStatus>
      <ItemId>210936</ItemId>
    </Item>
    <Item>
      <PriceUpdateDate>2025-11-02 11:36:16</PriceUpdateDate>
      <ItemCode>7290017142159</ItemCode>
      <ItemType>1</ItemType>
      <ItemName>נתחי טונה בהירה בשמן</ItemName>
      <ManufacturerName>לא ידוע</ManufacturerName>
      <ManufactureCountry>לא ידוע</ManufactureCountry>
      <ManufacturerItemDescription>נתחי טונה בהירה בשמן</ManufacturerItemDescription>
      <UnitQty>לא ידוע</UnitQty>
      <Quantity>240.00</Quantity>
      <UnitOfMeasure>לא ידוע</UnitOfMeasure>
      <bIsWeighted>0</bIsWeighted>
      <QtyInPackage>לא ידוע</QtyInPackage>
      <ItemPrice>26.90</ItemPrice>
      <UnitOfMeasurePrice>0.1121</UnitOfMeasurePrice>
      <AllowDiscount>1</AllowDiscount>
      <ItemStatus>1</ItemStatus>
      <ItemId>210979</ItemId>
    </Item>
    <Item>
      <PriceUpdateDate>2025-09-07 08:05:52</PriceUpdateDate>
      <ItemCode>7290117904565</ItemCode>
      <ItemType>1</ItemType>
      <ItemName>קוסקוס 1 ק"ג</ItemName>
      <ManufacturerName>לא ידוע</ManufacturerName>
      <ManufactureCountry>לא ידוע</ManufactureCountry>
      <ManufacturerItemDescription>קוסקוס 1 ק"ג</ManufacturerItemDescription>
      <UnitQty>לא ידוע</UnitQty>
      <Quantity>1000.00</Quantity>
      <UnitOfMeasure>לא ידוע</UnitOfMeasure>
      <bIsWeighted>0</bIsWeighted>
      <QtyInPackage>לא ידוע</QtyInPackage>
      <ItemPrice>15.90</ItemPrice>
      <UnitOfMeasurePrice>0.0159</UnitOfMeasurePrice>
      <AllowDiscount>1</AllowDiscount>
      <ItemStatus>1</ItemStatus>
      <ItemId>251691</ItemId>
    </Item>
    <Item>
      <PriceUpdateDate>2025-09-04 11:41:21</PriceUpdateDate>
      <ItemCode>7290111568206</ItemCode>
      <ItemType>1</ItemType>
      <ItemName>ביסלי פארטי מיקס אסם</ItemName>
      <ManufacturerName>לא ידוע</ManufacturerName>
      <ManufactureCountry>לא ידוע</ManufactureCountry>
      <ManufacturerItemDescription>ביסלי פארטי מיקס אסם</ManufacturerItemDescription>
      <UnitQty>לא ידוע</UnitQty>
      <Quantity>150.00</Quantity>
      <UnitOfMeasure>לא ידוע</UnitOfMeasure>
      <bIsWeighted>0</bIsWeighted>
      <QtyInPackage>לא ידוע</QtyInPackage>
      <ItemPrice>11.90</ItemPrice>
      <UnitOfMeasurePrice>0.0793</UnitOfMeasurePrice>
      <AllowDiscount>1</AllowDiscount>
      <ItemStatus>1</ItemStatus>
      <ItemId>211093</ItemId>
    </Item>
    <Item>
      <PriceUpdateDate>2025-08-31 10:18:29</PriceUpdateDate>
      <ItemCode>7290017477299</ItemCode>
      <ItemType>1</ItemType>
      <ItemName>ג'עלה 200 גרם.</ItemName>
      <ManufacturerName>לא ידוע</ManufacturerName>
      <ManufactureCountry>לא ידוע</ManufactureCountry>
      <ManufacturerItemDescription>ג'עלה 200 גרם.</ManufacturerItemDescription>
      <UnitQty>לא ידוע</UnitQty>
      <Quantity>200.00</Quantity>
      <UnitOfMeasure>לא ידוע</UnitOfMeasure>
      <bIsWeighted>0</bIsWeighted>
      <QtyInPackage>לא ידוע</QtyInPackage>
      <ItemPrice>11.90</ItemPrice>
      <UnitOfMeasurePrice>0.0595</UnitOfMeasurePrice>
      <AllowDiscount>1</AllowDiscount>
      <ItemStatus>1</ItemStatus>
      <ItemId>211169</ItemId>
    </Item>
    <Item>
      <PriceUpdateDate>2025-08-18 12:03:16</PriceUpdateDate>
      <ItemCode>5391523057936</ItemCode>
      <ItemType>1</ItemType>
      <ItemName>סימילאק גולד 700 גרם</ItemName>
      <ManufacturerName>לא ידוע</ManufacturerName>
      <ManufactureCountry>לא ידוע</ManufactureCountry>
      <ManufacturerItemDescription>סימילאק גולד 700 גרם</ManufacturerItemDescription>
      <UnitQty>לא ידוע</UnitQty>
      <Quantity>700.00</Quantity>
      <UnitOfMeasure>לא ידוע</UnitOfMeasure>
      <bIsWeighted>0</bIsWeighted>
      <QtyInPackage>לא ידוע</QtyInPackage>
      <ItemPrice>73.90</ItemPrice>
      <UnitOfMeasurePrice>0.1056</UnitOfMeasurePrice>
      <AllowDiscount>1</AllowDiscount>
      <ItemStatus>1</ItemStatus>
      <ItemId>211217</ItemId>
    </Item>
    <Item>
      <PriceUpdateDate>2025-08-18 12:03:17</PriceUpdateDate>
      <ItemCode>5391523057943</ItemCode>
      <ItemType>1</ItemType>
      <ItemName>סימילאק גולד 700 גרם</ItemName>
      <ManufacturerName>לא ידוע</ManufacturerName>
      <ManufactureCountry>לא ידוע</ManufactureCountry>
      <ManufacturerItemDescription>סימילאק גולד 700 גרם</ManufacturerItemDescription>
      <UnitQty>לא ידוע</UnitQty>
      <Quantity>700.00</Quantity>
      <UnitOfMeasure>לא ידוע</UnitOfMeasure>
      <bIsWeighted>0</bIsWeighted>
      <QtyInPackage>לא ידוע</QtyInPackage>
      <ItemPrice>73.90</ItemPrice>
      <UnitOfMeasurePrice>0.1056</UnitOfMeasurePrice>
      <AllowDiscount>1</AllowDiscount>
      <ItemStatus>1</ItemStatus>
      <ItemId>211218</ItemId>
    </Item>
    <Item>
      <PriceUpdateDate>2025-10-23 09:46:08</PriceUpdateDate>
      <ItemCode>7290002407348</ItemCode>
      <ItemType>1</ItemType>
      <ItemName>שמן זית ג'השאן כתית</ItemName>
      <ManufacturerName>לא ידוע</ManufacturerName>
      <ManufactureCountry>לא ידוע</ManufactureCountry>
      <ManufacturerItemDescription>שמן זית ג'השאן כתית</ManufacturerItemDescription>
      <UnitQty>לא ידוע</UnitQty>
      <Quantity>750.00</Quantity>
      <UnitOfMeasure>לא ידוע</UnitOfMeasure>
      <bIsWeighted>0</bIsWeighted>
      <QtyInPackage>לא ידוע</QtyInPackage>
      <ItemPrice>37.90</ItemPrice>
      <UnitOfMeasurePrice>0.0505</UnitOfMeasurePrice>
      <AllowDiscount>1</AllowDiscount>
      <ItemStatus>1</ItemStatus>
      <ItemId>211237</ItemId>
    </Item>
    <Item>
      <PriceUpdateDate>2025-08-31 10:12:26</PriceUpdateDate>
      <ItemCode>7290110568276</ItemCode>
      <ItemType>1</ItemType>
      <ItemName>משקה יוטבתה פרו וניל</ItemName>
      <ManufacturerName>לא ידוע</ManufacturerName>
      <ManufactureCountry>לא ידוע</ManufactureCountry>
      <ManufacturerItemDescription>משקה יוטבתה פרו וניל</ManufacturerItemDescription>
      <UnitQty>לא ידוע</UnitQty>
      <Quantity>350.00</Quantity>
      <UnitOfMeasure>לא ידוע</UnitOfMeasure>
      <bIsWeighted>0</bIsWeighted>
      <QtyInPackage>לא ידוע</QtyInPackage>
      <ItemPrice>8.90</ItemPrice>
      <UnitOfMeasurePrice>0.0254</UnitOfMeasurePrice>
      <AllowDiscount>1</AllowDiscount>
      <ItemStatus>1</ItemStatus>
      <ItemId>211263</ItemId>
    </Item>
    <Item>
      <PriceUpdateDate>2025-08-31 09:57:18</PriceUpdateDate>
      <ItemCode>7290017058139</ItemCode>
      <ItemType>1</ItemType>
      <ItemName>רסק תפוח עץ עם תות ש</ItemName>
      <ManufacturerName>לא ידוע</ManufacturerName>
      <ManufactureCountry>לא ידוע</ManufactureCountry>
      <ManufacturerItemDescription>רסק תפוח עץ עם תות ש</ManufacturerItemDescription>
      <UnitQty>יחידה   </UnitQty>
      <Quantity>0.00</Quantity>
      <UnitOfMeasure>יחידה   </UnitOfMeasure>
      <bIsWeighted>0</bIsWeighted>
      <QtyInPackage>לא ידוע</QtyInPackage>
      <ItemPrice>15.90</ItemPrice>
      <UnitOfMeasurePrice>0.0000</UnitOfMeasurePrice>
      <AllowDiscount>1</AllowDiscount>
      <ItemStatus>1</ItemStatus>
      <ItemId>211274</ItemId>
    </Item>
    <Item>
      <PriceUpdateDate>2025-08-31 09:57:19</PriceUpdateDate>
      <ItemCode>7290017058146</ItemCode>
      <ItemType>1</ItemType>
      <ItemName>רסק תפוח עץ עם אפרסק</ItemName>
      <ManufacturerName>לא ידוע</ManufacturerName>
      <ManufactureCountry>לא ידוע</ManufactureCountry>
      <ManufacturerItemDescription>רסק תפוח עץ עם אפרסק</ManufacturerItemDescription>
      <UnitQty>יחידה   </UnitQty>
      <Quantity>0.00</Quantity>
      <UnitOfMeasure>יחידה   </UnitOfMeasure>
      <bIsWeighted>0</bIsWeighted>
      <QtyInPackage>לא ידוע</QtyInPackage>
      <ItemPrice>15.90</ItemPrice>
      <UnitOfMeasurePrice>0.0000</UnitOfMeasurePrice>
      <AllowDiscount>1</AllowDiscount>
      <ItemStatus>1</ItemStatus>
      <ItemId>211275</ItemId>
    </Item>
    <Item>
      <PriceUpdateDate>2025-09-07 08:42:00</PriceUpdateDate>
      <ItemCode>7290015603546</ItemCode>
      <ItemType>1</ItemType>
      <ItemName>קרם קוקוס 17-19% 400</ItemName>
      <ManufacturerName>לא ידוע</ManufacturerName>
      <ManufactureCountry>לא ידוע</ManufactureCountry>
      <ManufacturerItemDescription>קרם קוקוס 17-19% 400</ManufacturerItemDescription>
      <UnitQty>לא ידוע</UnitQty>
      <Quantity>400.00</Quantity>
      <UnitOfMeasure>לא ידוע</UnitOfMeasure>
      <bIsWeighted>0</bIsWeighted>
      <QtyInPackage>לא ידוע</QtyInPackage>
      <ItemPrice>11.90</ItemPrice>
      <UnitOfMeasurePrice>0.0298</UnitOfMeasurePrice>
      <AllowDiscount>1</AllowDiscount>
      <ItemStatus>1</ItemStatus>
      <ItemId>211283</ItemId>
    </Item>
    <Item>
      <PriceUpdateDate>2025-08-26 11:42:41</PriceUpdateDate>
      <ItemCode>7290107947466</ItemCode>
      <ItemType>1</ItemType>
      <ItemName>אנרג' מאגדת מצופה טע</ItemName>
      <ManufacturerName>לא ידוע</ManufacturerName>
      <ManufactureCountry>לא ידוע</ManufactureCountry>
      <ManufacturerItemDescription>אנרג' מאגדת מצופה טע</ManufacturerItemDescription>
      <UnitQty>לא ידוע</UnitQty>
      <Quantity>168.00</Quantity>
      <UnitOfMeasure>לא ידוע</UnitOfMeasure>
      <bIsWeighted>0</bIsWeighted>
      <QtyInPackage>לא ידוע</QtyInPackage>
      <ItemPrice>16.90</ItemPrice>
      <UnitOfMeasurePrice>0.1006</UnitOfMeasurePrice>
      <AllowDiscount>1</AllowDiscount>
      <ItemStatus>1</ItemStatus>
      <ItemId>211319</ItemId>
    </Item>
    <Item>
      <PriceUpdateDate>2025-08-26 11:42:42</PriceUpdateDate>
      <ItemCode>7290107947480</ItemCode>
      <ItemType>1</ItemType>
      <ItemName>אנרג' מאגדת מצופה שו</ItemName>
      <ManufacturerName>לא ידוע</ManufacturerName>
      <ManufactureCountry>לא ידוע</ManufactureCountry>
      <ManufacturerItemDescription>אנרג' מאגדת מצופה שו</ManufacturerItemDescription>
      <UnitQty>לא ידוע</UnitQty>
      <Quantity>168.00</Quantity>
      <UnitOfMeasure>לא ידוע</UnitOfMeasure>
      <bIsWeighted>0</bIsWeighted>
      <QtyInPackage>לא ידוע</QtyInPackage>
      <ItemPrice>16.90</ItemPrice>
      <UnitOfMeasurePrice>0.1006</UnitOfMeasurePrice>
      <AllowDiscount>1</AllowDiscount>
      <ItemStatus>1</ItemStatus>
      <ItemId>211321</ItemId>
    </Item>
    <Item>
      <PriceUpdateDate>2025-08-26 11:44:02</PriceUpdateDate>
      <ItemCode>7290110563851</ItemCode>
      <ItemType>1</ItemType>
      <ItemName>אנרגי חטיף דגנים שבר</ItemName>
      <ManufacturerName>לא ידוע</ManufacturerName>
      <ManufactureCountry>לא ידוע</ManufactureCountry>
      <ManufacturerItemDescription>אנרגי חטיף דגנים שבר</ManufacturerItemDescription>
      <UnitQty>לא ידוע</UnitQty>
      <Quantity>144.00</Quantity>
      <UnitOfMeasure>לא ידוע</UnitOfMeasure>
      <bIsWeighted>0</bIsWeighted>
      <QtyInPackage>לא ידוע</QtyInPackage>
      <ItemPrice>16.90</ItemPrice>
      <UnitOfMeasurePrice>0.1174</UnitOfMeasurePrice>
      <AllowDiscount>1</AllowDiscount>
      <ItemStatus>1</ItemStatus>
      <ItemId>211322</ItemId>
    </Item>
    <Item>
      <PriceUpdateDate>2025-08-31 10:12:23</PriceUpdateDate>
      <ItemCode>7290110561352</ItemCode>
      <ItemType>1</ItemType>
      <ItemName>דנונה דל לקטוז 200 ג</ItemName>
      <ManufacturerName>לא ידוע</ManufacturerName>
      <ManufactureCountry>לא ידוע</ManufactureCountry>
      <ManufacturerItemDescription>דנונה דל לקטוז 200 ג</ManufacturerItemDescription>
      <UnitQty>לא ידוע</UnitQty>
      <Quantity>200.00</Quantity>
      <UnitOfMeasure>לא ידוע</UnitOfMeasure>
      <bIsWeighted>0</bIsWeighted>
      <QtyInPackage>לא ידוע</QtyInPackage>
      <ItemPrice>4.90</ItemPrice>
      <UnitOfMeasurePrice>0.0245</UnitOfMeasurePrice>
      <AllowDiscount>1</AllowDiscount>
      <ItemStatus>1</ItemStatus>
      <ItemId>211363</ItemId>
    </Item>
    <Item>
      <PriceUpdateDate>2025-08-21 12:21:50</PriceUpdateDate>
      <ItemCode>7290102398577</ItemCode>
      <ItemType>1</ItemType>
      <ItemName>שוקו טרה מועשר 250 מ</ItemName>
      <ManufacturerName>לא ידוע</ManufacturerName>
      <ManufactureCountry>לא ידוע</ManufactureCountry>
      <ManufacturerItemDescription>שוקו טרה מועשר 250 מ</ManufacturerItemDescription>
      <UnitQty>לא ידוע</UnitQty>
      <Quantity>250.00</Quantity>
      <UnitOfMeasure>לא ידוע</UnitOfMeasure>
      <bIsWeighted>0</bIsWeighted>
      <QtyInPackage>לא ידוע</QtyInPackage>
      <ItemPrice>7.50</ItemPrice>
      <UnitOfMeasurePrice>0.0300</UnitOfMeasurePrice>
      <AllowDiscount>1</AllowDiscount>
      <ItemStatus>1</ItemStatus>
      <ItemId>211371</ItemId>
    </Item>
    <Item>
      <PriceUpdateDate>2025-08-19 11:32:30</PriceUpdateDate>
      <ItemCode>7290011499419</ItemCode>
      <ItemType>1</ItemType>
      <ItemName>קרם שמנת ניו יורק טב</ItemName>
      <ManufacturerName>לא ידוע</ManufacturerName>
      <ManufactureCountry>לא ידוע</ManufactureCountry>
      <ManufacturerItemDescription>קרם שמנת ניו יורק טב</ManufacturerItemDescription>
      <UnitQty>לא ידוע</UnitQty>
      <Quantity>200.00</Quantity>
      <UnitOfMeasure>לא ידוע</UnitOfMeasure>
      <bIsWeighted>0</bIsWeighted>
      <QtyInPackage>לא ידוע</QtyInPackage>
      <ItemPrice>17.50</ItemPrice>
      <UnitOfMeasurePrice>0.0875</UnitOfMeasurePrice>
      <AllowDiscount>1</AllowDiscount>
      <ItemStatus>1</ItemStatus>
      <ItemId>211377</ItemId>
    </Item>
    <Item>
      <PriceUpdateDate>2025-08-26 12:44:44</PriceUpdateDate>
      <ItemCode>7290016509786</ItemCode>
      <ItemType>1</ItemType>
      <ItemName>פרסיל ג'ל 2.5ליטר יר</ItemName>
      <ManufacturerName>לא ידוע</ManufacturerName>
      <ManufactureCountry>לא ידוע</ManufactureCountry>
      <ManufacturerItemDescription>פרסיל ג'ל 2.5ליטר יר</ManufacturerItemDescription>
      <UnitQty>לא ידוע</UnitQty>
      <Quantity>2500.00</Quantity>
      <UnitOfMeasure>לא ידוע</UnitOfMeasure>
      <bIsWeighted>0</bIsWeighted>
      <QtyInPackage>לא ידוע</QtyInPackage>
      <ItemPrice>40.90</ItemPrice>
      <UnitOfMeasurePrice>0.0164</UnitOfMeasurePrice>
      <AllowDiscount>1</AllowDiscount>
      <ItemStatus>1</ItemStatus>
      <ItemId>211387</ItemId>
    </Item>
    <Item>
      <PriceUpdateDate>2025-08-26 12:44:45</PriceUpdateDate>
      <ItemCode>7290016509809</ItemCode>
      <ItemType>1</ItemType>
      <ItemName>פרסיל ג'ל 2.5 ליטר ק</ItemName>
      <ManufacturerName>לא ידוע</ManufacturerName>
      <ManufactureCountry>לא ידוע</ManufactureCountry>
      <ManufacturerItemDescription>פרסיל ג'ל 2.5 ליטר ק</ManufacturerItemDescription>
      <UnitQty>לא ידוע</UnitQty>
      <Quantity>2500.00</Quantity>
      <UnitOfMeasure>לא ידוע</UnitOfMeasure>
      <bIsWeighted>0</bIsWeighted>
      <QtyInPackage>לא ידוע</QtyInPackage>
      <ItemPrice>40.90</ItemPrice>
      <UnitOfMeasurePrice>0.0164</UnitOfMeasurePrice>
      <AllowDiscount>1</AllowDiscount>
      <ItemStatus>1</ItemStatus>
      <ItemId>211388</ItemId>
    </Item>
    <Item>
      <PriceUpdateDate>2025-08-26 12:44:47</PriceUpdateDate>
      <ItemCode>7290016509830</ItemCode>
      <ItemType>1</ItemType>
      <ItemName>פרסיל ג'ל 2.5 ליטר ב</ItemName>
      <ManufacturerName>לא ידוע</ManufacturerName>
      <ManufactureCountry>לא ידוע</ManufactureCountry>
      <ManufacturerItemDescription>פרסיל ג'ל 2.5 ליטר ב</ManufacturerItemDescription>
      <UnitQty>ליטרים</UnitQty>
      <Quantity>2.50</Quantity>
      <UnitOfMeasure>ליטר    </UnitOfMeasure>
      <bIsWeighted>0</bIsWeighted>
      <QtyInPackage>לא ידוע</QtyInPackage>
      <ItemPrice>40.90</ItemPrice>
      <UnitOfMeasurePrice>16.3600</UnitOfMeasurePrice>
      <AllowDiscount>1</AllowDiscount>
      <ItemStatus>1</ItemStatus>
      <ItemId>211390</ItemId>
    </Item>
    <Item>
      <PriceUpdateDate>2025-08-18 11:48:35</PriceUpdateDate>
      <ItemCode>7290006131775</ItemCode>
      <ItemType>1</ItemType>
      <ItemName>פילה אמנון קפוא</ItemName>
      <ManufacturerName>לא ידוע</ManufacturerName>
      <ManufactureCountry>לא ידוע</ManufactureCountry>
      <ManufacturerItemDescription>פילה אמנון קפוא</ManufacturerItemDescription>
      <UnitQty>קילוגרמים</UnitQty>
      <Quantity>1.00</Quantity>
      <UnitOfMeasure>ק"ג</UnitOfMeasure>
      <bIsWeighted>1</bIsWeighted>
      <QtyInPackage>לא ידוע</QtyInPackage>
      <ItemPrice>37.90</ItemPrice>
      <UnitOfMeasurePrice>37.9000</UnitOfMeasurePrice>
      <AllowDiscount>1</AllowDiscount>
      <ItemStatus>1</ItemStatus>
      <ItemId>211398</ItemId>
    </Item>
    <Item>
      <PriceUpdateDate>2025-08-18 09:17:00</PriceUpdateDate>
      <ItemCode>3838824193915</ItemCode>
      <ItemType>1</ItemType>
      <ItemName>פאלטה-צבע לשיער שחור</ItemName>
      <ManufacturerName>לא ידוע</ManufacturerName>
      <ManufactureCountry>לא ידוע</ManufactureCountry>
      <ManufacturerItemDescription>פאלטה-צבע לשיער שחור</ManufacturerItemDescription>
      <UnitQty>יחידה   </UnitQty>
      <Quantity>0.00</Quantity>
      <UnitOfMeasure>יחידה   </UnitOfMeasure>
      <bIsWeighted>0</bIsWeighted>
      <QtyInPackage>לא ידוע</QtyInPackage>
      <ItemPrice>23.90</ItemPrice>
      <UnitOfMeasurePrice>0.0000</UnitOfMeasurePrice>
      <AllowDiscount>1</AllowDiscount>
      <ItemStatus>1</ItemStatus>
      <ItemId>211414</ItemId>
    </Item>
    <Item>
      <PriceUpdateDate>2025-08-31 14:05:57</PriceUpdateDate>
      <ItemCode>7290019393078</ItemCode>
      <ItemType>1</ItemType>
      <ItemName>האופה פתיתים בצורת א</ItemName>
      <ManufacturerName>לא ידוע</ManufacturerName>
      <ManufactureCountry>לא ידוע</ManufactureCountry>
      <ManufacturerItemDescription>האופה פתיתים בצורת א</ManufacturerItemDescription>
      <UnitQty>לא ידוע</UnitQty>
      <Quantity>400.00</Quantity>
      <UnitOfMeasure>לא ידוע</UnitOfMeasure>
      <bIsWeighted>0</bIsWeighted>
      <QtyInPackage>לא ידוע</QtyInPackage>
      <ItemPrice>6.50</ItemPrice>
      <UnitOfMeasurePrice>0.0163</UnitOfMeasurePrice>
      <AllowDiscount>1</AllowDiscount>
      <ItemStatus>1</ItemStatus>
      <ItemId>251683</ItemId>
    </Item>
    <Item>
      <PriceUpdateDate>2025-08-31 10:12:28</PriceUpdateDate>
      <ItemCode>7290110573751</ItemCode>
      <ItemType>1</ItemType>
      <ItemName>מילקי טופ עדשים 142מ</ItemName>
      <ManufacturerName>קריות זול</ManufacturerName>
      <ManufactureCountry>לא ידוע</ManufactureCountry>
      <ManufacturerItemDescription>מילקי טופ עדשים 142מ</ManufacturerItemDescription>
      <UnitQty>לא ידוע</UnitQty>
      <Quantity>142.00</Quantity>
      <UnitOfMeasure>לא ידוע</UnitOfMeasure>
      <bIsWeighted>0</bIsWeighted>
      <QtyInPackage>לא ידוע</QtyInPackage>
      <ItemPrice>5.60</ItemPrice>
      <UnitOfMeasurePrice>0.0394</UnitOfMeasurePrice>
      <AllowDiscount>1</AllowDiscount>
      <ItemStatus>1</ItemStatus>
      <ItemId>250255</ItemId>
    </Item>
    <Item>
      <PriceUpdateDate>2025-09-08 07:57:22</PriceUpdateDate>
      <ItemCode>8410066140190</ItemCode>
      <ItemType>1</ItemType>
      <ItemName>קטשופ היינץ 700 גרם</ItemName>
      <ManufacturerName>לא ידוע</ManufacturerName>
      <ManufactureCountry>לא ידוע</ManufactureCountry>
      <ManufacturerItemDescription>קטשופ היינץ 700 גרם</ManufacturerItemDescription>
      <UnitQty>לא ידוע</UnitQty>
      <Quantity>700.00</Quantity>
      <UnitOfMeasure>לא ידוע</UnitOfMeasure>
      <bIsWeighted>0</bIsWeighted>
      <QtyInPackage>לא ידוע</QtyInPackage>
      <ItemPrice>16.90</ItemPrice>
      <UnitOfMeasurePrice>0.0241</UnitOfMeasurePrice>
      <AllowDiscount>1</AllowDiscount>
      <ItemStatus>1</ItemStatus>
      <ItemId>247279</ItemId>
    </Item>
    <Item>
      <PriceUpdateDate>2025-08-26 12:48:08</PriceUpdateDate>
      <ItemCode>7290112003140</ItemCode>
      <ItemType>1</ItemType>
      <ItemName>איירוויק פרשמטיק מיל</ItemName>
      <ManufacturerName>לא ידוע</ManufacturerName>
      <ManufactureCountry>לא ידוע</ManufactureCountry>
      <ManufacturerItemDescription>איירוויק פרשמטיק מיל</ManufacturerItemDescription>
      <UnitQty>לא ידוע</UnitQty>
      <Quantity>250.00</Quantity>
      <UnitOfMeasure>לא ידוע</UnitOfMeasure>
      <bIsWeighted>0</bIsWeighted>
      <QtyInPackage>לא ידוע</QtyInPackage>
      <ItemPrice>23.50</ItemPrice>
      <UnitOfMeasurePrice>0.0940</UnitOfMeasurePrice>
      <AllowDiscount>1</AllowDiscount>
      <ItemStatus>1</ItemStatus>
      <ItemId>237409</ItemId>
    </Item>
    <Item>
      <PriceUpdateDate>2025-08-26 11:20:51</PriceUpdateDate>
      <ItemCode>7290110322014</ItemCode>
      <ItemType>1</ItemType>
      <ItemName>טופו טבעי 300 גרם</ItemName>
      <ManufacturerName>לא ידוע</ManufacturerName>
      <ManufactureCountry>לא ידוע</ManufactureCountry>
      <ManufacturerItemDescription>טופו טבעי 300 גרם</ManufacturerItemDescription>
      <UnitQty>לא ידוע</UnitQty>
      <Quantity>300.00</Quantity>
      <UnitOfMeasure>לא ידוע</UnitOfMeasure>
      <bIsWeighted>0</bIsWeighted>
      <QtyInPackage>לא ידוע</QtyInPackage>
      <ItemPrice>15.50</ItemPrice>
      <UnitOfMeasurePrice>0.0517</UnitOfMeasurePrice>
      <AllowDiscount>1</AllowDiscount>
      <ItemStatus>1</ItemStatus>
      <ItemId>211439</ItemId>
    </Item>
    <Item>
      <PriceUpdateDate>2025-08-19 11:26:06</PriceUpdateDate>
      <ItemCode>7290008849845</ItemCode>
      <ItemType>1</ItemType>
      <ItemName>אריסה פיקנטית אוליבי</ItemName>
      <ManufacturerName>לא ידוע</ManufacturerName>
      <ManufactureCountry>לא ידוע</ManufactureCountry>
      <ManufacturerItemDescription>אריסה פיקנטית אוליבי</ManufacturerItemDescription>
      <UnitQty>לא ידוע</UnitQty>
      <Quantity>140.00</Quantity>
      <UnitOfMeasure>לא ידוע</UnitOfMeasure>
      <bIsWeighted>0</bIsWeighted>
      <QtyInPackage>לא ידוע</QtyInPackage>
      <ItemPrice>15.90</ItemPrice>
      <UnitOfMeasurePrice>0.1136</UnitOfMeasurePrice>
      <AllowDiscount>1</AllowDiscount>
      <ItemStatus>1</ItemStatus>
      <ItemId>211449</ItemId>
    </Item>
    <Item>
      <PriceUpdateDate>2025-08-20 11:37:12</PriceUpdateDate>
      <ItemCode>7290017396217</ItemCode>
      <ItemType>1</ItemType>
      <ItemName>לחם דגנים</ItemName>
      <ManufacturerName>לא ידוע</ManufacturerName>
      <ManufactureCountry>לא ידוע</ManufactureCountry>
      <ManufacturerItemDescription>לחם דגנים</ManufacturerItemDescription>
      <UnitQty>יחידה   </UnitQty>
      <Quantity>0.00</Quantity>
      <UnitOfMeasure>יחידה   </UnitOfMeasure>
      <bIsWeighted>0</bIsWeighted>
      <QtyInPackage>לא ידוע</QtyInPackage>
      <ItemPrice>18.90</ItemPrice>
      <UnitOfMeasurePrice>0.0000</UnitOfMeasurePrice>
      <AllowDiscount>1</AllowDiscount>
      <ItemStatus>1</ItemStatus>
      <ItemId>211489</ItemId>
    </Item>
    <Item>
      <PriceUpdateDate>2025-04-20 08:25:39</PriceUpdateDate>
      <ItemCode>7290017396156</ItemCode>
      <ItemType>1</ItemType>
      <ItemName>לחם אגוזים</ItemName>
      <ManufacturerName>לא ידוע</ManufacturerName>
      <ManufactureCountry>לא ידוע</ManufactureCountry>
      <ManufacturerItemDescription>לחם אגוזים</ManufacturerItemDescription>
      <UnitQty>יחידה   </UnitQty>
      <Quantity>0.00</Quantity>
      <UnitOfMeasure>יחידה   </UnitOfMeasure>
      <bIsWeighted>0</bIsWeighted>
      <QtyInPackage>לא ידוע</QtyInPackage>
      <ItemPrice>15.90</ItemPrice>
      <UnitOfMeasurePrice>0.0000</UnitOfMeasurePrice>
      <AllowDiscount>1</AllowDiscount>
      <ItemStatus>1</ItemStatus>
      <ItemId>211490</ItemId>
    </Item>
    <Item>
      <PriceUpdateDate>2025-08-20 11:37:11</PriceUpdateDate>
      <ItemCode>7290017396163</ItemCode>
      <ItemType>1</ItemType>
      <ItemName>לחם שיפון</ItemName>
      <ManufacturerName>לא ידוע</ManufacturerName>
      <ManufactureCountry>לא ידוע</ManufactureCountry>
      <ManufacturerItemDescription>לחם שיפון</ManufacturerItemDescription>
      <UnitQty>יחידה   </UnitQty>
      <Quantity>0.00</Quantity>
      <UnitOfMeasure>יחידה   </UnitOfMeasure>
      <bIsWeighted>0</bIsWeighted>
      <QtyInPackage>לא ידוע</QtyInPackage>
      <ItemPrice>18.90</ItemPrice>
      <UnitOfMeasurePrice>0.0000</UnitOfMeasurePrice>
      <AllowDiscount>1</AllowDiscount>
      <ItemStatus>1</ItemStatus>
      <ItemId>211491</ItemId>
    </Item>
    <Item>
      <PriceUpdateDate>2025-08-20 11:37:12</PriceUpdateDate>
      <ItemCode>7290017396170</ItemCode>
      <ItemType>1</ItemType>
      <ItemName>לחם שאור איטקי לבן</ItemName>
      <ManufacturerName>לא ידוע</ManufacturerName>
      <ManufactureCountry>לא ידוע</ManufactureCountry>
      <ManufacturerItemDescription>לחם שאור איטקי לבן</ManufacturerItemDescription>
      <UnitQty>יחידה   </UnitQty>
      <Quantity>0.00</Quantity>
      <UnitOfMeasure>יחידה   </UnitOfMeasure>
      <bIsWeighted>0</bIsWeighted>
      <QtyInPackage>לא ידוע</QtyInPackage>
      <ItemPrice>18.90</ItemPrice>
      <UnitOfMeasurePrice>0.0000</UnitOfMeasurePrice>
      <AllowDiscount>1</AllowDiscount>
      <ItemStatus>1</ItemStatus>
      <ItemId>211492</ItemId>
    </Item>
    <Item>
      <PriceUpdateDate>2025-08-20 11:37:12</PriceUpdateDate>
      <ItemCode>7290017396187</ItemCode>
      <ItemType>1</ItemType>
      <ItemName>לחם קלמטה</ItemName>
      <ManufacturerName>לא ידוע</ManufacturerName>
      <ManufactureCountry>לא ידוע</ManufactureCountry>
      <ManufacturerItemDescription>לחם קלמטה</ManufacturerItemDescription>
      <UnitQty>יחידה   </UnitQty>
      <Quantity>0.00</Quantity>
      <UnitOfMeasure>יחידה   </UnitOfMeasure>
      <bIsWeighted>0</bIsWeighted>
      <QtyInPackage>לא ידוע</QtyInPackage>
      <ItemPrice>18.90</ItemPrice>
      <UnitOfMeasurePrice>0.0000</UnitOfMeasurePrice>
      <AllowDiscount>1</AllowDiscount>
      <ItemStatus>1</ItemStatus>
      <ItemId>211493</ItemId>
    </Item>
    <Item>
      <PriceUpdateDate>2025-08-20 11:37:13</PriceUpdateDate>
      <ItemCode>7290017396224</ItemCode>
      <ItemType>1</ItemType>
      <ItemName>לחם כוסמין</ItemName>
      <ManufacturerName>לא ידוע</ManufacturerName>
      <ManufactureCountry>לא ידוע</ManufactureCountry>
      <ManufacturerItemDescription>לחם כוסמין</ManufacturerItemDescription>
      <UnitQty>יחידה   </UnitQty>
      <Quantity>0.00</Quantity>
      <UnitOfMeasure>יחידה   </UnitOfMeasure>
      <bIsWeighted>0</bIsWeighted>
      <QtyInPackage>לא ידוע</QtyInPackage>
      <ItemPrice>18.90</ItemPrice>
      <UnitOfMeasurePrice>0.0000</UnitOfMeasurePrice>
      <AllowDiscount>1</AllowDiscount>
      <ItemStatus>1</ItemStatus>
      <ItemId>211494</ItemId>
    </Item>
    <Item>
      <PriceUpdateDate>2025-09-07 08:04:36</PriceUpdateDate>
      <ItemCode>7290102611874</ItemCode>
      <ItemType>1</ItemType>
      <ItemName>כוסות נייר 8 אוז +מכ</ItemName>
      <ManufacturerName>לא ידוע</ManufacturerName>
      <ManufactureCountry>לא ידוע</ManufactureCountry>
      <ManufacturerItemDescription>כוסות נייר 8 אוז +מכ</ManufacturerItemDescription>
      <UnitQty>יחידה   </UnitQty>
      <Quantity>0.00</Quantity>
      <UnitOfMeasure>יחידה   </UnitOfMeasure>
      <bIsWeighted>0</bIsWeighted>
      <QtyInPackage>לא ידוע</QtyInPackage>
      <ItemPrice>13.90</ItemPrice>
      <UnitOfMeasurePrice>0.0000</UnitOfMeasurePrice>
      <AllowDiscount>1</AllowDiscount>
      <ItemStatus>1</ItemStatus>
      <ItemId>234935</ItemId>
    </Item>
    <Item>
      <PriceUpdateDate>2024-12-18 13:57:31</PriceUpdateDate>
      <ItemCode>7290110568559</ItemCode>
      <ItemType>1</ItemType>
      <ItemName>דוריטוס בטעם טבעי מא</ItemName>
      <ManufacturerName>לא ידוע</ManufacturerName>
      <ManufactureCountry>לא ידוע</ManufactureCountry>
      <ManufacturerItemDescription>דוריטוס בטעם טבעי מא</ManufacturerItemDescription>
      <UnitQty>לא ידוע</UnitQty>
      <Quantity>250.00</Quantity>
      <UnitOfMeasure>לא ידוע</UnitOfMeasure>
      <bIsWeighted>0</bIsWeighted>
      <QtyInPackage>לא ידוע</QtyInPackage>
      <ItemPrice>18.90</ItemPrice>
      <UnitOfMeasurePrice>0.0756</UnitOfMeasurePrice>
      <AllowDiscount>1</AllowDiscount>
      <ItemStatus>1</ItemStatus>
      <ItemId>211541</ItemId>
    </Item>
    <Item>
      <PriceUpdateDate>2025-08-31 08:44:35</PriceUpdateDate>
      <ItemCode>7290002043218</ItemCode>
      <ItemType>1</ItemType>
      <ItemName>אקסטרה צ'יפס מלח ים</ItemName>
      <ManufacturerName>לא ידוע</ManufacturerName>
      <ManufactureCountry>לא ידוע</ManufactureCountry>
      <ManufacturerItemDescription>אקסטרה צ'יפס מלח ים</ManufacturerItemDescription>
      <UnitQty>לא ידוע</UnitQty>
      <Quantity>60.00</Quantity>
      <UnitOfMeasure>לא ידוע</UnitOfMeasure>
      <bIsWeighted>0</bIsWeighted>
      <QtyInPackage>לא ידוע</QtyInPackage>
      <ItemPrice>7.90</ItemPrice>
      <UnitOfMeasurePrice>0.1317</UnitOfMeasurePrice>
      <AllowDiscount>1</AllowDiscount>
      <ItemStatus>1</ItemStatus>
      <ItemId>250628</ItemId>
    </Item>
    <Item>
      <PriceUpdateDate>2025-12-09 11:05:21</PriceUpdateDate>
      <ItemCode>7290116936116</ItemCode>
      <ItemType>1</ItemType>
      <ItemName>משקה סויה ללא סוכרים</ItemName>
      <ManufacturerName>קריות זול</ManufacturerName>
      <ManufactureCountry>לא ידוע</ManufactureCountry>
      <ManufacturerItemDescription>משקה סויה ללא סוכרים</ManufacturerItemDescription>
      <UnitQty>לא ידוע</UnitQty>
      <Quantity>1000.00</Quantity>
      <UnitOfMeasure>לא ידוע</UnitOfMeasure>
      <bIsWeighted>0</bIsWeighted>
      <QtyInPackage>לא ידוע</QtyInPackage>
      <ItemPrice>12.90</ItemPrice>
      <UnitOfMeasurePrice>0.0129</UnitOfMeasurePrice>
      <AllowDiscount>1</AllowDiscount>
      <ItemStatus>1</ItemStatus>
      <ItemId>256783</ItemId>
    </Item>
    <Item>
      <PriceUpdateDate>2025-09-07 11:03:34</PriceUpdateDate>
      <ItemCode>80831402</ItemCode>
      <ItemType>1</ItemType>
      <ItemName>מנטוס לל"ס קלין ברט'</ItemName>
      <ManufacturerName>לא ידוע</ManufacturerName>
      <ManufactureCountry>לא ידוע</ManufactureCountry>
      <ManufacturerItemDescription>מנטוס לל"ס קלין ברט'</ManufacturerItemDescription>
      <UnitQty>יחידה   </UnitQty>
      <Quantity>0.00</Quantity>
      <UnitOfMeasure>יחידה   </UnitOfMeasure>
      <bIsWeighted>0</bIsWeighted>
      <QtyInPackage>לא ידוע</QtyInPackage>
      <ItemPrice>10.90</ItemPrice>
      <UnitOfMeasurePrice>0.0000</UnitOfMeasurePrice>
      <AllowDiscount>1</AllowDiscount>
      <ItemStatus>1</ItemStatus>
      <ItemId>243301</ItemId>
    </Item>
    <Item>
      <PriceUpdateDate>2025-08-27 11:29:51</PriceUpdateDate>
      <ItemCode>7290015172073</ItemCode>
      <ItemType>1</ItemType>
      <ItemName>גיוזה פיטריות דים סא</ItemName>
      <ManufacturerName>לא ידוע</ManufacturerName>
      <ManufactureCountry>לא ידוע</ManufactureCountry>
      <ManufacturerItemDescription>גיוזה פיטריות דים סא</ManufacturerItemDescription>
      <UnitQty>לא ידוע</UnitQty>
      <Quantity>270.00</Quantity>
      <UnitOfMeasure>לא ידוע</UnitOfMeasure>
      <bIsWeighted>0</bIsWeighted>
      <QtyInPackage>לא ידוע</QtyInPackage>
      <ItemPrice>34.90</ItemPrice>
      <UnitOfMeasurePrice>0.1293</UnitOfMeasurePrice>
      <AllowDiscount>1</AllowDiscount>
      <ItemStatus>1</ItemStatus>
      <ItemId>246221</ItemId>
    </Item>
    <Item>
      <PriceUpdateDate>2025-08-31 10:12:26</PriceUpdateDate>
      <ItemCode>7290110568238</ItemCode>
      <ItemType>1</ItemType>
      <ItemName>קצפת צמחית 21% שומן</ItemName>
      <ManufacturerName>לא ידוע</ManufacturerName>
      <ManufactureCountry>לא ידוע</ManufactureCountry>
      <ManufacturerItemDescription>קצפת צמחית 21% שומן</ManufacturerItemDescription>
      <UnitQty>לא ידוע</UnitQty>
      <Quantity>250.00</Quantity>
      <UnitOfMeasure>לא ידוע</UnitOfMeasure>
      <bIsWeighted>0</bIsWeighted>
      <QtyInPackage>לא ידוע</QtyInPackage>
      <ItemPrice>9.50</ItemPrice>
      <UnitOfMeasurePrice>0.0380</UnitOfMeasurePrice>
      <AllowDiscount>1</AllowDiscount>
      <ItemStatus>1</ItemStatus>
      <ItemId>211576</ItemId>
    </Item>
    <Item>
      <PriceUpdateDate>2025-08-20 16:33:14</PriceUpdateDate>
      <ItemCode>5000189974579</ItemCode>
      <ItemType>1</ItemType>
      <ItemName>קיט קט מיני 200 גרם</ItemName>
      <ManufacturerName>לא ידוע</ManufacturerName>
      <ManufactureCountry>לא ידוע</ManufactureCountry>
      <ManufacturerItemDescription>קיט קט מיני 200 גרם</ManufacturerItemDescription>
      <UnitQty>לא ידוע</UnitQty>
      <Quantity>200.00</Quantity>
      <UnitOfMeasure>לא ידוע</UnitOfMeasure>
      <bIsWeighted>0</bIsWeighted>
      <QtyInPackage>לא ידוע</QtyInPackage>
      <ItemPrice>18.90</ItemPrice>
      <UnitOfMeasurePrice>0.0945</UnitOfMeasurePrice>
      <AllowDiscount>1</AllowDiscount>
      <ItemStatus>1</ItemStatus>
      <ItemId>211604</ItemId>
    </Item>
    <Item>
      <PriceUpdateDate>2025-08-26 16:06:33</PriceUpdateDate>
      <ItemCode>7702024074625</ItemCode>
      <ItemType>1</ItemType>
      <ItemName>פיטנס חטיפי קרקר חיט</ItemName>
      <ManufacturerName>לא ידוע</ManufacturerName>
      <ManufactureCountry>לא ידוע</ManufactureCountry>
      <ManufacturerItemDescription>פיטנס חטיפי קרקר חיט</ManufacturerItemDescription>
      <UnitQty>לא ידוע</UnitQty>
      <Quantity>234.00</Quantity>
      <UnitOfMeasure>לא ידוע</UnitOfMeasure>
      <bIsWeighted>0</bIsWeighted>
      <QtyInPackage>לא ידוע</QtyInPackage>
      <ItemPrice>14.50</ItemPrice>
      <UnitOfMeasurePrice>0.0620</UnitOfMeasurePrice>
      <AllowDiscount>1</AllowDiscount>
      <ItemStatus>1</ItemStatus>
      <ItemId>211641</ItemId>
    </Item>
    <Item>
      <PriceUpdateDate>2025-09-05 13:22:10</PriceUpdateDate>
      <ItemCode>7290103703370</ItemCode>
      <ItemType>1</ItemType>
      <ItemName>טאצ מגבוני טואלט לחי</ItemName>
      <ManufacturerName>לא ידוע</ManufacturerName>
      <ManufactureCountry>לא ידוע</ManufactureCountry>
      <ManufacturerItemDescription>טאצ מגבוני טואלט לחי</ManufacturerItemDescription>
      <UnitQty>יחידה   </UnitQty>
      <Quantity>0.00</Quantity>
      <UnitOfMeasure>יחידה   </UnitOfMeasure>
      <bIsWeighted>0</bIsWeighted>
      <QtyInPackage>לא ידוע</QtyInPackage>
      <ItemPrice>17.90</ItemPrice>
      <UnitOfMeasurePrice>0.0000</UnitOfMeasurePrice>
      <AllowDiscount>1</AllowDiscount>
      <ItemStatus>1</ItemStatus>
      <ItemId>211708</ItemId>
    </Item>
    <Item>
      <PriceUpdateDate>2025-08-19 11:27:07</PriceUpdateDate>
      <ItemCode>7290000101927</ItemCode>
      <ItemType>1</ItemType>
      <ItemName>אוכמניות כחולות מוקפ</ItemName>
      <ManufacturerName>לא ידוע</ManufacturerName>
      <ManufactureCountry>לא ידוע</ManufactureCountry>
      <ManufacturerItemDescription>אוכמניות כחולות מוקפ</ManufacturerItemDescription>
      <UnitQty>לא ידוע</UnitQty>
      <Quantity>300.00</Quantity>
      <UnitOfMeasure>לא ידוע</UnitOfMeasure>
      <bIsWeighted>0</bIsWeighted>
      <QtyInPackage>לא ידוע</QtyInPackage>
      <ItemPrice>20.90</ItemPrice>
      <UnitOfMeasurePrice>0.0697</UnitOfMeasurePrice>
      <AllowDiscount>1</AllowDiscount>
      <ItemStatus>1</ItemStatus>
      <ItemId>211718</ItemId>
    </Item>
    <Item>
      <PriceUpdateDate>2025-05-08 08:10:53</PriceUpdateDate>
      <ItemCode>8005110191015</ItemCode>
      <ItemType>1</ItemType>
      <ItemName>מחית עגבניות ובזילקו</ItemName>
      <ManufacturerName>לא ידוע</ManufacturerName>
      <ManufactureCountry>לא ידוע</ManufactureCountry>
      <ManufacturerItemDescription>מחית עגבניות ובזילקו</ManufacturerItemDescription>
      <UnitQty>לא ידוע</UnitQty>
      <Quantity>700.00</Quantity>
      <UnitOfMeasure>לא ידוע</UnitOfMeasure>
      <bIsWeighted>0</bIsWeighted>
      <QtyInPackage>לא ידוע</QtyInPackage>
      <ItemPrice>16.90</ItemPrice>
      <UnitOfMeasurePrice>0.0241</UnitOfMeasurePrice>
      <AllowDiscount>1</AllowDiscount>
      <ItemStatus>1</ItemStatus>
      <ItemId>211739</ItemId>
    </Item>
    <Item>
      <PriceUpdateDate>2025-08-31 09:22:40</PriceUpdateDate>
      <ItemCode>7290016717754</ItemCode>
      <ItemType>1</ItemType>
      <ItemName>יין ישן נושן 750 מ"ל</ItemName>
      <ManufacturerName>קריות זול</ManufacturerName>
      <ManufactureCountry>לא ידוע</ManufactureCountry>
      <ManufacturerItemDescription>יין ישן נושן 750 מ"ל</ManufacturerItemDescription>
      <UnitQty>לא ידוע</UnitQty>
      <Quantity>750.00</Quantity>
      <UnitOfMeasure>לא ידוע</UnitOfMeasure>
      <bIsWeighted>0</bIsWeighted>
      <QtyInPackage>לא ידוע</QtyInPackage>
      <ItemPrice>20.90</ItemPrice>
      <UnitOfMeasurePrice>0.0279</UnitOfMeasurePrice>
      <AllowDiscount>1</AllowDiscount>
      <ItemStatus>1</ItemStatus>
      <ItemId>211754</ItemId>
    </Item>
    <Item>
      <PriceUpdateDate>2025-09-05 13:22:08</PriceUpdateDate>
      <ItemCode>7290103702649</ItemCode>
      <ItemType>1</ItemType>
      <ItemName>ממחטות חמישיה עדן</ItemName>
      <ManufacturerName>לא ידוע</ManufacturerName>
      <ManufactureCountry>לא ידוע</ManufactureCountry>
      <ManufacturerItemDescription>ממחטות חמישיה עדן</ManufacturerItemDescription>
      <UnitQty>יחידה   </UnitQty>
      <Quantity>0.00</Quantity>
      <UnitOfMeasure>יחידה   </UnitOfMeasure>
      <bIsWeighted>0</bIsWeighted>
      <QtyInPackage>לא ידוע</QtyInPackage>
      <ItemPrice>12.90</ItemPrice>
      <UnitOfMeasurePrice>0.0000</UnitOfMeasurePrice>
      <AllowDiscount>1</AllowDiscount>
      <ItemStatus>1</ItemStatus>
      <ItemId>211839</ItemId>
    </Item>
    <Item>
      <PriceUpdateDate>2025-04-20 08:35:28</PriceUpdateDate>
      <ItemCode>4810168038267</ItemCode>
      <ItemType>1</ItemType>
      <ItemName>גלידה YUKKI אסקימו ב</ItemName>
      <ManufacturerName>לא ידוע</ManufacturerName>
      <ManufactureCountry>לא ידוע</ManufactureCountry>
      <ManufacturerItemDescription>גלידה YUKKI אסקימו ב</ManufacturerItemDescription>
      <UnitQty>לא ידוע</UnitQty>
      <Quantity>70.00</Quantity>
      <UnitOfMeasure>לא ידוע</UnitOfMeasure>
      <bIsWeighted>0</bIsWeighted>
      <QtyInPackage>לא ידוע</QtyInPackage>
      <ItemPrice>7.90</ItemPrice>
      <UnitOfMeasurePrice>0.1129</UnitOfMeasurePrice>
      <AllowDiscount>1</AllowDiscount>
      <ItemStatus>1</ItemStatus>
      <ItemId>211854</ItemId>
    </Item>
    <Item>
      <PriceUpdateDate>2025-04-20 08:35:28</PriceUpdateDate>
      <ItemCode>4810168038977</ItemCode>
      <ItemType>1</ItemType>
      <ItemName>גלידה YUKKI פלומביר</ItemName>
      <ManufacturerName>לא ידוע</ManufacturerName>
      <ManufactureCountry>לא ידוע</ManufactureCountry>
      <ManufacturerItemDescription>גלידה YUKKI פלומביר</ManufacturerItemDescription>
      <UnitQty>לא ידוע</UnitQty>
      <Quantity>70.00</Quantity>
      <UnitOfMeasure>לא ידוע</UnitOfMeasure>
      <bIsWeighted>0</bIsWeighted>
      <QtyInPackage>לא ידוע</QtyInPackage>
      <ItemPrice>7.90</ItemPrice>
      <UnitOfMeasurePrice>0.1129</UnitOfMeasurePrice>
      <AllowDiscount>1</AllowDiscount>
      <ItemStatus>1</ItemStatus>
      <ItemId>211855</ItemId>
    </Item>
    <Item>
      <PriceUpdateDate>2025-04-20 08:35:28</PriceUpdateDate>
      <ItemCode>4810168038984</ItemCode>
      <ItemType>1</ItemType>
      <ItemName>גלידה YUKKI פלומביר</ItemName>
      <ManufacturerName>לא ידוע</ManufacturerName>
      <ManufactureCountry>לא ידוע</ManufactureCountry>
      <ManufacturerItemDescription>גלידה YUKKI פלומביר</ManufacturerItemDescription>
      <UnitQty>לא ידוע</UnitQty>
      <Quantity>70.00</Quantity>
      <UnitOfMeasure>לא ידוע</UnitOfMeasure>
      <bIsWeighted>0</bIsWeighted>
      <QtyInPackage>לא ידוע</QtyInPackage>
      <ItemPrice>7.90</ItemPrice>
      <UnitOfMeasurePrice>0.1129</UnitOfMeasurePrice>
      <AllowDiscount>1</AllowDiscount>
      <ItemStatus>1</ItemStatus>
      <ItemId>211856</ItemId>
    </Item>
    <Item>
      <PriceUpdateDate>2025-08-26 11:40:15</PriceUpdateDate>
      <ItemCode>7290101551300</ItemCode>
      <ItemType>1</ItemType>
      <ItemName>סילאן טבעי לחיץ יד מ</ItemName>
      <ManufacturerName>לא ידוע</ManufacturerName>
      <ManufactureCountry>לא ידוע</ManufactureCountry>
      <ManufacturerItemDescription>סילאן טבעי לחיץ יד מ</ManufacturerItemDescription>
      <UnitQty>לא ידוע</UnitQty>
      <Quantity>380.00</Quantity>
      <UnitOfMeasure>לא ידוע</UnitOfMeasure>
      <bIsWeighted>0</bIsWeighted>
      <QtyInPackage>לא ידוע</QtyInPackage>
      <ItemPrice>19.90</ItemPrice>
      <UnitOfMeasurePrice>0.0524</UnitOfMeasurePrice>
      <AllowDiscount>1</AllowDiscount>
      <ItemStatus>1</ItemStatus>
      <ItemId>211877</ItemId>
    </Item>
    <Item>
      <PriceUpdateDate>2025-08-31 10:12:15</PriceUpdateDate>
      <ItemCode>7290107957991</ItemCode>
      <ItemType>1</ItemType>
      <ItemName>מארז מילקי מיניס קיי</ItemName>
      <ManufacturerName>לא ידוע</ManufacturerName>
      <ManufactureCountry>לא ידוע</ManufactureCountry>
      <ManufacturerItemDescription>מארז מילקי מיניס קיי</ManufacturerItemDescription>
      <UnitQty>לא ידוע</UnitQty>
      <Quantity>144.00</Quantity>
      <UnitOfMeasure>לא ידוע</UnitOfMeasure>
      <bIsWeighted>0</bIsWeighted>
      <QtyInPackage>לא ידוע</QtyInPackage>
      <ItemPrice>17.20</ItemPrice>
      <UnitOfMeasurePrice>0.1194</UnitOfMeasurePrice>
      <AllowDiscount>1</AllowDiscount>
      <ItemStatus>1</ItemStatus>
      <ItemId>211889</ItemId>
    </Item>
    <Item>
      <PriceUpdateDate>2025-09-07 08:16:36</PriceUpdateDate>
      <ItemCode>7613036576734</ItemCode>
      <ItemType>1</ItemType>
      <ItemName>חמשושים קרח בטעמים 6</ItemName>
      <ManufacturerName>לא ידוע</ManufacturerName>
      <ManufactureCountry>לא ידוע</ManufactureCountry>
      <ManufacturerItemDescription>חמשושים קרח בטעמים 6</ManufacturerItemDescription>
      <UnitQty>לא ידוע</UnitQty>
      <Quantity>60.00</Quantity>
      <UnitOfMeasure>לא ידוע</UnitOfMeasure>
      <bIsWeighted>0</bIsWeighted>
      <QtyInPackage>לא ידוע</QtyInPackage>
      <ItemPrice>10.90</ItemPrice>
      <UnitOfMeasurePrice>0.1817</UnitOfMeasurePrice>
      <AllowDiscount>1</AllowDiscount>
      <ItemStatus>1</ItemStatus>
      <ItemId>211901</ItemId>
    </Item>
    <Item>
      <PriceUpdateDate>2025-08-31 09:58:01</PriceUpdateDate>
      <ItemCode>7290108502541</ItemCode>
      <ItemType>1</ItemType>
      <ItemName>גבינת שמנת טבעי יורו</ItemName>
      <ManufacturerName>לא ידוע</ManufacturerName>
      <ManufactureCountry>לא ידוע</ManufactureCountry>
      <ManufacturerItemDescription>גבינת שמנת טבעי יורו</ManufacturerItemDescription>
      <UnitQty>לא ידוע</UnitQty>
      <Quantity>200.00</Quantity>
      <UnitOfMeasure>לא ידוע</UnitOfMeasure>
      <bIsWeighted>0</bIsWeighted>
      <QtyInPackage>לא ידוע</QtyInPackage>
      <ItemPrice>14.90</ItemPrice>
      <UnitOfMeasurePrice>0.0745</UnitOfMeasurePrice>
      <AllowDiscount>1</AllowDiscount>
      <ItemStatus>1</ItemStatus>
      <ItemId>211904</ItemId>
    </Item>
    <Item>
      <PriceUpdateDate>2025-08-18 09:17:47</PriceUpdateDate>
      <ItemCode>7290002370161</ItemCode>
      <ItemType>1</ItemType>
      <ItemName>גבינת צ'דר בשלה וילי</ItemName>
      <ManufacturerName>לא ידוע</ManufacturerName>
      <ManufactureCountry>אנגליה</ManufactureCountry>
      <ManufacturerItemDescription>גבינת צ'דר בשלה וילי</ManufacturerItemDescription>
      <UnitQty>קילוגרמים</UnitQty>
      <Quantity>1.00</Quantity>
      <UnitOfMeasure>ק"ג</UnitOfMeasure>
      <bIsWeighted>1</bIsWeighted>
      <QtyInPackage>לא ידוע</QtyInPackage>
      <ItemPrice>114.00</ItemPrice>
      <UnitOfMeasurePrice>114.0000</UnitOfMeasurePrice>
      <AllowDiscount>1</AllowDiscount>
      <ItemStatus>1</ItemStatus>
      <ItemId>211917</ItemId>
    </Item>
    <Item>
      <PriceUpdateDate>2025-08-31 08:42:29</PriceUpdateDate>
      <ItemCode>7290014217522</ItemCode>
      <ItemType>1</ItemType>
      <ItemName>לחם שום תערובת מיכל</ItemName>
      <ManufacturerName>לא ידוע</ManufacturerName>
      <ManufactureCountry>לא ידוע</ManufactureCountry>
      <ManufacturerItemDescription>לחם שום תערובת מיכל</ManufacturerItemDescription>
      <UnitQty>לא ידוע</UnitQty>
      <Quantity>100.00</Quantity>
      <UnitOfMeasure>לא ידוע</UnitOfMeasure>
      <bIsWeighted>0</bIsWeighted>
      <QtyInPackage>לא ידוע</QtyInPackage>
      <ItemPrice>12.90</ItemPrice>
      <UnitOfMeasurePrice>0.1290</UnitOfMeasurePrice>
      <AllowDiscount>1</AllowDiscount>
      <ItemStatus>1</ItemStatus>
      <ItemId>211969</ItemId>
    </Item>
    <Item>
      <PriceUpdateDate>2025-08-22 11:39:10</PriceUpdateDate>
      <ItemCode>7290013268839</ItemCode>
      <ItemType>1</ItemType>
      <ItemName>פוליויקס לפרקט בניחו</ItemName>
      <ManufacturerName>קריות זול</ManufacturerName>
      <ManufactureCountry>לא ידוע</ManufactureCountry>
      <ManufacturerItemDescription>פוליויקס לפרקט בניחו</ManufacturerItemDescription>
      <UnitQty>ליטרים</UnitQty>
      <Quantity>2.00</Quantity>
      <UnitOfMeasure>ליטר    </UnitOfMeasure>
      <bIsWeighted>0</bIsWeighted>
      <QtyInPackage>לא ידוע</QtyInPackage>
      <ItemPrice>23.90</ItemPrice>
      <UnitOfMeasurePrice>11.9500</UnitOfMeasurePrice>
      <AllowDiscount>1</AllowDiscount>
      <ItemStatus>1</ItemStatus>
      <ItemId>212065</ItemId>
    </Item>
    <Item>
      <PriceUpdateDate>2025-08-21 14:03:08</PriceUpdateDate>
      <ItemCode>8000500447895</ItemCode>
      <ItemType>1</ItemType>
      <ItemName>פררו רושה טבלת שוקול</ItemName>
      <ManufacturerName>לא ידוע</ManufacturerName>
      <ManufactureCountry>לא ידוע</ManufactureCountry>
      <ManufacturerItemDescription>פררו רושה טבלת שוקול</ManufacturerItemDescription>
      <UnitQty>לא ידוע</UnitQty>
      <Quantity>90.00</Quantity>
      <UnitOfMeasure>לא ידוע</UnitOfMeasure>
      <bIsWeighted>0</bIsWeighted>
      <QtyInPackage>לא ידוע</QtyInPackage>
      <ItemPrice>18.90</ItemPrice>
      <UnitOfMeasurePrice>0.2100</UnitOfMeasurePrice>
      <AllowDiscount>1</AllowDiscount>
      <ItemStatus>1</ItemStatus>
      <ItemId>255647</ItemId>
    </Item>
    <Item>
      <PriceUpdateDate>2025-08-18 11:48:47</PriceUpdateDate>
      <ItemCode>54881000062</ItemCode>
      <ItemType>1</ItemType>
      <ItemName>תה אנגלי שחור לימוני</ItemName>
      <ManufacturerName>לא ידוע</ManufacturerName>
      <ManufactureCountry>לא ידוע</ManufactureCountry>
      <ManufacturerItemDescription>תה אנגלי שחור לימוני</ManufacturerItemDescription>
      <UnitQty>יחידה   </UnitQty>
      <Quantity>0.00</Quantity>
      <UnitOfMeasure>יחידה   </UnitOfMeasure>
      <bIsWeighted>0</bIsWeighted>
      <QtyInPackage>לא ידוע</QtyInPackage>
      <ItemPrice>12.90</ItemPrice>
      <UnitOfMeasurePrice>0.0000</UnitOfMeasurePrice>
      <AllowDiscount>1</AllowDiscount>
      <ItemStatus>1</ItemStatus>
      <ItemId>212232</ItemId>
    </Item>
    <Item>
      <PriceUpdateDate>2025-08-18 11:48:49</PriceUpdateDate>
      <ItemCode>54881006996</ItemCode>
      <ItemType>1</ItemType>
      <ItemName>תה אנגלי אפרסק ופסיפ</ItemName>
      <ManufacturerName>לא ידוע</ManufacturerName>
      <ManufactureCountry>לא ידוע</ManufactureCountry>
      <ManufacturerItemDescription>תה אנגלי אפרסק ופסיפ</ManufacturerItemDescription>
      <UnitQty>יחידה   </UnitQty>
      <Quantity>0.00</Quantity>
      <UnitOfMeasure>יחידה   </UnitOfMeasure>
      <bIsWeighted>0</bIsWeighted>
      <QtyInPackage>לא ידוע</QtyInPackage>
      <ItemPrice>12.90</ItemPrice>
      <UnitOfMeasurePrice>0.0000</UnitOfMeasurePrice>
      <AllowDiscount>1</AllowDiscount>
      <ItemStatus>1</ItemStatus>
      <ItemId>212236</ItemId>
    </Item>
    <Item>
      <PriceUpdateDate>2025-07-21 11:20:39</PriceUpdateDate>
      <ItemCode>7290117610510</ItemCode>
      <ItemType>1</ItemType>
      <ItemName>אפונה 400 ג- קהילות</ItemName>
      <ManufacturerName>לא ידוע</ManufacturerName>
      <ManufactureCountry>לא ידוע</ManufactureCountry>
      <ManufacturerItemDescription>אפונה 400 ג- קהילות</ManufacturerItemDescription>
      <UnitQty>לא ידוע</UnitQty>
      <Quantity>400.00</Quantity>
      <UnitOfMeasure>לא ידוע</UnitOfMeasure>
      <bIsWeighted>0</bIsWeighted>
      <QtyInPackage>לא ידוע</QtyInPackage>
      <ItemPrice>9.90</ItemPrice>
      <UnitOfMeasurePrice>0.0248</UnitOfMeasurePrice>
      <AllowDiscount>1</AllowDiscount>
      <ItemStatus>1</ItemStatus>
      <ItemId>255298</ItemId>
    </Item>
    <Item>
      <PriceUpdateDate>2025-09-03 11:27:28</PriceUpdateDate>
      <ItemCode>7290112490735</ItemCode>
      <ItemType>1</ItemType>
      <ItemName>מרק עשיר עגבניות פסט</ItemName>
      <ManufacturerName>לא ידוע</ManufacturerName>
      <ManufactureCountry>לא ידוע</ManufactureCountry>
      <ManufacturerItemDescription>מרק עשיר עגבניות פסט</ManufacturerItemDescription>
      <UnitQty>לא ידוע</UnitQty>
      <Quantity>105.00</Quantity>
      <UnitOfMeasure>לא ידוע</UnitOfMeasure>
      <bIsWeighted>0</bIsWeighted>
      <QtyInPackage>לא ידוע</QtyInPackage>
      <ItemPrice>16.90</ItemPrice>
      <UnitOfMeasurePrice>0.1610</UnitOfMeasurePrice>
      <AllowDiscount>1</AllowDiscount>
      <ItemStatus>1</ItemStatus>
      <ItemId>212263</ItemId>
    </Item>
    <Item>
      <PriceUpdateDate>2025-09-03 11:27:28</PriceUpdateDate>
      <ItemCode>7290112490759</ItemCode>
      <ItemType>1</ItemType>
      <ItemName>מרק עשיר עוף איטריות</ItemName>
      <ManufacturerName>לא ידוע</ManufacturerName>
      <ManufactureCountry>לא ידוע</ManufactureCountry>
      <ManufacturerItemDescription>מרק עשיר עוף איטריות</ManufacturerItemDescription>
      <UnitQty>לא ידוע</UnitQty>
      <Quantity>74.00</Quantity>
      <UnitOfMeasure>לא ידוע</UnitOfMeasure>
      <bIsWeighted>0</bIsWeighted>
      <QtyInPackage>לא ידוע</QtyInPackage>
      <ItemPrice>16.90</ItemPrice>
      <UnitOfMeasurePrice>0.2284</UnitOfMeasurePrice>
      <AllowDiscount>1</AllowDiscount>
      <ItemStatus>1</ItemStatus>
      <ItemId>212265</ItemId>
    </Item>
    <Item>
      <PriceUpdateDate>2025-09-03 11:27:29</PriceUpdateDate>
      <ItemCode>7290112490827</ItemCode>
      <ItemType>1</ItemType>
      <ItemName>בדין תרסיס בייבי למי</ItemName>
      <ManufacturerName>לא ידוע</ManufacturerName>
      <ManufactureCountry>לא ידוע</ManufactureCountry>
      <ManufacturerItemDescription>בדין תרסיס בייבי למי</ManufacturerItemDescription>
      <UnitQty>לא ידוע</UnitQty>
      <Quantity>500.00</Quantity>
      <UnitOfMeasure>לא ידוע</UnitOfMeasure>
      <bIsWeighted>0</bIsWeighted>
      <QtyInPackage>לא ידוע</QtyInPackage>
      <ItemPrice>21.90</ItemPrice>
      <UnitOfMeasurePrice>0.0438</UnitOfMeasurePrice>
      <AllowDiscount>1</AllowDiscount>
      <ItemStatus>1</ItemStatus>
      <ItemId>212271</ItemId>
    </Item>
    <Item>
      <PriceUpdateDate>2025-09-03 11:27:27</PriceUpdateDate>
      <ItemCode>7290112490582</ItemCode>
      <ItemType>1</ItemType>
      <ItemName>חרדל דיזון הלמנס 350</ItemName>
      <ManufacturerName>לא ידוע</ManufacturerName>
      <ManufactureCountry>לא ידוע</ManufactureCountry>
      <ManufacturerItemDescription>חרדל דיזון הלמנס 350</ManufacturerItemDescription>
      <UnitQty>לא ידוע</UnitQty>
      <Quantity>350.00</Quantity>
      <UnitOfMeasure>לא ידוע</UnitOfMeasure>
      <bIsWeighted>0</bIsWeighted>
      <QtyInPackage>לא ידוע</QtyInPackage>
      <ItemPrice>16.90</ItemPrice>
      <UnitOfMeasurePrice>0.0483</UnitOfMeasurePrice>
      <AllowDiscount>1</AllowDiscount>
      <ItemStatus>1</ItemStatus>
      <ItemId>212275</ItemId>
    </Item>
    <Item>
      <PriceUpdateDate>2025-05-28 11:36:36</PriceUpdateDate>
      <ItemCode>7290112490209</ItemCode>
      <ItemType>1</ItemType>
      <ItemName>נמס בכוס קנור עגבניו</ItemName>
      <ManufacturerName>לא ידוע</ManufacturerName>
      <ManufactureCountry>לא ידוע</ManufactureCountry>
      <ManufacturerItemDescription>נמס בכוס קנור עגבניו</ManufacturerItemDescription>
      <UnitQty>לא ידוע</UnitQty>
      <Quantity>56.00</Quantity>
      <UnitOfMeasure>לא ידוע</UnitOfMeasure>
      <bIsWeighted>0</bIsWeighted>
      <QtyInPackage>לא ידוע</QtyInPackage>
      <ItemPrice>9.90</ItemPrice>
      <UnitOfMeasurePrice>0.1768</UnitOfMeasurePrice>
      <AllowDiscount>1</AllowDiscount>
      <ItemStatus>1</ItemStatus>
      <ItemId>212284</ItemId>
    </Item>
    <Item>
      <PriceUpdateDate>2025-05-28 11:36:36</PriceUpdateDate>
      <ItemCode>7290112490216</ItemCode>
      <ItemType>1</ItemType>
      <ItemName>נמס בכוס קנור עוף קר</ItemName>
      <ManufacturerName>לא ידוע</ManufacturerName>
      <ManufactureCountry>לא ידוע</ManufactureCountry>
      <ManufacturerItemDescription>נמס בכוס קנור עוף קר</ManufacturerItemDescription>
      <UnitQty>לא ידוע</UnitQty>
      <Quantity>48.00</Quantity>
      <UnitOfMeasure>לא ידוע</UnitOfMeasure>
      <bIsWeighted>0</bIsWeighted>
      <QtyInPackage>לא ידוע</QtyInPackage>
      <ItemPrice>9.90</ItemPrice>
      <UnitOfMeasurePrice>0.2063</UnitOfMeasurePrice>
      <AllowDiscount>1</AllowDiscount>
      <ItemStatus>1</ItemStatus>
      <ItemId>212285</ItemId>
    </Item>
    <Item>
      <PriceUpdateDate>2025-05-28 11:36:36</PriceUpdateDate>
      <ItemCode>7290112490230</ItemCode>
      <ItemType>1</ItemType>
      <ItemName>נמס בכוס קנור אפונה</ItemName>
      <ManufacturerName>לא ידוע</ManufacturerName>
      <ManufactureCountry>לא ידוע</ManufactureCountry>
      <ManufacturerItemDescription>נמס בכוס קנור אפונה</ManufacturerItemDescription>
      <UnitQty>לא ידוע</UnitQty>
      <Quantity>50.00</Quantity>
      <UnitOfMeasure>לא ידוע</UnitOfMeasure>
      <bIsWeighted>0</bIsWeighted>
      <QtyInPackage>לא ידוע</QtyInPackage>
      <ItemPrice>9.90</ItemPrice>
      <UnitOfMeasurePrice>0.1980</UnitOfMeasurePrice>
      <AllowDiscount>1</AllowDiscount>
      <ItemStatus>1</ItemStatus>
      <ItemId>212286</ItemId>
    </Item>
    <Item>
      <PriceUpdateDate>2025-09-03 11:27:27</PriceUpdateDate>
      <ItemCode>7290112490667</ItemCode>
      <ItemType>1</ItemType>
      <ItemName>קונפיטורה 778 משמש 3</ItemName>
      <ManufacturerName>לא ידוע</ManufacturerName>
      <ManufactureCountry>לא ידוע</ManufactureCountry>
      <ManufacturerItemDescription>קונפיטורה 778 משמש 3</ManufacturerItemDescription>
      <UnitQty>לא ידוע</UnitQty>
      <Quantity>340.00</Quantity>
      <UnitOfMeasure>לא ידוע</UnitOfMeasure>
      <bIsWeighted>0</bIsWeighted>
      <QtyInPackage>לא ידוע</QtyInPackage>
      <ItemPrice>20.90</ItemPrice>
      <UnitOfMeasurePrice>0.0615</UnitOfMeasurePrice>
      <AllowDiscount>1</AllowDiscount>
      <ItemStatus>1</ItemStatus>
      <ItemId>212288</ItemId>
    </Item>
    <Item>
      <PriceUpdateDate>2025-09-03 11:27:28</PriceUpdateDate>
      <ItemCode>7290112490674</ItemCode>
      <ItemType>1</ItemType>
      <ItemName>קונפיטורה 778 דובדבן</ItemName>
      <ManufacturerName>לא ידוע</ManufacturerName>
      <ManufactureCountry>לא ידוע</ManufactureCountry>
      <ManufacturerItemDescription>קונפיטורה 778 דובדבן</ManufacturerItemDescription>
      <UnitQty>לא ידוע</UnitQty>
      <Quantity>340.00</Quantity>
      <UnitOfMeasure>לא ידוע</UnitOfMeasure>
      <bIsWeighted>0</bIsWeighted>
      <QtyInPackage>לא ידוע</QtyInPackage>
      <ItemPrice>20.90</ItemPrice>
      <UnitOfMeasurePrice>0.0615</UnitOfMeasurePrice>
      <AllowDiscount>1</AllowDiscount>
      <ItemStatus>1</ItemStatus>
      <ItemId>212289</ItemId>
    </Item>
    <Item>
      <PriceUpdateDate>2025-04-20 07:42:32</PriceUpdateDate>
      <ItemCode>7290107649605</ItemCode>
      <ItemType>1</ItemType>
      <ItemName>קליק שוקולד קורנפלקס</ItemName>
      <ManufacturerName>לא ידוע</ManufacturerName>
      <ManufactureCountry>לא ידוע</ManufactureCountry>
      <ManufacturerItemDescription>קליק שוקולד קורנפלקס</ManufacturerItemDescription>
      <UnitQty>לא ידוע</UnitQty>
      <Quantity>85.00</Quantity>
      <UnitOfMeasure>לא ידוע</UnitOfMeasure>
      <bIsWeighted>0</bIsWeighted>
      <QtyInPackage>לא ידוע</QtyInPackage>
      <ItemPrice>8.50</ItemPrice>
      <UnitOfMeasurePrice>0.1000</UnitOfMeasurePrice>
      <AllowDiscount>1</AllowDiscount>
      <ItemStatus>1</ItemStatus>
      <ItemId>212303</ItemId>
    </Item>
    <Item>
      <PriceUpdateDate>2025-08-31 10:12:24</PriceUpdateDate>
      <ItemCode>7290110563448</ItemCode>
      <ItemType>1</ItemType>
      <ItemName>משקה קפה קר בסיגנון</ItemName>
      <ManufacturerName>לא ידוע</ManufacturerName>
      <ManufactureCountry>לא ידוע</ManufactureCountry>
      <ManufacturerItemDescription>משקה קפה קר בסיגנון</ManufacturerItemDescription>
      <UnitQty>לא ידוע</UnitQty>
      <Quantity>230.00</Quantity>
      <UnitOfMeasure>לא ידוע</UnitOfMeasure>
      <bIsWeighted>0</bIsWeighted>
      <QtyInPackage>לא ידוע</QtyInPackage>
      <ItemPrice>9.70</ItemPrice>
      <UnitOfMeasurePrice>0.0422</UnitOfMeasurePrice>
      <AllowDiscount>1</AllowDiscount>
      <ItemStatus>1</ItemStatus>
      <ItemId>213119</ItemId>
    </Item>
    <Item>
      <PriceUpdateDate>2025-09-25 14:08:35</PriceUpdateDate>
      <ItemCode>7290112191076</ItemCode>
      <ItemType>1</ItemType>
      <ItemName>טורטיה מקמח חיטה  32</ItemName>
      <ManufacturerName>לא ידוע</ManufacturerName>
      <ManufactureCountry>לא ידוע</ManufactureCountry>
      <ManufacturerItemDescription>טורטיה מקמח חיטה  32</ManufacturerItemDescription>
      <UnitQty>לא ידוע</UnitQty>
      <Quantity>320.00</Quantity>
      <UnitOfMeasure>לא ידוע</UnitOfMeasure>
      <bIsWeighted>0</bIsWeighted>
      <QtyInPackage>לא ידוע</QtyInPackage>
      <ItemPrice>10.90</ItemPrice>
      <UnitOfMeasurePrice>0.0341</UnitOfMeasurePrice>
      <AllowDiscount>1</AllowDiscount>
      <ItemStatus>1</ItemStatus>
      <ItemId>256005</ItemId>
    </Item>
    <Item>
      <PriceUpdateDate>2025-08-26 10:48:21</PriceUpdateDate>
      <ItemCode>5740900403215</ItemCode>
      <ItemType>1</ItemType>
      <ItemName>לורפק ממרח עם מלח 25</ItemName>
      <ManufacturerName>לא ידוע</ManufacturerName>
      <ManufactureCountry>לא ידוע</ManufactureCountry>
      <ManufacturerItemDescription>לורפק ממרח עם מלח 25</ManufacturerItemDescription>
      <UnitQty>לא ידוע</UnitQty>
      <Quantity>250.00</Quantity>
      <UnitOfMeasure>לא ידוע</UnitOfMeasure>
      <bIsWeighted>0</bIsWeighted>
      <QtyInPackage>לא ידוע</QtyInPackage>
      <ItemPrice>20.90</ItemPrice>
      <UnitOfMeasurePrice>0.0836</UnitOfMeasurePrice>
      <AllowDiscount>1</AllowDiscount>
      <ItemStatus>1</ItemStatus>
      <ItemId>212434</ItemId>
    </Item>
    <Item>
      <PriceUpdateDate>2025-08-26 10:48:22</PriceUpdateDate>
      <ItemCode>5740900403222</ItemCode>
      <ItemType>1</ItemType>
      <ItemName>לורפק ממרח עם מלח מו</ItemName>
      <ManufacturerName>לא ידוע</ManufacturerName>
      <ManufactureCountry>לא ידוע</ManufactureCountry>
      <ManufacturerItemDescription>לורפק ממרח עם מלח מו</ManufacturerItemDescription>
      <UnitQty>לא ידוע</UnitQty>
      <Quantity>250.00</Quantity>
      <UnitOfMeasure>לא ידוע</UnitOfMeasure>
      <bIsWeighted>0</bIsWeighted>
      <QtyInPackage>לא ידוע</QtyInPackage>
      <ItemPrice>20.90</ItemPrice>
      <UnitOfMeasurePrice>0.0836</UnitOfMeasurePrice>
      <AllowDiscount>1</AllowDiscount>
      <ItemStatus>1</ItemStatus>
      <ItemId>212435</ItemId>
    </Item>
    <Item>
      <PriceUpdateDate>2025-08-26 10:48:23</PriceUpdateDate>
      <ItemCode>5740900403246</ItemCode>
      <ItemType>1</ItemType>
      <ItemName>לורפק ממרח ללא מלח 5</ItemName>
      <ManufacturerName>לא ידוע</ManufacturerName>
      <ManufactureCountry>לא ידוע</ManufactureCountry>
      <ManufacturerItemDescription>לורפק ממרח ללא מלח 5</ManufacturerItemDescription>
      <UnitQty>לא ידוע</UnitQty>
      <Quantity>500.00</Quantity>
      <UnitOfMeasure>לא ידוע</UnitOfMeasure>
      <bIsWeighted>0</bIsWeighted>
      <QtyInPackage>לא ידוע</QtyInPackage>
      <ItemPrice>34.90</ItemPrice>
      <UnitOfMeasurePrice>0.0698</UnitOfMeasurePrice>
      <AllowDiscount>1</AllowDiscount>
      <ItemStatus>1</ItemStatus>
      <ItemId>212436</ItemId>
    </Item>
    <Item>
      <PriceUpdateDate>2025-08-26 10:48:23</PriceUpdateDate>
      <ItemCode>5740900403253</ItemCode>
      <ItemType>1</ItemType>
      <ItemName>לורפק ממרח עם מלח 50</ItemName>
      <ManufacturerName>לא ידוע</ManufacturerName>
      <ManufactureCountry>לא ידוע</ManufactureCountry>
      <ManufacturerItemDescription>לורפק ממרח עם מלח 50</ManufacturerItemDescription>
      <UnitQty>לא ידוע</UnitQty>
      <Quantity>500.00</Quantity>
      <UnitOfMeasure>לא ידוע</UnitOfMeasure>
      <bIsWeighted>0</bIsWeighted>
      <QtyInPackage>לא ידוע</QtyInPackage>
      <ItemPrice>34.90</ItemPrice>
      <UnitOfMeasurePrice>0.0698</UnitOfMeasurePrice>
      <AllowDiscount>1</AllowDiscount>
      <ItemStatus>1</ItemStatus>
      <ItemId>212437</ItemId>
    </Item>
    <Item>
      <PriceUpdateDate>2025-08-26 10:48:22</PriceUpdateDate>
      <ItemCode>5740900403239</ItemCode>
      <ItemType>1</ItemType>
      <ItemName>ממרח לורפק בלי מלח 2</ItemName>
      <ManufacturerName>לא ידוע</ManufacturerName>
      <ManufactureCountry>לא ידוע</ManufactureCountry>
      <ManufacturerItemDescription>ממרח לורפק בלי מלח 2</ManufacturerItemDescription>
      <UnitQty>לא ידוע</UnitQty>
      <Quantity>250.00</Quantity>
      <UnitOfMeasure>לא ידוע</UnitOfMeasure>
      <bIsWeighted>0</bIsWeighted>
      <QtyInPackage>לא ידוע</QtyInPackage>
      <ItemPrice>20.90</ItemPrice>
      <UnitOfMeasurePrice>0.0836</UnitOfMeasurePrice>
      <AllowDiscount>1</AllowDiscount>
      <ItemStatus>1</ItemStatus>
      <ItemId>212438</ItemId>
    </Item>
    <Item>
      <PriceUpdateDate>2025-08-21 11:23:56</PriceUpdateDate>
      <ItemCode>7290100703663</ItemCode>
      <ItemType>1</ItemType>
      <ItemName>קמח תופח סוגת ללא צו</ItemName>
      <ManufacturerName>לא ידוע</ManufacturerName>
      <ManufactureCountry>לא ידוע</ManufactureCountry>
      <ManufacturerItemDescription>קמח תופח סוגת ללא צו</ManufacturerItemDescription>
      <UnitQty>לא ידוע</UnitQty>
      <Quantity>1000.00</Quantity>
      <UnitOfMeasure>לא ידוע</UnitOfMeasure>
      <bIsWeighted>0</bIsWeighted>
      <QtyInPackage>לא ידוע</QtyInPackage>
      <ItemPrice>11.90</ItemPrice>
      <UnitOfMeasurePrice>0.0119</UnitOfMeasurePrice>
      <AllowDiscount>1</AllowDiscount>
      <ItemStatus>1</ItemStatus>
      <ItemId>212443</ItemId>
    </Item>
    <Item>
      <PriceUpdateDate>2025-08-21 11:23:56</PriceUpdateDate>
      <ItemCode>7290100703687</ItemCode>
      <ItemType>1</ItemType>
      <ItemName>קמח חלה ללא צורך ניפ</ItemName>
      <ManufacturerName>לא ידוע</ManufacturerName>
      <ManufactureCountry>לא ידוע</ManufactureCountry>
      <ManufacturerItemDescription>קמח חלה ללא צורך ניפ</ManufacturerItemDescription>
      <UnitQty>לא ידוע</UnitQty>
      <Quantity>1000.00</Quantity>
      <UnitOfMeasure>לא ידוע</UnitOfMeasure>
      <bIsWeighted>0</bIsWeighted>
      <QtyInPackage>לא ידוע</QtyInPackage>
      <ItemPrice>11.90</ItemPrice>
      <UnitOfMeasurePrice>0.0119</UnitOfMeasurePrice>
      <AllowDiscount>1</AllowDiscount>
      <ItemStatus>1</ItemStatus>
      <ItemId>212445</ItemId>
    </Item>
    <Item>
      <PriceUpdateDate>2025-09-07 08:45:11</PriceUpdateDate>
      <ItemCode>8852633020403</ItemCode>
      <ItemType>1</ItemType>
      <ItemName>פניני טפיוקה 500גר</ItemName>
      <ManufacturerName>לא ידוע</ManufacturerName>
      <ManufactureCountry>לא ידוע</ManufactureCountry>
      <ManufacturerItemDescription>פניני טפיוקה 500גר</ManufacturerItemDescription>
      <UnitQty>לא ידוע</UnitQty>
      <Quantity>500.00</Quantity>
      <UnitOfMeasure>לא ידוע</UnitOfMeasure>
      <bIsWeighted>0</bIsWeighted>
      <QtyInPackage>לא ידוע</QtyInPackage>
      <ItemPrice>13.90</ItemPrice>
      <UnitOfMeasurePrice>0.0278</UnitOfMeasurePrice>
      <AllowDiscount>1</AllowDiscount>
      <ItemStatus>1</ItemStatus>
      <ItemId>212449</ItemId>
    </Item>
    <Item>
      <PriceUpdateDate>2025-08-22 11:39:28</PriceUpdateDate>
      <ItemCode>7290013269621</ItemCode>
      <ItemType>1</ItemType>
      <ItemName>ריצפז פרש הום תרכיז</ItemName>
      <ManufacturerName>לא ידוע</ManufacturerName>
      <ManufactureCountry>לא ידוע</ManufactureCountry>
      <ManufacturerItemDescription>ריצפז פרש הום תרכיז</ManufacturerItemDescription>
      <UnitQty>לא ידוע</UnitQty>
      <Quantity>2000.00</Quantity>
      <UnitOfMeasure>לא ידוע</UnitOfMeasure>
      <bIsWeighted>0</bIsWeighted>
      <QtyInPackage>לא ידוע</QtyInPackage>
      <ItemPrice>22.90</ItemPrice>
      <UnitOfMeasurePrice>0.0114</UnitOfMeasurePrice>
      <AllowDiscount>1</AllowDiscount>
      <ItemStatus>1</ItemStatus>
      <ItemId>212460</ItemId>
    </Item>
    <Item>
      <PriceUpdateDate>2025-08-26 12:47:44</PriceUpdateDate>
      <ItemCode>7290112000408</ItemCode>
      <ItemType>1</ItemType>
      <ItemName>מנקה ומחטא לניקוי כל</ItemName>
      <ManufacturerName>לא ידוע</ManufacturerName>
      <ManufactureCountry>לא ידוע</ManufactureCountry>
      <ManufacturerItemDescription>מנקה ומחטא לניקוי כל</ManufacturerItemDescription>
      <UnitQty>לא ידוע</UnitQty>
      <Quantity>750.00</Quantity>
      <UnitOfMeasure>לא ידוע</UnitOfMeasure>
      <bIsWeighted>0</bIsWeighted>
      <QtyInPackage>לא ידוע</QtyInPackage>
      <ItemPrice>16.90</ItemPrice>
      <UnitOfMeasurePrice>0.0225</UnitOfMeasurePrice>
      <AllowDiscount>1</AllowDiscount>
      <ItemStatus>1</ItemStatus>
      <ItemId>212463</ItemId>
    </Item>
    <Item>
      <PriceUpdateDate>2025-08-26 12:47:45</PriceUpdateDate>
      <ItemCode>7290112000798</ItemCode>
      <ItemType>1</ItemType>
      <ItemName>מחטא משטחים לימון מנ</ItemName>
      <ManufacturerName>לא ידוע</ManufacturerName>
      <ManufactureCountry>לא ידוע</ManufactureCountry>
      <ManufacturerItemDescription>מחטא משטחים לימון מנ</ManufacturerItemDescription>
      <UnitQty>לא ידוע</UnitQty>
      <Quantity>750.00</Quantity>
      <UnitOfMeasure>לא ידוע</UnitOfMeasure>
      <bIsWeighted>0</bIsWeighted>
      <QtyInPackage>לא ידוע</QtyInPackage>
      <ItemPrice>16.90</ItemPrice>
      <UnitOfMeasurePrice>0.0225</UnitOfMeasurePrice>
      <AllowDiscount>1</AllowDiscount>
      <ItemStatus>1</ItemStatus>
      <ItemId>212467</ItemId>
    </Item>
    <Item>
      <PriceUpdateDate>2025-09-07 10:42:23</PriceUpdateDate>
      <ItemCode>7290108359824</ItemCode>
      <ItemType>1</ItemType>
      <ItemName>בייבי כיף קרם גוף 50</ItemName>
      <ManufacturerName>לא ידוע</ManufacturerName>
      <ManufactureCountry>לא ידוע</ManufactureCountry>
      <ManufacturerItemDescription>בייבי כיף קרם גוף 50</ManufacturerItemDescription>
      <UnitQty>לא ידוע</UnitQty>
      <Quantity>500.00</Quantity>
      <UnitOfMeasure>לא ידוע</UnitOfMeasure>
      <bIsWeighted>0</bIsWeighted>
      <QtyInPackage>לא ידוע</QtyInPackage>
      <ItemPrice>25.90</ItemPrice>
      <UnitOfMeasurePrice>0.0518</UnitOfMeasurePrice>
      <AllowDiscount>1</AllowDiscount>
      <ItemStatus>1</ItemStatus>
      <ItemId>212485</ItemId>
    </Item>
    <Item>
      <PriceUpdateDate>2025-09-07 10:41:20</PriceUpdateDate>
      <ItemCode>7290108351507</ItemCode>
      <ItemType>1</ItemType>
      <ItemName>סנו מקסימה מרכך כביס</ItemName>
      <ManufacturerName>לא ידוע</ManufacturerName>
      <ManufactureCountry>לא ידוע</ManufactureCountry>
      <ManufacturerItemDescription>סנו מקסימה מרכך כביס</ManufacturerItemDescription>
      <UnitQty>ליטרים</UnitQty>
      <Quantity>4.00</Quantity>
      <UnitOfMeasure>ליטר    </UnitOfMeasure>
      <bIsWeighted>0</bIsWeighted>
      <QtyInPackage>לא ידוע</QtyInPackage>
      <ItemPrice>24.90</ItemPrice>
      <UnitOfMeasurePrice>6.2250</UnitOfMeasurePrice>
      <AllowDiscount>1</AllowDiscount>
      <ItemStatus>1</ItemStatus>
      <ItemId>212504</ItemId>
    </Item>
    <Item>
      <PriceUpdateDate>2025-08-31 09:58:03</PriceUpdateDate>
      <ItemCode>7290108503043</ItemCode>
      <ItemType>1</ItemType>
      <ItemName>מארז תפוחונים 4*22 ג</ItemName>
      <ManufacturerName>לא ידוע</ManufacturerName>
      <ManufactureCountry>לא ידוע</ManufactureCountry>
      <ManufacturerItemDescription>מארז תפוחונים 4*22 ג</ManufacturerItemDescription>
      <UnitQty>לא ידוע</UnitQty>
      <Quantity>88.00</Quantity>
      <UnitOfMeasure>לא ידוע</UnitOfMeasure>
      <bIsWeighted>0</bIsWeighted>
      <QtyInPackage>לא ידוע</QtyInPackage>
      <ItemPrice>17.90</ItemPrice>
      <UnitOfMeasurePrice>0.2034</UnitOfMeasurePrice>
      <AllowDiscount>1</AllowDiscount>
      <ItemStatus>1</ItemStatus>
      <ItemId>212506</ItemId>
    </Item>
    <Item>
      <PriceUpdateDate>2025-08-31 09:58:03</PriceUpdateDate>
      <ItemCode>7290108503067</ItemCode>
      <ItemType>1</ItemType>
      <ItemName>פרמזנו משולש 150 גרם</ItemName>
      <ManufacturerName>לא ידוע</ManufacturerName>
      <ManufactureCountry>לא ידוע</ManufactureCountry>
      <ManufacturerItemDescription>פרמזנו משולש 150 גרם</ManufacturerItemDescription>
      <UnitQty>לא ידוע</UnitQty>
      <Quantity>150.00</Quantity>
      <UnitOfMeasure>לא ידוע</UnitOfMeasure>
      <bIsWeighted>0</bIsWeighted>
      <QtyInPackage>לא ידוע</QtyInPackage>
      <ItemPrice>18.90</ItemPrice>
      <UnitOfMeasurePrice>0.1260</UnitOfMeasurePrice>
      <AllowDiscount>1</AllowDiscount>
      <ItemStatus>1</ItemStatus>
      <ItemId>212510</ItemId>
    </Item>
    <Item>
      <PriceUpdateDate>2020-06-01 09:30:46</PriceUpdateDate>
      <ItemCode>7290108503159</ItemCode>
      <ItemType>1</ItemType>
      <ItemName>גבינה כחולה עם עובש</ItemName>
      <ManufacturerName>לא ידוע</ManufacturerName>
      <ManufactureCountry>לא ידוע</ManufactureCountry>
      <ManufacturerItemDescription>גבינה כחולה עם עובש</ManufacturerItemDescription>
      <UnitQty>לא ידוע</UnitQty>
      <Quantity>100.00</Quantity>
      <UnitOfMeasure>לא ידוע</UnitOfMeasure>
      <bIsWeighted>0</bIsWeighted>
      <QtyInPackage>לא ידוע</QtyInPackage>
      <ItemPrice>15.90</ItemPrice>
      <UnitOfMeasurePrice>0.1590</UnitOfMeasurePrice>
      <AllowDiscount>1</AllowDiscount>
      <ItemStatus>1</ItemStatus>
      <ItemId>212511</ItemId>
    </Item>
    <Item>
      <PriceUpdateDate>2025-08-31 09:59:25</PriceUpdateDate>
      <ItemCode>7290101551645</ItemCode>
      <ItemType>1</ItemType>
      <ItemName>ציטוס איקס עיגול מאר</ItemName>
      <ManufacturerName>לא ידוע</ManufacturerName>
      <ManufactureCountry>לא ידוע</ManufactureCountry>
      <ManufacturerItemDescription>ציטוס איקס עיגול מאר</ManufacturerItemDescription>
      <UnitQty>לא ידוע</UnitQty>
      <Quantity>200.00</Quantity>
      <UnitOfMeasure>לא ידוע</UnitOfMeasure>
      <bIsWeighted>0</bIsWeighted>
      <QtyInPackage>לא ידוע</QtyInPackage>
      <ItemPrice>16.90</ItemPrice>
      <UnitOfMeasurePrice>0.0845</UnitOfMeasurePrice>
      <AllowDiscount>1</AllowDiscount>
      <ItemStatus>1</ItemStatus>
      <ItemId>212553</ItemId>
    </Item>
    <Item>
      <PriceUpdateDate>2025-08-31 10:00:34</PriceUpdateDate>
      <ItemCode>7290111933554</ItemCode>
      <ItemType>1</ItemType>
      <ItemName>עגבניות קוביות מאסטר</ItemName>
      <ManufacturerName>לא ידוע</ManufacturerName>
      <ManufactureCountry>לא ידוע</ManufactureCountry>
      <ManufacturerItemDescription>עגבניות קוביות מאסטר</ManufacturerItemDescription>
      <UnitQty>לא ידוע</UnitQty>
      <Quantity>1200.00</Quantity>
      <UnitOfMeasure>לא ידוע</UnitOfMeasure>
      <bIsWeighted>0</bIsWeighted>
      <QtyInPackage>לא ידוע</QtyInPackage>
      <ItemPrice>23.90</ItemPrice>
      <UnitOfMeasurePrice>0.0199</UnitOfMeasurePrice>
      <AllowDiscount>1</AllowDiscount>
      <ItemStatus>1</ItemStatus>
      <ItemId>212554</ItemId>
    </Item>
    <Item>
      <PriceUpdateDate>2025-08-31 09:59:24</PriceUpdateDate>
      <ItemCode>7290101551584</ItemCode>
      <ItemType>1</ItemType>
      <ItemName>תפוציפס קידס מארז 10</ItemName>
      <ManufacturerName>לא ידוע</ManufacturerName>
      <ManufactureCountry>לא ידוע</ManufactureCountry>
      <ManufacturerItemDescription>תפוציפס קידס מארז 10</ManufacturerItemDescription>
      <UnitQty>לא ידוע</UnitQty>
      <Quantity>200.00</Quantity>
      <UnitOfMeasure>לא ידוע</UnitOfMeasure>
      <bIsWeighted>0</bIsWeighted>
      <QtyInPackage>לא ידוע</QtyInPackage>
      <ItemPrice>17.90</ItemPrice>
      <UnitOfMeasurePrice>0.0895</UnitOfMeasurePrice>
      <AllowDiscount>1</AllowDiscount>
      <ItemStatus>1</ItemStatus>
      <ItemId>212555</ItemId>
    </Item>
    <Item>
      <PriceUpdateDate>2025-09-08 07:55:11</PriceUpdateDate>
      <ItemCode>7290016866650</ItemCode>
      <ItemType>1</ItemType>
      <ItemName>פרודונטקס משחת שיניי</ItemName>
      <ManufacturerName>לא ידוע</ManufacturerName>
      <ManufactureCountry>לא ידוע</ManufactureCountry>
      <ManufacturerItemDescription>פרודונטקס משחת שיניי</ManufacturerItemDescription>
      <UnitQty>לא ידוע</UnitQty>
      <Quantity>75.00</Quantity>
      <UnitOfMeasure>לא ידוע</UnitOfMeasure>
      <bIsWeighted>0</bIsWeighted>
      <QtyInPackage>לא ידוע</QtyInPackage>
      <ItemPrice>33.90</ItemPrice>
      <UnitOfMeasurePrice>0.4520</UnitOfMeasurePrice>
      <AllowDiscount>1</AllowDiscount>
      <ItemStatus>1</ItemStatus>
      <ItemId>212605</ItemId>
    </Item>
    <Item>
      <PriceUpdateDate>2025-08-27 10:00:48</PriceUpdateDate>
      <ItemCode>7290013284662</ItemCode>
      <ItemType>1</ItemType>
      <ItemName>רוטב פיצה פיתה פריני</ItemName>
      <ManufacturerName>לא ידוע</ManufacturerName>
      <ManufactureCountry>לא ידוע</ManufactureCountry>
      <ManufacturerItemDescription>רוטב פיצה פיתה פריני</ManufacturerItemDescription>
      <UnitQty>לא ידוע</UnitQty>
      <Quantity>240.00</Quantity>
      <UnitOfMeasure>לא ידוע</UnitOfMeasure>
      <bIsWeighted>0</bIsWeighted>
      <QtyInPackage>לא ידוע</QtyInPackage>
      <ItemPrice>6.50</ItemPrice>
      <UnitOfMeasurePrice>0.0271</UnitOfMeasurePrice>
      <AllowDiscount>1</AllowDiscount>
      <ItemStatus>1</ItemStatus>
      <ItemId>212626</ItemId>
    </Item>
    <Item>
      <PriceUpdateDate>2025-08-27 10:00:48</PriceUpdateDate>
      <ItemCode>7290013284310</ItemCode>
      <ItemType>1</ItemType>
      <ItemName>רוטב פסטה לילדים פרי</ItemName>
      <ManufacturerName>לא ידוע</ManufacturerName>
      <ManufactureCountry>לא ידוע</ManufactureCountry>
      <ManufacturerItemDescription>רוטב פסטה לילדים פרי</ManufacturerItemDescription>
      <UnitQty>לא ידוע</UnitQty>
      <Quantity>240.00</Quantity>
      <UnitOfMeasure>לא ידוע</UnitOfMeasure>
      <bIsWeighted>0</bIsWeighted>
      <QtyInPackage>לא ידוע</QtyInPackage>
      <ItemPrice>6.50</ItemPrice>
      <UnitOfMeasurePrice>0.0271</UnitOfMeasurePrice>
      <AllowDiscount>1</AllowDiscount>
      <ItemStatus>1</ItemStatus>
      <ItemId>212627</ItemId>
    </Item>
    <Item>
      <PriceUpdateDate>2025-08-31 08:47:49</PriceUpdateDate>
      <ItemCode>7290013284150</ItemCode>
      <ItemType>1</ItemType>
      <ItemName>מלפפון במלח 13-17 פר</ItemName>
      <ManufacturerName>לא ידוע</ManufacturerName>
      <ManufactureCountry>לא ידוע</ManufactureCountry>
      <ManufacturerItemDescription>מלפפון במלח 13-17 פר</ManufacturerItemDescription>
      <UnitQty>לא ידוע</UnitQty>
      <Quantity>560.00</Quantity>
      <UnitOfMeasure>לא ידוע</UnitOfMeasure>
      <bIsWeighted>0</bIsWeighted>
      <QtyInPackage>לא ידוע</QtyInPackage>
      <ItemPrice>11.50</ItemPrice>
      <UnitOfMeasurePrice>0.0205</UnitOfMeasurePrice>
      <AllowDiscount>1</AllowDiscount>
      <ItemStatus>1</ItemStatus>
      <ItemId>212628</ItemId>
    </Item>
    <Item>
      <PriceUpdateDate>2025-08-31 10:27:25</PriceUpdateDate>
      <ItemCode>7290016087222</ItemCode>
      <ItemType>1</ItemType>
      <ItemName>רוטב עגבניות מרוכז ל</ItemName>
      <ManufacturerName>לא ידוע</ManufacturerName>
      <ManufactureCountry>לא ידוע</ManufactureCountry>
      <ManufacturerItemDescription>רוטב עגבניות מרוכז ל</ManufacturerItemDescription>
      <UnitQty>לא ידוע</UnitQty>
      <Quantity>230.00</Quantity>
      <UnitOfMeasure>לא ידוע</UnitOfMeasure>
      <bIsWeighted>0</bIsWeighted>
      <QtyInPackage>לא ידוע</QtyInPackage>
      <ItemPrice>6.50</ItemPrice>
      <UnitOfMeasurePrice>0.0283</UnitOfMeasurePrice>
      <AllowDiscount>1</AllowDiscount>
      <ItemStatus>1</ItemStatus>
      <ItemId>212629</ItemId>
    </Item>
    <Item>
      <PriceUpdateDate>2025-08-26 12:47:50</PriceUpdateDate>
      <ItemCode>7290112001221</ItemCode>
      <ItemType>1</ItemType>
      <ItemName>קולון מנקה מכונת כבי</ItemName>
      <ManufacturerName>לא ידוע</ManufacturerName>
      <ManufactureCountry>לא ידוע</ManufactureCountry>
      <ManufacturerItemDescription>קולון מנקה מכונת כבי</ManufacturerItemDescription>
      <UnitQty>לא ידוע</UnitQty>
      <Quantity>250.00</Quantity>
      <UnitOfMeasure>לא ידוע</UnitOfMeasure>
      <bIsWeighted>0</bIsWeighted>
      <QtyInPackage>לא ידוע</QtyInPackage>
      <ItemPrice>26.90</ItemPrice>
      <UnitOfMeasurePrice>0.1076</UnitOfMeasurePrice>
      <AllowDiscount>1</AllowDiscount>
      <ItemStatus>1</ItemStatus>
      <ItemId>212646</ItemId>
    </Item>
    <Item>
      <PriceUpdateDate>2025-08-26 11:20:56</PriceUpdateDate>
      <ItemCode>7290110323585</ItemCode>
      <ItemType>1</ItemType>
      <ItemName>יוגורט גו לייט דובדב</ItemName>
      <ManufacturerName>לא ידוע</ManufacturerName>
      <ManufactureCountry>לא ידוע</ManufactureCountry>
      <ManufacturerItemDescription>יוגורט גו לייט דובדב</ManufacturerItemDescription>
      <UnitQty>לא ידוע</UnitQty>
      <Quantity>200.00</Quantity>
      <UnitOfMeasure>לא ידוע</UnitOfMeasure>
      <bIsWeighted>0</bIsWeighted>
      <QtyInPackage>לא ידוע</QtyInPackage>
      <ItemPrice>7.50</ItemPrice>
      <UnitOfMeasurePrice>0.0375</UnitOfMeasurePrice>
      <AllowDiscount>1</AllowDiscount>
      <ItemStatus>1</ItemStatus>
      <ItemId>212654</ItemId>
    </Item>
    <Item>
      <PriceUpdateDate>2025-08-21 12:19:25</PriceUpdateDate>
      <ItemCode>7290110323592</ItemCode>
      <ItemType>1</ItemType>
      <ItemName>יוגורט גו לייט אפרסק</ItemName>
      <ManufacturerName>לא ידוע</ManufacturerName>
      <ManufactureCountry>לא ידוע</ManufactureCountry>
      <ManufacturerItemDescription>יוגורט גו לייט אפרסק</ManufacturerItemDescription>
      <UnitQty>לא ידוע</UnitQty>
      <Quantity>200.00</Quantity>
      <UnitOfMeasure>לא ידוע</UnitOfMeasure>
      <bIsWeighted>0</bIsWeighted>
      <QtyInPackage>לא ידוע</QtyInPackage>
      <ItemPrice>7.50</ItemPrice>
      <UnitOfMeasurePrice>0.0375</UnitOfMeasurePrice>
      <AllowDiscount>1</AllowDiscount>
      <ItemStatus>1</ItemStatus>
      <ItemId>212655</ItemId>
    </Item>
    <Item>
      <PriceUpdateDate>2025-09-03 11:27:29</PriceUpdateDate>
      <ItemCode>7290112490896</ItemCode>
      <ItemType>1</ItemType>
      <ItemName>רוטב צילי חריף קנור</ItemName>
      <ManufacturerName>קריות זול</ManufacturerName>
      <ManufactureCountry>לא ידוע</ManufactureCountry>
      <ManufacturerItemDescription>רוטב צילי חריף קנור</ManufacturerItemDescription>
      <UnitQty>לא ידוע</UnitQty>
      <Quantity>370.00</Quantity>
      <UnitOfMeasure>לא ידוע</UnitOfMeasure>
      <bIsWeighted>0</bIsWeighted>
      <QtyInPackage>לא ידוע</QtyInPackage>
      <ItemPrice>17.90</ItemPrice>
      <UnitOfMeasurePrice>0.0484</UnitOfMeasurePrice>
      <AllowDiscount>1</AllowDiscount>
      <ItemStatus>1</ItemStatus>
      <ItemId>212696</ItemId>
    </Item>
    <Item>
      <PriceUpdateDate>2025-09-07 10:41:45</PriceUpdateDate>
      <ItemCode>7290108354751</ItemCode>
      <ItemType>1</ItemType>
      <ItemName>סנו ג'ט פלוס עם חומץ</ItemName>
      <ManufacturerName>לא ידוע</ManufacturerName>
      <ManufactureCountry>לא ידוע</ManufactureCountry>
      <ManufacturerItemDescription>סנו ג'ט פלוס עם חומץ</ManufacturerItemDescription>
      <UnitQty>לא ידוע</UnitQty>
      <Quantity>750.00</Quantity>
      <UnitOfMeasure>לא ידוע</UnitOfMeasure>
      <bIsWeighted>0</bIsWeighted>
      <QtyInPackage>לא ידוע</QtyInPackage>
      <ItemPrice>14.90</ItemPrice>
      <UnitOfMeasurePrice>0.0199</UnitOfMeasurePrice>
      <AllowDiscount>1</AllowDiscount>
      <ItemStatus>1</ItemStatus>
      <ItemId>212710</ItemId>
    </Item>
    <Item>
      <PriceUpdateDate>2025-08-26 11:43:59</PriceUpdateDate>
      <ItemCode>7290110560300</ItemCode>
      <ItemType>1</ItemType>
      <ItemName>פריכיות משולשות-פלפל</ItemName>
      <ManufacturerName>לא ידוע</ManufacturerName>
      <ManufactureCountry>לא ידוע</ManufactureCountry>
      <ManufacturerItemDescription>פריכיות משולשות-פלפל</ManufacturerItemDescription>
      <UnitQty>לא ידוע</UnitQty>
      <Quantity>30.00</Quantity>
      <UnitOfMeasure>לא ידוע</UnitOfMeasure>
      <bIsWeighted>0</bIsWeighted>
      <QtyInPackage>לא ידוע</QtyInPackage>
      <ItemPrice>7.50</ItemPrice>
      <UnitOfMeasurePrice>0.2500</UnitOfMeasurePrice>
      <AllowDiscount>1</AllowDiscount>
      <ItemStatus>1</ItemStatus>
      <ItemId>212745</ItemId>
    </Item>
    <Item>
      <PriceUpdateDate>2025-08-27 09:53:37</PriceUpdateDate>
      <ItemCode>7290006784865</ItemCode>
      <ItemType>1</ItemType>
      <ItemName>מטבחים 1ליטר תכשיר מ</ItemName>
      <ManufacturerName>לא ידוע</ManufacturerName>
      <ManufactureCountry>לא ידוע</ManufactureCountry>
      <ManufacturerItemDescription>מטבחים 1ליטר תכשיר מ</ManufacturerItemDescription>
      <UnitQty>ליטרים</UnitQty>
      <Quantity>1.00</Quantity>
      <UnitOfMeasure>ליטר    </UnitOfMeasure>
      <bIsWeighted>0</bIsWeighted>
      <QtyInPackage>לא ידוע</QtyInPackage>
      <ItemPrice>13.90</ItemPrice>
      <UnitOfMeasurePrice>13.9000</UnitOfMeasurePrice>
      <AllowDiscount>1</AllowDiscount>
      <ItemStatus>1</ItemStatus>
      <ItemId>212749</ItemId>
    </Item>
    <Item>
      <PriceUpdateDate>2025-08-27 09:53:33</PriceUpdateDate>
      <ItemCode>7290006784346</ItemCode>
      <ItemType>1</ItemType>
      <ItemName>תרסיס קצף לניקוי שטי</ItemName>
      <ManufacturerName>לא ידוע</ManufacturerName>
      <ManufactureCountry>לא ידוע</ManufactureCountry>
      <ManufacturerItemDescription>תרסיס קצף לניקוי שטי</ManufacturerItemDescription>
      <UnitQty>לא ידוע</UnitQty>
      <Quantity>630.00</Quantity>
      <UnitOfMeasure>לא ידוע</UnitOfMeasure>
      <bIsWeighted>0</bIsWeighted>
      <QtyInPackage>לא ידוע</QtyInPackage>
      <ItemPrice>16.90</ItemPrice>
      <UnitOfMeasurePrice>0.0268</UnitOfMeasurePrice>
      <AllowDiscount>1</AllowDiscount>
      <ItemStatus>1</ItemStatus>
      <ItemId>212750</ItemId>
    </Item>
    <Item>
      <PriceUpdateDate>2025-08-21 11:20:16</PriceUpdateDate>
      <ItemCode>7290013927613</ItemCode>
      <ItemType>1</ItemType>
      <ItemName>רוגעלך בטעם שוקו וני</ItemName>
      <ManufacturerName>לא ידוע</ManufacturerName>
      <ManufactureCountry>לא ידוע</ManufactureCountry>
      <ManufacturerItemDescription>רוגעלך בטעם שוקו וני</ManufacturerItemDescription>
      <UnitQty>לא ידוע</UnitQty>
      <Quantity>400.00</Quantity>
      <UnitOfMeasure>לא ידוע</UnitOfMeasure>
      <bIsWeighted>0</bIsWeighted>
      <QtyInPackage>לא ידוע</QtyInPackage>
      <ItemPrice>14.50</ItemPrice>
      <UnitOfMeasurePrice>0.0363</UnitOfMeasurePrice>
      <AllowDiscount>1</AllowDiscount>
      <ItemStatus>1</ItemStatus>
      <ItemId>212761</ItemId>
    </Item>
    <Item>
      <PriceUpdateDate>2025-09-07 10:41:52</PriceUpdateDate>
      <ItemCode>7290108356113</ItemCode>
      <ItemType>1</ItemType>
      <ItemName>כיף תחליב רחצה דבש 7</ItemName>
      <ManufacturerName>קריות זול</ManufacturerName>
      <ManufactureCountry>לא ידוע</ManufactureCountry>
      <ManufacturerItemDescription>כיף תחליב רחצה דבש 7</ManufacturerItemDescription>
      <UnitQty>לא ידוע</UnitQty>
      <Quantity>700.00</Quantity>
      <UnitOfMeasure>לא ידוע</UnitOfMeasure>
      <bIsWeighted>0</bIsWeighted>
      <QtyInPackage>לא ידוע</QtyInPackage>
      <ItemPrice>13.90</ItemPrice>
      <UnitOfMeasurePrice>0.0199</UnitOfMeasurePrice>
      <AllowDiscount>1</AllowDiscount>
      <ItemStatus>1</ItemStatus>
      <ItemId>212763</ItemId>
    </Item>
    <Item>
      <PriceUpdateDate>2025-08-31 09:57:20</PriceUpdateDate>
      <ItemCode>7290017058573</ItemCode>
      <ItemType>1</ItemType>
      <ItemName>פרוסות פלפל חלפיניו</ItemName>
      <ManufacturerName>לא ידוע</ManufacturerName>
      <ManufactureCountry>לא ידוע</ManufactureCountry>
      <ManufacturerItemDescription>פרוסות פלפל חלפיניו</ManufacturerItemDescription>
      <UnitQty>לא ידוע</UnitQty>
      <Quantity>340.00</Quantity>
      <UnitOfMeasure>לא ידוע</UnitOfMeasure>
      <bIsWeighted>0</bIsWeighted>
      <QtyInPackage>לא ידוע</QtyInPackage>
      <ItemPrice>10.90</ItemPrice>
      <UnitOfMeasurePrice>0.0321</UnitOfMeasurePrice>
      <AllowDiscount>1</AllowDiscount>
      <ItemStatus>1</ItemStatus>
      <ItemId>212807</ItemId>
    </Item>
    <Item>
      <PriceUpdateDate>2025-12-17 12:34:48</PriceUpdateDate>
      <ItemCode>7290017094847</ItemCode>
      <ItemType>1</ItemType>
      <ItemName>סלט תפוחי אדמה 400 ג</ItemName>
      <ManufacturerName>לא ידוע</ManufacturerName>
      <ManufactureCountry>לא ידוע</ManufactureCountry>
      <ManufacturerItemDescription>סלט תפוחי אדמה 400 ג</ManufacturerItemDescription>
      <UnitQty>לא ידוע</UnitQty>
      <Quantity>400.00</Quantity>
      <UnitOfMeasure>לא ידוע</UnitOfMeasure>
      <bIsWeighted>0</bIsWeighted>
      <QtyInPackage>לא ידוע</QtyInPackage>
      <ItemPrice>11.90</ItemPrice>
      <UnitOfMeasurePrice>0.0298</UnitOfMeasurePrice>
      <AllowDiscount>1</AllowDiscount>
      <ItemStatus>1</ItemStatus>
      <ItemId>212865</ItemId>
    </Item>
    <Item>
      <PriceUpdateDate>2025-12-17 12:34:48</PriceUpdateDate>
      <ItemCode>7290017094861</ItemCode>
      <ItemType>1</ItemType>
      <ItemName>חומוס עם רוטב מסבחה</ItemName>
      <ManufacturerName>לא ידוע</ManufacturerName>
      <ManufactureCountry>לא ידוע</ManufactureCountry>
      <ManufacturerItemDescription>חומוס עם רוטב מסבחה</ManufacturerItemDescription>
      <UnitQty>לא ידוע</UnitQty>
      <Quantity>400.00</Quantity>
      <UnitOfMeasure>לא ידוע</UnitOfMeasure>
      <bIsWeighted>0</bIsWeighted>
      <QtyInPackage>לא ידוע</QtyInPackage>
      <ItemPrice>11.90</ItemPrice>
      <UnitOfMeasurePrice>0.0298</UnitOfMeasurePrice>
      <AllowDiscount>1</AllowDiscount>
      <ItemStatus>1</ItemStatus>
      <ItemId>212867</ItemId>
    </Item>
    <Item>
      <PriceUpdateDate>2025-08-26 16:04:58</PriceUpdateDate>
      <ItemCode>7290112961754</ItemCode>
      <ItemType>1</ItemType>
      <ItemName>עוגיות שוקוציפס קרם</ItemName>
      <ManufacturerName>קריות זול</ManufacturerName>
      <ManufactureCountry>לא ידוע</ManufactureCountry>
      <ManufacturerItemDescription>עוגיות שוקוציפס קרם</ManufacturerItemDescription>
      <UnitQty>לא ידוע</UnitQty>
      <Quantity>200.00</Quantity>
      <UnitOfMeasure>לא ידוע</UnitOfMeasure>
      <bIsWeighted>0</bIsWeighted>
      <QtyInPackage>לא ידוע</QtyInPackage>
      <ItemPrice>14.90</ItemPrice>
      <UnitOfMeasurePrice>0.0745</UnitOfMeasurePrice>
      <AllowDiscount>1</AllowDiscount>
      <ItemStatus>1</ItemStatus>
      <ItemId>212881</ItemId>
    </Item>
    <Item>
      <PriceUpdateDate>2025-09-08 07:54:26</PriceUpdateDate>
      <ItemCode>7290016580174</ItemCode>
      <ItemType>1</ItemType>
      <ItemName>צלחת 9 צבעוני לבן/ ק</ItemName>
      <ManufacturerName>לא ידוע</ManufacturerName>
      <ManufactureCountry>לא ידוע</ManufactureCountry>
      <ManufacturerItemDescription>צלחת 9 צבעוני לבן/ ק</ManufacturerItemDescription>
      <UnitQty>לא ידוע</UnitQty>
      <Quantity>100.00</Quantity>
      <UnitOfMeasure>לא ידוע</UnitOfMeasure>
      <bIsWeighted>0</bIsWeighted>
      <QtyInPackage>לא ידוע</QtyInPackage>
      <ItemPrice>22.90</ItemPrice>
      <UnitOfMeasurePrice>0.2290</UnitOfMeasurePrice>
      <AllowDiscount>1</AllowDiscount>
      <ItemStatus>1</ItemStatus>
      <ItemId>212885</ItemId>
    </Item>
    <Item>
      <PriceUpdateDate>2025-09-07 10:41:32</PriceUpdateDate>
      <ItemCode>7290108352900</ItemCode>
      <ItemType>1</ItemType>
      <ItemName>סנו סושי מגבות נייר</ItemName>
      <ManufacturerName>לא ידוע</ManufacturerName>
      <ManufactureCountry>לא ידוע</ManufactureCountry>
      <ManufacturerItemDescription>סנו סושי מגבות נייר</ManufacturerItemDescription>
      <UnitQty>יחידה   </UnitQty>
      <Quantity>0.00</Quantity>
      <UnitOfMeasure>יחידה   </UnitOfMeasure>
      <bIsWeighted>0</bIsWeighted>
      <QtyInPackage>לא ידוע</QtyInPackage>
      <ItemPrice>27.90</ItemPrice>
      <UnitOfMeasurePrice>0.0000</UnitOfMeasurePrice>
      <AllowDiscount>1</AllowDiscount>
      <ItemStatus>1</ItemStatus>
      <ItemId>230061</ItemId>
    </Item>
    <Item>
      <PriceUpdateDate>2025-08-20 09:03:21</PriceUpdateDate>
      <ItemCode>4009900531122</ItemCode>
      <ItemType>1</ItemType>
      <ItemName>אורביט פרופשיונל פפר</ItemName>
      <ManufacturerName>לא ידוע</ManufacturerName>
      <ManufactureCountry>לא ידוע</ManufactureCountry>
      <ManufacturerItemDescription>אורביט פרופשיונל פפר</ManufacturerItemDescription>
      <UnitQty>לא ידוע</UnitQty>
      <Quantity>64.00</Quantity>
      <UnitOfMeasure>לא ידוע</UnitOfMeasure>
      <bIsWeighted>0</bIsWeighted>
      <QtyInPackage>לא ידוע</QtyInPackage>
      <ItemPrice>14.90</ItemPrice>
      <UnitOfMeasurePrice>0.2328</UnitOfMeasurePrice>
      <AllowDiscount>1</AllowDiscount>
      <ItemStatus>1</ItemStatus>
      <ItemId>212920</ItemId>
    </Item>
    <Item>
      <PriceUpdateDate>2023-09-04 07:37:03</PriceUpdateDate>
      <ItemCode>7290016270709</ItemCode>
      <ItemType>1</ItemType>
      <ItemName>שרי אשכולות ארוז כ-4</ItemName>
      <ManufacturerName>לא ידוע</ManufacturerName>
      <ManufactureCountry>ישראל</ManufactureCountry>
      <ManufacturerItemDescription>שרי אשכולות ארוז כ-4</ManufacturerItemDescription>
      <UnitQty>יחידה   </UnitQty>
      <Quantity>0.00</Quantity>
      <UnitOfMeasure>יחידה   </UnitOfMeasure>
      <bIsWeighted>0</bIsWeighted>
      <QtyInPackage>לא ידוע</QtyInPackage>
      <ItemPrice>8.90</ItemPrice>
      <UnitOfMeasurePrice>0.0000</UnitOfMeasurePrice>
      <AllowDiscount>1</AllowDiscount>
      <ItemStatus>1</ItemStatus>
      <ItemId>212914</ItemId>
    </Item>
    <Item>
      <PriceUpdateDate>2025-08-31 10:12:33</PriceUpdateDate>
      <ItemCode>7290112338877</ItemCode>
      <ItemType>1</ItemType>
      <ItemName>סקי תות 3% דנונה 125</ItemName>
      <ManufacturerName>לא ידוע</ManufacturerName>
      <ManufactureCountry>לא ידוע</ManufactureCountry>
      <ManufacturerItemDescription>סקי תות 3% דנונה 125</ManufacturerItemDescription>
      <UnitQty>לא ידוע</UnitQty>
      <Quantity>125.00</Quantity>
      <UnitOfMeasure>לא ידוע</UnitOfMeasure>
      <bIsWeighted>0</bIsWeighted>
      <QtyInPackage>לא ידוע</QtyInPackage>
      <ItemPrice>4.90</ItemPrice>
      <UnitOfMeasurePrice>0.0392</UnitOfMeasurePrice>
      <AllowDiscount>1</AllowDiscount>
      <ItemStatus>1</ItemStatus>
      <ItemId>212943</ItemId>
    </Item>
    <Item>
      <PriceUpdateDate>2025-12-23 07:16:24</PriceUpdateDate>
      <ItemCode>7290112963529</ItemCode>
      <ItemType>1</ItemType>
      <ItemName>אקסטרים שוקו וניל פר</ItemName>
      <ManufacturerName>לא ידוע</ManufacturerName>
      <ManufactureCountry>לא ידוע</ManufactureCountry>
      <ManufacturerItemDescription>אקסטרים שוקו וניל פר</ManufacturerItemDescription>
      <UnitQty>לא ידוע</UnitQty>
      <Quantity>432.00</Quantity>
      <UnitOfMeasure>לא ידוע</UnitOfMeasure>
      <bIsWeighted>0</bIsWeighted>
      <QtyInPackage>לא ידוע</QtyInPackage>
      <ItemPrice>37.90</ItemPrice>
      <UnitOfMeasurePrice>0.0877</UnitOfMeasurePrice>
      <AllowDiscount>1</AllowDiscount>
      <ItemStatus>1</ItemStatus>
      <ItemId>212946</ItemId>
    </Item>
    <Item>
      <PriceUpdateDate>2025-08-31 09:22:41</PriceUpdateDate>
      <ItemCode>7290017812069</ItemCode>
      <ItemType>1</ItemType>
      <ItemName>יין אקסלנס ריזלינג-ש</ItemName>
      <ManufacturerName>לא ידוע</ManufacturerName>
      <ManufactureCountry>לא ידוע</ManufactureCountry>
      <ManufacturerItemDescription>יין אקסלנס ריזלינג-ש</ManufacturerItemDescription>
      <UnitQty>לא ידוע</UnitQty>
      <Quantity>750.00</Quantity>
      <UnitOfMeasure>לא ידוע</UnitOfMeasure>
      <bIsWeighted>0</bIsWeighted>
      <QtyInPackage>לא ידוע</QtyInPackage>
      <ItemPrice>31.90</ItemPrice>
      <UnitOfMeasurePrice>0.0425</UnitOfMeasurePrice>
      <AllowDiscount>1</AllowDiscount>
      <ItemStatus>1</ItemStatus>
      <ItemId>212966</ItemId>
    </Item>
    <Item>
      <PriceUpdateDate>2025-08-21 13:56:22</PriceUpdateDate>
      <ItemCode>8000500267103</ItemCode>
      <ItemType>1</ItemType>
      <ItemName>קינדר דליס עוגות ספו</ItemName>
      <ManufacturerName>לא ידוע</ManufacturerName>
      <ManufactureCountry>לא ידוע</ManufactureCountry>
      <ManufacturerItemDescription>קינדר דליס עוגות ספו</ManufacturerItemDescription>
      <UnitQty>לא ידוע</UnitQty>
      <Quantity>390.00</Quantity>
      <UnitOfMeasure>לא ידוע</UnitOfMeasure>
      <bIsWeighted>0</bIsWeighted>
      <QtyInPackage>לא ידוע</QtyInPackage>
      <ItemPrice>27.90</ItemPrice>
      <UnitOfMeasurePrice>0.0715</UnitOfMeasurePrice>
      <AllowDiscount>1</AllowDiscount>
      <ItemStatus>1</ItemStatus>
      <ItemId>212972</ItemId>
    </Item>
    <Item>
      <PriceUpdateDate>2025-08-19 08:30:11</PriceUpdateDate>
      <ItemCode>4810168000011</ItemCode>
      <ItemType>1</ItemType>
      <ItemName>פילה דג הרינג מלוח מ</ItemName>
      <ManufacturerName>לא ידוע</ManufacturerName>
      <ManufactureCountry>לא ידוע</ManufactureCountry>
      <ManufacturerItemDescription>פילה דג הרינג מלוח מ</ManufacturerItemDescription>
      <UnitQty>לא ידוע</UnitQty>
      <Quantity>250.00</Quantity>
      <UnitOfMeasure>לא ידוע</UnitOfMeasure>
      <bIsWeighted>0</bIsWeighted>
      <QtyInPackage>לא ידוע</QtyInPackage>
      <ItemPrice>18.90</ItemPrice>
      <UnitOfMeasurePrice>0.0756</UnitOfMeasurePrice>
      <AllowDiscount>1</AllowDiscount>
      <ItemStatus>1</ItemStatus>
      <ItemId>213013</ItemId>
    </Item>
    <Item>
      <PriceUpdateDate>2025-09-04 12:05:18</PriceUpdateDate>
      <ItemCode>7290111010156</ItemCode>
      <ItemType>1</ItemType>
      <ItemName>יין לוטן ריזלינג 750</ItemName>
      <ManufacturerName>פריטי המותג של יאיר</ManufacturerName>
      <ManufactureCountry>לא ידוע</ManufactureCountry>
      <ManufacturerItemDescription>יין לוטן ריזלינג 750</ManufacturerItemDescription>
      <UnitQty>לא ידוע</UnitQty>
      <Quantity>750.00</Quantity>
      <UnitOfMeasure>לא ידוע</UnitOfMeasure>
      <bIsWeighted>0</bIsWeighted>
      <QtyInPackage>לא ידוע</QtyInPackage>
      <ItemPrice>35.90</ItemPrice>
      <UnitOfMeasurePrice>0.0479</UnitOfMeasurePrice>
      <AllowDiscount>1</AllowDiscount>
      <ItemStatus>1</ItemStatus>
      <ItemId>213044</ItemId>
    </Item>
    <Item>
      <PriceUpdateDate>2025-08-31 10:12:25</PriceUpdateDate>
      <ItemCode>7290110564742</ItemCode>
      <ItemType>1</ItemType>
      <ItemName>משקה קפה קר בסיגנון</ItemName>
      <ManufacturerName>לא ידוע</ManufacturerName>
      <ManufactureCountry>לא ידוע</ManufactureCountry>
      <ManufacturerItemDescription>משקה קפה קר בסיגנון</ManufacturerItemDescription>
      <UnitQty>לא ידוע</UnitQty>
      <Quantity>230.00</Quantity>
      <UnitOfMeasure>לא ידוע</UnitOfMeasure>
      <bIsWeighted>0</bIsWeighted>
      <QtyInPackage>לא ידוע</QtyInPackage>
      <ItemPrice>9.70</ItemPrice>
      <UnitOfMeasurePrice>0.0422</UnitOfMeasurePrice>
      <AllowDiscount>1</AllowDiscount>
      <ItemStatus>1</ItemStatus>
      <ItemId>213120</ItemId>
    </Item>
    <Item>
      <PriceUpdateDate>2025-08-31 14:07:18</PriceUpdateDate>
      <ItemCode>8906012002426</ItemCode>
      <ItemType>1</ItemType>
      <ItemName>אורז בסמטי 1ק"ג פרימ</ItemName>
      <ManufacturerName>לא ידוע</ManufacturerName>
      <ManufactureCountry>לא ידוע</ManufactureCountry>
      <ManufacturerItemDescription>אורז בסמטי 1ק"ג פרימ</ManufacturerItemDescription>
      <UnitQty>לא ידוע</UnitQty>
      <Quantity>1000.00</Quantity>
      <UnitOfMeasure>לא ידוע</UnitOfMeasure>
      <bIsWeighted>0</bIsWeighted>
      <QtyInPackage>לא ידוע</QtyInPackage>
      <ItemPrice>11.90</ItemPrice>
      <UnitOfMeasurePrice>0.0119</UnitOfMeasurePrice>
      <AllowDiscount>1</AllowDiscount>
      <ItemStatus>1</ItemStatus>
      <ItemId>254627</ItemId>
    </Item>
    <Item>
      <PriceUpdateDate>2025-08-31 09:59:41</PriceUpdateDate>
      <ItemCode>7290019857129</ItemCode>
      <ItemType>1</ItemType>
      <ItemName>פרמיו דליקט קיטן סלמ</ItemName>
      <ManufacturerName>לא ידוע</ManufacturerName>
      <ManufactureCountry>לא ידוע</ManufactureCountry>
      <ManufacturerItemDescription>פרמיו דליקט קיטן סלמ</ManufacturerItemDescription>
      <UnitQty>לא ידוע</UnitQty>
      <Quantity>375.00</Quantity>
      <UnitOfMeasure>לא ידוע</UnitOfMeasure>
      <bIsWeighted>0</bIsWeighted>
      <QtyInPackage>לא ידוע</QtyInPackage>
      <ItemPrice>7.90</ItemPrice>
      <UnitOfMeasurePrice>0.0211</UnitOfMeasurePrice>
      <AllowDiscount>1</AllowDiscount>
      <ItemStatus>1</ItemStatus>
      <ItemId>254554</ItemId>
    </Item>
    <Item>
      <PriceUpdateDate>2025-04-20 08:42:35</PriceUpdateDate>
      <ItemCode>7613036710879</ItemCode>
      <ItemType>1</ItemType>
      <ItemName>קיט קט צ'אנקי מיני 1</ItemName>
      <ManufacturerName>לא ידוע</ManufacturerName>
      <ManufactureCountry>לא ידוע</ManufactureCountry>
      <ManufacturerItemDescription>קיט קט צ'אנקי מיני 1</ManufacturerItemDescription>
      <UnitQty>לא ידוע</UnitQty>
      <Quantity>194.00</Quantity>
      <UnitOfMeasure>לא ידוע</UnitOfMeasure>
      <bIsWeighted>0</bIsWeighted>
      <QtyInPackage>לא ידוע</QtyInPackage>
      <ItemPrice>16.90</ItemPrice>
      <UnitOfMeasurePrice>0.0871</UnitOfMeasurePrice>
      <AllowDiscount>1</AllowDiscount>
      <ItemStatus>1</ItemStatus>
      <ItemId>213135</ItemId>
    </Item>
    <Item>
      <PriceUpdateDate>2025-08-22 11:39:37</PriceUpdateDate>
      <ItemCode>7290013269751</ItemCode>
      <ItemType>1</ItemType>
      <ItemName>ריצפז פרש הום מטליות</ItemName>
      <ManufacturerName>לא ידוע</ManufacturerName>
      <ManufactureCountry>לא ידוע</ManufactureCountry>
      <ManufacturerItemDescription>ריצפז פרש הום מטליות</ManufacturerItemDescription>
      <UnitQty>לא ידוע</UnitQty>
      <Quantity>10.00</Quantity>
      <UnitOfMeasure>לא ידוע</UnitOfMeasure>
      <bIsWeighted>0</bIsWeighted>
      <QtyInPackage>לא ידוע</QtyInPackage>
      <ItemPrice>15.90</ItemPrice>
      <UnitOfMeasurePrice>1.5900</UnitOfMeasurePrice>
      <AllowDiscount>1</AllowDiscount>
      <ItemStatus>1</ItemStatus>
      <ItemId>213150</ItemId>
    </Item>
    <Item>
      <PriceUpdateDate>2025-09-07 10:41:51</PriceUpdateDate>
      <ItemCode>7290108356021</ItemCode>
      <ItemType>1</ItemType>
      <ItemName>כיף תחליב רחצה בניחו</ItemName>
      <ManufacturerName>לא ידוע</ManufacturerName>
      <ManufactureCountry>לא ידוע</ManufactureCountry>
      <ManufacturerItemDescription>כיף תחליב רחצה בניחו</ManufacturerItemDescription>
      <UnitQty>לא ידוע</UnitQty>
      <Quantity>700.00</Quantity>
      <UnitOfMeasure>לא ידוע</UnitOfMeasure>
      <bIsWeighted>0</bIsWeighted>
      <QtyInPackage>לא ידוע</QtyInPackage>
      <ItemPrice>13.90</ItemPrice>
      <UnitOfMeasurePrice>0.0199</UnitOfMeasurePrice>
      <AllowDiscount>1</AllowDiscount>
      <ItemStatus>1</ItemStatus>
      <ItemId>213155</ItemId>
    </Item>
    <Item>
      <PriceUpdateDate>2025-08-26 11:20:55</PriceUpdateDate>
      <ItemCode>7290110323301</ItemCode>
      <ItemType>1</ItemType>
      <ItemName>גבינת טל עמק 32% שומ</ItemName>
      <ManufacturerName>לא ידוע</ManufacturerName>
      <ManufactureCountry>ישראל</ManufactureCountry>
      <ManufacturerItemDescription>גבינת טל עמק 32% שומ</ManufacturerItemDescription>
      <UnitQty>לא ידוע</UnitQty>
      <Quantity>200.00</Quantity>
      <UnitOfMeasure>לא ידוע</UnitOfMeasure>
      <bIsWeighted>0</bIsWeighted>
      <QtyInPackage>לא ידוע</QtyInPackage>
      <ItemPrice>24.90</ItemPrice>
      <UnitOfMeasurePrice>0.1245</UnitOfMeasurePrice>
      <AllowDiscount>1</AllowDiscount>
      <ItemStatus>1</ItemStatus>
      <ItemId>213170</ItemId>
    </Item>
    <Item>
      <PriceUpdateDate>2025-08-26 16:04:57</PriceUpdateDate>
      <ItemCode>7290112961372</ItemCode>
      <ItemType>1</ItemType>
      <ItemName>פיטנס חטיפי פריכיות</ItemName>
      <ManufacturerName>לא ידוע</ManufacturerName>
      <ManufactureCountry>לא ידוע</ManufactureCountry>
      <ManufacturerItemDescription>פיטנס חטיפי פריכיות</ManufacturerItemDescription>
      <UnitQty>לא ידוע</UnitQty>
      <Quantity>60.00</Quantity>
      <UnitOfMeasure>לא ידוע</UnitOfMeasure>
      <bIsWeighted>0</bIsWeighted>
      <QtyInPackage>לא ידוע</QtyInPackage>
      <ItemPrice>11.90</ItemPrice>
      <UnitOfMeasurePrice>0.1983</UnitOfMeasurePrice>
      <AllowDiscount>1</AllowDiscount>
      <ItemStatus>1</ItemStatus>
      <ItemId>213220</ItemId>
    </Item>
    <Item>
      <PriceUpdateDate>2025-08-26 16:04:58</PriceUpdateDate>
      <ItemCode>7290112961464</ItemCode>
      <ItemType>1</ItemType>
      <ItemName>פיטנס חטיפי פריכיות</ItemName>
      <ManufacturerName>לא ידוע</ManufacturerName>
      <ManufactureCountry>לא ידוע</ManufactureCountry>
      <ManufacturerItemDescription>פיטנס חטיפי פריכיות</ManufacturerItemDescription>
      <UnitQty>לא ידוע</UnitQty>
      <Quantity>60.00</Quantity>
      <UnitOfMeasure>לא ידוע</UnitOfMeasure>
      <bIsWeighted>0</bIsWeighted>
      <QtyInPackage>לא ידוע</QtyInPackage>
      <ItemPrice>11.90</ItemPrice>
      <UnitOfMeasurePrice>0.1983</UnitOfMeasurePrice>
      <AllowDiscount>1</AllowDiscount>
      <ItemStatus>1</ItemStatus>
      <ItemId>213221</ItemId>
    </Item>
    <Item>
      <PriceUpdateDate>2025-09-08 07:54:20</PriceUpdateDate>
      <ItemCode>7290015528696</ItemCode>
      <ItemType>1</ItemType>
      <ItemName>כוס נייר OZ16 אר'50</ItemName>
      <ManufacturerName>לא ידוע</ManufacturerName>
      <ManufactureCountry>לא ידוע</ManufactureCountry>
      <ManufacturerItemDescription>כוס נייר OZ16 אר'50</ManufacturerItemDescription>
      <UnitQty>יחידה   </UnitQty>
      <Quantity>0.00</Quantity>
      <UnitOfMeasure>יחידה   </UnitOfMeasure>
      <bIsWeighted>0</bIsWeighted>
      <QtyInPackage>לא ידוע</QtyInPackage>
      <ItemPrice>20.90</ItemPrice>
      <UnitOfMeasurePrice>0.0000</UnitOfMeasurePrice>
      <AllowDiscount>1</AllowDiscount>
      <ItemStatus>1</ItemStatus>
      <ItemId>213227</ItemId>
    </Item>
    <Item>
      <PriceUpdateDate>2025-08-18 09:15:39</PriceUpdateDate>
      <ItemCode>7290000363486</ItemCode>
      <ItemType>1</ItemType>
      <ItemName>נקניק תה טירת צבי</ItemName>
      <ManufacturerName>לא ידוע</ManufacturerName>
      <ManufactureCountry>לא ידוע</ManufactureCountry>
      <ManufacturerItemDescription>נקניק תה טירת צבי</ManufacturerItemDescription>
      <UnitQty>קילוגרמים</UnitQty>
      <Quantity>1.00</Quantity>
      <UnitOfMeasure>ק"ג</UnitOfMeasure>
      <bIsWeighted>1</bIsWeighted>
      <QtyInPackage>לא ידוע</QtyInPackage>
      <ItemPrice>74.90</ItemPrice>
      <UnitOfMeasurePrice>74.9000</UnitOfMeasurePrice>
      <AllowDiscount>1</AllowDiscount>
      <ItemStatus>1</ItemStatus>
      <ItemId>213258</ItemId>
    </Item>
    <Item>
      <PriceUpdateDate>2025-08-18 09:15:39</PriceUpdateDate>
      <ItemCode>7290000363011</ItemCode>
      <ItemType>1</ItemType>
      <ItemName>סלמי קוניאק טירת צבי</ItemName>
      <ManufacturerName>לא ידוע</ManufacturerName>
      <ManufactureCountry>לא ידוע</ManufactureCountry>
      <ManufacturerItemDescription>סלמי קוניאק טירת צבי</ManufacturerItemDescription>
      <UnitQty>קילוגרמים</UnitQty>
      <Quantity>1.00</Quantity>
      <UnitOfMeasure>ק"ג</UnitOfMeasure>
      <bIsWeighted>1</bIsWeighted>
      <QtyInPackage>לא ידוע</QtyInPackage>
      <ItemPrice>123.00</ItemPrice>
      <UnitOfMeasurePrice>123.0000</UnitOfMeasurePrice>
      <AllowDiscount>1</AllowDiscount>
      <ItemStatus>1</ItemStatus>
      <ItemId>213263</ItemId>
    </Item>
    <Item>
      <PriceUpdateDate>2025-08-31 08:47:46</PriceUpdateDate>
      <ItemCode>7290002317289</ItemCode>
      <ItemType>1</ItemType>
      <ItemName>2A חצילים</ItemName>
      <ManufacturerName>לא ידוע</ManufacturerName>
      <ManufactureCountry>לא ידוע</ManufactureCountry>
      <ManufacturerItemDescription>2A חצילים</ManufacturerItemDescription>
      <UnitQty>לא ידוע</UnitQty>
      <Quantity>560.00</Quantity>
      <UnitOfMeasure>לא ידוע</UnitOfMeasure>
      <bIsWeighted>0</bIsWeighted>
      <QtyInPackage>לא ידוע</QtyInPackage>
      <ItemPrice>12.50</ItemPrice>
      <UnitOfMeasurePrice>0.0223</UnitOfMeasurePrice>
      <AllowDiscount>1</AllowDiscount>
      <ItemStatus>1</ItemStatus>
      <ItemId>219639</ItemId>
    </Item>
    <Item>
      <PriceUpdateDate>2025-08-18 09:15:41</PriceUpdateDate>
      <ItemCode>7290000365954</ItemCode>
      <ItemType>1</ItemType>
      <ItemName>פסטרמה הודו גחלים טי</ItemName>
      <ManufacturerName>לא ידוע</ManufacturerName>
      <ManufactureCountry>לא ידוע</ManufactureCountry>
      <ManufacturerItemDescription>פסטרמה הודו גחלים טי</ManufacturerItemDescription>
      <UnitQty>קילוגרמים</UnitQty>
      <Quantity>1.00</Quantity>
      <UnitOfMeasure>ק"ג</UnitOfMeasure>
      <bIsWeighted>1</bIsWeighted>
      <QtyInPackage>לא ידוע</QtyInPackage>
      <ItemPrice>114.00</ItemPrice>
      <UnitOfMeasurePrice>114.0000</UnitOfMeasurePrice>
      <AllowDiscount>1</AllowDiscount>
      <ItemStatus>1</ItemStatus>
      <ItemId>213268</ItemId>
    </Item>
    <Item>
      <PriceUpdateDate>2024-08-11 09:15:08</PriceUpdateDate>
      <ItemCode>18389638</ItemCode>
      <ItemType>1</ItemType>
      <ItemName>סינטה טרי</ItemName>
      <ManufacturerName>לא ידוע</ManufacturerName>
      <ManufactureCountry>לא ידוע</ManufactureCountry>
      <ManufacturerItemDescription>סינטה טרי</ManufacturerItemDescription>
      <UnitQty>קילוגרמים</UnitQty>
      <Quantity>1.00</Quantity>
      <UnitOfMeasure>ק"ג</UnitOfMeasure>
      <bIsWeighted>1</bIsWeighted>
      <QtyInPackage>לא ידוע</QtyInPackage>
      <ItemPrice>159.00</ItemPrice>
      <UnitOfMeasurePrice>159.0000</UnitOfMeasurePrice>
      <AllowDiscount>1</AllowDiscount>
      <ItemStatus>1</ItemStatus>
      <ItemId>234348</ItemId>
    </Item>
    <Item>
      <PriceUpdateDate>2025-08-18 09:15:41</PriceUpdateDate>
      <ItemCode>7290002371571</ItemCode>
      <ItemType>1</ItemType>
      <ItemName>פסטרמה פרגיות לבגט ט</ItemName>
      <ManufacturerName>לא ידוע</ManufacturerName>
      <ManufactureCountry>לא ידוע</ManufactureCountry>
      <ManufacturerItemDescription>פסטרמה פרגיות לבגט ט</ManufacturerItemDescription>
      <UnitQty>קילוגרמים</UnitQty>
      <Quantity>1.00</Quantity>
      <UnitOfMeasure>ק"ג</UnitOfMeasure>
      <bIsWeighted>1</bIsWeighted>
      <QtyInPackage>לא ידוע</QtyInPackage>
      <ItemPrice>114.00</ItemPrice>
      <UnitOfMeasurePrice>114.0000</UnitOfMeasurePrice>
      <AllowDiscount>1</AllowDiscount>
      <ItemStatus>1</ItemStatus>
      <ItemId>213269</ItemId>
    </Item>
    <Item>
      <PriceUpdateDate>2025-09-05 13:22:01</PriceUpdateDate>
      <ItemCode>7290103700072</ItemCode>
      <ItemType>1</ItemType>
      <ItemName>טאצ' מטליות זיג זג ל</ItemName>
      <ManufacturerName>לא ידוע</ManufacturerName>
      <ManufactureCountry>לא ידוע</ManufactureCountry>
      <ManufacturerItemDescription>טאצ' מטליות זיג זג ל</ManufacturerItemDescription>
      <UnitQty>יחידה   </UnitQty>
      <Quantity>0.00</Quantity>
      <UnitOfMeasure>יחידה   </UnitOfMeasure>
      <bIsWeighted>0</bIsWeighted>
      <QtyInPackage>לא ידוע</QtyInPackage>
      <ItemPrice>10.90</ItemPrice>
      <UnitOfMeasurePrice>0.0000</UnitOfMeasurePrice>
      <AllowDiscount>1</AllowDiscount>
      <ItemStatus>1</ItemStatus>
      <ItemId>213271</ItemId>
    </Item>
    <Item>
      <PriceUpdateDate>2025-08-21 10:18:28</PriceUpdateDate>
      <ItemCode>7290006376626</ItemCode>
      <ItemType>1</ItemType>
      <ItemName>אבקת סוכר פרימיום 10</ItemName>
      <ManufacturerName>לא ידוע</ManufacturerName>
      <ManufactureCountry>לא ידוע</ManufactureCountry>
      <ManufacturerItemDescription>אבקת סוכר פרימיום 10</ManufacturerItemDescription>
      <UnitQty>לא ידוע</UnitQty>
      <Quantity>100.00</Quantity>
      <UnitOfMeasure>לא ידוע</UnitOfMeasure>
      <bIsWeighted>0</bIsWeighted>
      <QtyInPackage>לא ידוע</QtyInPackage>
      <ItemPrice>3.50</ItemPrice>
      <UnitOfMeasurePrice>0.0350</UnitOfMeasurePrice>
      <AllowDiscount>1</AllowDiscount>
      <ItemStatus>1</ItemStatus>
      <ItemId>213293</ItemId>
    </Item>
    <Item>
      <PriceUpdateDate>2025-09-03 11:27:30</PriceUpdateDate>
      <ItemCode>7290112491701</ItemCode>
      <ItemType>1</ItemType>
      <ItemName>ברנפלקס חלבון בד"ץ 3</ItemName>
      <ManufacturerName>לא ידוע</ManufacturerName>
      <ManufactureCountry>לא ידוע</ManufactureCountry>
      <ManufacturerItemDescription>ברנפלקס חלבון בד"ץ 3</ManufacturerItemDescription>
      <UnitQty>לא ידוע</UnitQty>
      <Quantity>375.00</Quantity>
      <UnitOfMeasure>לא ידוע</UnitOfMeasure>
      <bIsWeighted>0</bIsWeighted>
      <QtyInPackage>לא ידוע</QtyInPackage>
      <ItemPrice>42.90</ItemPrice>
      <UnitOfMeasurePrice>0.1144</UnitOfMeasurePrice>
      <AllowDiscount>1</AllowDiscount>
      <ItemStatus>1</ItemStatus>
      <ItemId>213348</ItemId>
    </Item>
    <Item>
      <PriceUpdateDate>2025-08-26 11:20:58</PriceUpdateDate>
      <ItemCode>7290110324070</ItemCode>
      <ItemType>1</ItemType>
      <ItemName>גבינת חלומי מחלב בקר</ItemName>
      <ManufacturerName>לא ידוע</ManufacturerName>
      <ManufactureCountry>לא ידוע</ManufactureCountry>
      <ManufacturerItemDescription>גבינת חלומי מחלב בקר</ManufacturerItemDescription>
      <UnitQty>לא ידוע</UnitQty>
      <Quantity>200.00</Quantity>
      <UnitOfMeasure>לא ידוע</UnitOfMeasure>
      <bIsWeighted>0</bIsWeighted>
      <QtyInPackage>לא ידוע</QtyInPackage>
      <ItemPrice>26.20</ItemPrice>
      <UnitOfMeasurePrice>0.1310</UnitOfMeasurePrice>
      <AllowDiscount>1</AllowDiscount>
      <ItemStatus>1</ItemStatus>
      <ItemId>213367</ItemId>
    </Item>
    <Item>
      <PriceUpdateDate>2025-08-26 16:06:12</PriceUpdateDate>
      <ItemCode>7613032045753</ItemCode>
      <ItemType>1</ItemType>
      <ItemName>פיטנס שוקולד 375 גרם</ItemName>
      <ManufacturerName>לא ידוע</ManufacturerName>
      <ManufactureCountry>לא ידוע</ManufactureCountry>
      <ManufacturerItemDescription>פיטנס שוקולד 375 גרם</ManufacturerItemDescription>
      <UnitQty>לא ידוע</UnitQty>
      <Quantity>375.00</Quantity>
      <UnitOfMeasure>לא ידוע</UnitOfMeasure>
      <bIsWeighted>0</bIsWeighted>
      <QtyInPackage>לא ידוע</QtyInPackage>
      <ItemPrice>27.90</ItemPrice>
      <UnitOfMeasurePrice>0.0744</UnitOfMeasurePrice>
      <AllowDiscount>1</AllowDiscount>
      <ItemStatus>1</ItemStatus>
      <ItemId>213382</ItemId>
    </Item>
    <Item>
      <PriceUpdateDate>2025-08-21 12:21:52</PriceUpdateDate>
      <ItemCode>7290103681227</ItemCode>
      <ItemType>1</ItemType>
      <ItemName>יין תבור גוורצטרמינר</ItemName>
      <ManufacturerName>לא ידוע</ManufacturerName>
      <ManufactureCountry>לא ידוע</ManufactureCountry>
      <ManufacturerItemDescription>יין תבור גוורצטרמינר</ManufacturerItemDescription>
      <UnitQty>לא ידוע</UnitQty>
      <Quantity>750.00</Quantity>
      <UnitOfMeasure>לא ידוע</UnitOfMeasure>
      <bIsWeighted>0</bIsWeighted>
      <QtyInPackage>לא ידוע</QtyInPackage>
      <ItemPrice>40.90</ItemPrice>
      <UnitOfMeasurePrice>0.0545</UnitOfMeasurePrice>
      <AllowDiscount>1</AllowDiscount>
      <ItemStatus>1</ItemStatus>
      <ItemId>213390</ItemId>
    </Item>
    <Item>
      <PriceUpdateDate>2025-04-20 08:20:28</PriceUpdateDate>
      <ItemCode>4823077623684</ItemCode>
      <ItemType>1</ItemType>
      <ItemName>סוכריות טיפת חלב 150</ItemName>
      <ManufacturerName>לא ידוע</ManufacturerName>
      <ManufactureCountry>לא ידוע</ManufactureCountry>
      <ManufacturerItemDescription>סוכריות טיפת חלב 150</ManufacturerItemDescription>
      <UnitQty>לא ידוע</UnitQty>
      <Quantity>150.00</Quantity>
      <UnitOfMeasure>לא ידוע</UnitOfMeasure>
      <bIsWeighted>0</bIsWeighted>
      <QtyInPackage>לא ידוע</QtyInPackage>
      <ItemPrice>9.90</ItemPrice>
      <UnitOfMeasurePrice>0.0660</UnitOfMeasurePrice>
      <AllowDiscount>1</AllowDiscount>
      <ItemStatus>1</ItemStatus>
      <ItemId>213394</ItemId>
    </Item>
    <Item>
      <PriceUpdateDate>2025-08-20 08:16:04</PriceUpdateDate>
      <ItemCode>7290111010200</ItemCode>
      <ItemType>1</ItemType>
      <ItemName>שקית אל בד ממותגת</ItemName>
      <ManufacturerName>לא ידוע</ManufacturerName>
      <ManufactureCountry>לא ידוע</ManufactureCountry>
      <ManufacturerItemDescription>שקית אל בד ממותגת</ManufacturerItemDescription>
      <UnitQty>יחידה   </UnitQty>
      <Quantity>0.00</Quantity>
      <UnitOfMeasure>יחידה   </UnitOfMeasure>
      <bIsWeighted>0</bIsWeighted>
      <QtyInPackage>לא ידוע</QtyInPackage>
      <ItemPrice>5.50</ItemPrice>
      <UnitOfMeasurePrice>0.0000</UnitOfMeasurePrice>
      <AllowDiscount>1</AllowDiscount>
      <ItemStatus>1</ItemStatus>
      <ItemId>213439</ItemId>
    </Item>
    <Item>
      <PriceUpdateDate>2025-08-20 09:03:20</PriceUpdateDate>
      <ItemCode>4009900483803</ItemCode>
      <ItemType>1</ItemType>
      <ItemName>אירוובס בקבוק מנטה א</ItemName>
      <ManufacturerName>לא ידוע</ManufacturerName>
      <ManufactureCountry>לא ידוע</ManufactureCountry>
      <ManufacturerItemDescription>אירוובס בקבוק מנטה א</ManufacturerItemDescription>
      <UnitQty>יחידה   </UnitQty>
      <Quantity>0.00</Quantity>
      <UnitOfMeasure>יחידה   </UnitOfMeasure>
      <bIsWeighted>0</bIsWeighted>
      <QtyInPackage>לא ידוע</QtyInPackage>
      <ItemPrice>16.90</ItemPrice>
      <UnitOfMeasurePrice>0.0000</UnitOfMeasurePrice>
      <AllowDiscount>1</AllowDiscount>
      <ItemStatus>1</ItemStatus>
      <ItemId>213449</ItemId>
    </Item>
    <Item>
      <PriceUpdateDate>2025-09-28 12:20:20</PriceUpdateDate>
      <ItemCode>7290111348181</ItemCode>
      <ItemType>1</ItemType>
      <ItemName>דיפנד תחבושת לנשים ל</ItemName>
      <ManufacturerName>לא ידוע</ManufacturerName>
      <ManufactureCountry>לא ידוע</ManufactureCountry>
      <ManufacturerItemDescription>דיפנד תחבושת לנשים ל</ManufacturerItemDescription>
      <UnitQty>יחידה   </UnitQty>
      <Quantity>0.00</Quantity>
      <UnitOfMeasure>יחידה   </UnitOfMeasure>
      <bIsWeighted>0</bIsWeighted>
      <QtyInPackage>לא ידוע</QtyInPackage>
      <ItemPrice>22.90</ItemPrice>
      <UnitOfMeasurePrice>0.0000</UnitOfMeasurePrice>
      <AllowDiscount>1</AllowDiscount>
      <ItemStatus>1</ItemStatus>
      <ItemId>256026</ItemId>
    </Item>
    <Item>
      <PriceUpdateDate>2025-09-07 08:05:32</PriceUpdateDate>
      <ItemCode>7290113190450</ItemCode>
      <ItemType>1</ItemType>
      <ItemName>ממרח תמרים 450 גרם ש</ItemName>
      <ManufacturerName>לא ידוע</ManufacturerName>
      <ManufactureCountry>לא ידוע</ManufactureCountry>
      <ManufacturerItemDescription>ממרח תמרים 450 גרם ש</ManufacturerItemDescription>
      <UnitQty>לא ידוע</UnitQty>
      <Quantity>450.00</Quantity>
      <UnitOfMeasure>לא ידוע</UnitOfMeasure>
      <bIsWeighted>0</bIsWeighted>
      <QtyInPackage>לא ידוע</QtyInPackage>
      <ItemPrice>7.50</ItemPrice>
      <UnitOfMeasurePrice>0.0167</UnitOfMeasurePrice>
      <AllowDiscount>1</AllowDiscount>
      <ItemStatus>1</ItemStatus>
      <ItemId>213458</ItemId>
    </Item>
    <Item>
      <PriceUpdateDate>2025-08-31 10:12:32</PriceUpdateDate>
      <ItemCode>7290112336712</ItemCode>
      <ItemType>1</ItemType>
      <ItemName>דנונה פרו 21 גרם 0%</ItemName>
      <ManufacturerName>לא ידוע</ManufacturerName>
      <ManufactureCountry>לא ידוע</ManufactureCountry>
      <ManufacturerItemDescription>דנונה פרו 21 גרם 0%</ManufacturerItemDescription>
      <UnitQty>לא ידוע</UnitQty>
      <Quantity>200.00</Quantity>
      <UnitOfMeasure>לא ידוע</UnitOfMeasure>
      <bIsWeighted>0</bIsWeighted>
      <QtyInPackage>לא ידוע</QtyInPackage>
      <ItemPrice>7.00</ItemPrice>
      <UnitOfMeasurePrice>0.0350</UnitOfMeasurePrice>
      <AllowDiscount>1</AllowDiscount>
      <ItemStatus>1</ItemStatus>
      <ItemId>213468</ItemId>
    </Item>
    <Item>
      <PriceUpdateDate>2025-08-31 10:12:24</PriceUpdateDate>
      <ItemCode>7290110563462</ItemCode>
      <ItemType>1</ItemType>
      <ItemName>חלב 2% בבקבוק נטול ל</ItemName>
      <ManufacturerName>לא ידוע</ManufacturerName>
      <ManufactureCountry>לא ידוע</ManufactureCountry>
      <ManufacturerItemDescription>חלב 2% בבקבוק נטול ל</ManufacturerItemDescription>
      <UnitQty>לא ידוע</UnitQty>
      <Quantity>1000.00</Quantity>
      <UnitOfMeasure>לא ידוע</UnitOfMeasure>
      <bIsWeighted>0</bIsWeighted>
      <QtyInPackage>לא ידוע</QtyInPackage>
      <ItemPrice>11.90</ItemPrice>
      <UnitOfMeasurePrice>0.0119</UnitOfMeasurePrice>
      <AllowDiscount>1</AllowDiscount>
      <ItemStatus>1</ItemStatus>
      <ItemId>213469</ItemId>
    </Item>
    <Item>
      <PriceUpdateDate>2025-08-19 11:29:15</PriceUpdateDate>
      <ItemCode>7290014218932</ItemCode>
      <ItemType>1</ItemType>
      <ItemName>חטיפי פיצה בתוספת זי</ItemName>
      <ManufacturerName>קריות זול</ManufacturerName>
      <ManufactureCountry>לא ידוע</ManufactureCountry>
      <ManufacturerItemDescription>חטיפי פיצה בתוספת זי</ManufacturerItemDescription>
      <UnitQty>לא ידוע</UnitQty>
      <Quantity>710.00</Quantity>
      <UnitOfMeasure>לא ידוע</UnitOfMeasure>
      <bIsWeighted>0</bIsWeighted>
      <QtyInPackage>לא ידוע</QtyInPackage>
      <ItemPrice>37.90</ItemPrice>
      <UnitOfMeasurePrice>0.0534</UnitOfMeasurePrice>
      <AllowDiscount>1</AllowDiscount>
      <ItemStatus>1</ItemStatus>
      <ItemId>213519</ItemId>
    </Item>
    <Item>
      <PriceUpdateDate>2025-09-07 08:42:00</PriceUpdateDate>
      <ItemCode>7290015603560</ItemCode>
      <ItemType>1</ItemType>
      <ItemName>קרם קוקוס 20-22% 400</ItemName>
      <ManufacturerName>לא ידוע</ManufacturerName>
      <ManufactureCountry>לא ידוע</ManufactureCountry>
      <ManufacturerItemDescription>קרם קוקוס 20-22% 400</ManufacturerItemDescription>
      <UnitQty>לא ידוע</UnitQty>
      <Quantity>400.00</Quantity>
      <UnitOfMeasure>לא ידוע</UnitOfMeasure>
      <bIsWeighted>0</bIsWeighted>
      <QtyInPackage>לא ידוע</QtyInPackage>
      <ItemPrice>11.90</ItemPrice>
      <UnitOfMeasurePrice>0.0298</UnitOfMeasurePrice>
      <AllowDiscount>1</AllowDiscount>
      <ItemStatus>1</ItemStatus>
      <ItemId>213629</ItemId>
    </Item>
    <Item>
      <PriceUpdateDate>2025-08-31 10:12:31</PriceUpdateDate>
      <ItemCode>7290112330390</ItemCode>
      <ItemType>1</ItemType>
      <ItemName>דנונה פרו 20 גרם פיר</ItemName>
      <ManufacturerName>לא ידוע</ManufacturerName>
      <ManufactureCountry>לא ידוע</ManufactureCountry>
      <ManufacturerItemDescription>דנונה פרו 20 גרם פיר</ManufacturerItemDescription>
      <UnitQty>לא ידוע</UnitQty>
      <Quantity>200.00</Quantity>
      <UnitOfMeasure>לא ידוע</UnitOfMeasure>
      <bIsWeighted>0</bIsWeighted>
      <QtyInPackage>לא ידוע</QtyInPackage>
      <ItemPrice>7.00</ItemPrice>
      <UnitOfMeasurePrice>0.0350</UnitOfMeasurePrice>
      <AllowDiscount>1</AllowDiscount>
      <ItemStatus>1</ItemStatus>
      <ItemId>213682</ItemId>
    </Item>
    <Item>
      <PriceUpdateDate>2019-05-02 15:12:37</PriceUpdateDate>
      <ItemCode>7290014581173</ItemCode>
      <ItemType>1</ItemType>
      <ItemName>רשת כבד-בינוני</ItemName>
      <ManufacturerName>לא ידוע</ManufacturerName>
      <ManufactureCountry>לא ידוע</ManufactureCountry>
      <ManufacturerItemDescription>רשת כבד-בינוני</ManufacturerItemDescription>
      <UnitQty>יחידה   </UnitQty>
      <Quantity>0.00</Quantity>
      <UnitOfMeasure>יחידה   </UnitOfMeasure>
      <bIsWeighted>0</bIsWeighted>
      <QtyInPackage>לא ידוע</QtyInPackage>
      <ItemPrice>14.90</ItemPrice>
      <UnitOfMeasurePrice>0.0000</UnitOfMeasurePrice>
      <AllowDiscount>1</AllowDiscount>
      <ItemStatus>1</ItemStatus>
      <ItemId>213713</ItemId>
    </Item>
    <Item>
      <PriceUpdateDate>2025-08-20 16:33:11</PriceUpdateDate>
      <ItemCode>50000543533</ItemCode>
      <ItemType>1</ItemType>
      <ItemName>פריסקיז פטה סלמון 15</ItemName>
      <ManufacturerName>לא ידוע</ManufacturerName>
      <ManufactureCountry>לא ידוע</ManufactureCountry>
      <ManufacturerItemDescription>פריסקיז פטה סלמון 15</ManufacturerItemDescription>
      <UnitQty>לא ידוע</UnitQty>
      <Quantity>156.00</Quantity>
      <UnitOfMeasure>לא ידוע</UnitOfMeasure>
      <bIsWeighted>0</bIsWeighted>
      <QtyInPackage>לא ידוע</QtyInPackage>
      <ItemPrice>7.90</ItemPrice>
      <UnitOfMeasurePrice>0.0506</UnitOfMeasurePrice>
      <AllowDiscount>1</AllowDiscount>
      <ItemStatus>1</ItemStatus>
      <ItemId>247537</ItemId>
    </Item>
    <Item>
      <PriceUpdateDate>2020-01-30 13:21:28</PriceUpdateDate>
      <ItemCode>7290015855358</ItemCode>
      <ItemType>1</ItemType>
      <ItemName>בצלצלי שאלוט</ItemName>
      <ManufacturerName>לא ידוע</ManufacturerName>
      <ManufactureCountry>ישראל</ManufactureCountry>
      <ManufacturerItemDescription>בצלצלי שאלוט</ManufacturerItemDescription>
      <UnitQty>יחידה   </UnitQty>
      <Quantity>0.00</Quantity>
      <UnitOfMeasure>יחידה   </UnitOfMeasure>
      <bIsWeighted>0</bIsWeighted>
      <QtyInPackage>לא ידוע</QtyInPackage>
      <ItemPrice>9.90</ItemPrice>
      <UnitOfMeasurePrice>0.0000</UnitOfMeasurePrice>
      <AllowDiscount>1</AllowDiscount>
      <ItemStatus>1</ItemStatus>
      <ItemId>213730</ItemId>
    </Item>
    <Item>
      <PriceUpdateDate>2025-08-28 15:05:19</PriceUpdateDate>
      <ItemCode>7290108357608</ItemCode>
      <ItemType>1</ItemType>
      <ItemName>קרמה קרם גוף עשיר מל</ItemName>
      <ManufacturerName>לא ידוע</ManufacturerName>
      <ManufactureCountry>לא ידוע</ManufactureCountry>
      <ManufacturerItemDescription>קרמה קרם גוף עשיר מל</ManufacturerItemDescription>
      <UnitQty>לא ידוע</UnitQty>
      <Quantity>500.00</Quantity>
      <UnitOfMeasure>לא ידוע</UnitOfMeasure>
      <bIsWeighted>0</bIsWeighted>
      <QtyInPackage>לא ידוע</QtyInPackage>
      <ItemPrice>27.90</ItemPrice>
      <UnitOfMeasurePrice>0.0558</UnitOfMeasurePrice>
      <AllowDiscount>1</AllowDiscount>
      <ItemStatus>1</ItemStatus>
      <ItemId>255780</ItemId>
    </Item>
    <Item>
      <PriceUpdateDate>2025-09-07 08:05:42</PriceUpdateDate>
      <ItemCode>7290113196414</ItemCode>
      <ItemType>1</ItemType>
      <ItemName>אורז בסמטי 1 ק"ג שקד</ItemName>
      <ManufacturerName>קריות זול</ManufacturerName>
      <ManufactureCountry>לא ידוע</ManufactureCountry>
      <ManufacturerItemDescription>אורז בסמטי 1 ק"ג שקד</ManufacturerItemDescription>
      <UnitQty>לא ידוע</UnitQty>
      <Quantity>1000.00</Quantity>
      <UnitOfMeasure>לא ידוע</UnitOfMeasure>
      <bIsWeighted>0</bIsWeighted>
      <QtyInPackage>לא ידוע</QtyInPackage>
      <ItemPrice>15.90</ItemPrice>
      <UnitOfMeasurePrice>0.0159</UnitOfMeasurePrice>
      <AllowDiscount>1</AllowDiscount>
      <ItemStatus>1</ItemStatus>
      <ItemId>236407</ItemId>
    </Item>
    <Item>
      <PriceUpdateDate>2025-08-25 08:22:16</PriceUpdateDate>
      <ItemCode>7290002370284</ItemCode>
      <ItemType>1</ItemType>
      <ItemName>גבינת קשקבל מבולגריה</ItemName>
      <ManufacturerName>לא ידוע</ManufacturerName>
      <ManufactureCountry>ספרד</ManufactureCountry>
      <ManufacturerItemDescription>גבינת קשקבל מבולגריה</ManufacturerItemDescription>
      <UnitQty>קילוגרמים</UnitQty>
      <Quantity>1.00</Quantity>
      <UnitOfMeasure>ק"ג</UnitOfMeasure>
      <bIsWeighted>1</bIsWeighted>
      <QtyInPackage>לא ידוע</QtyInPackage>
      <ItemPrice>112.00</ItemPrice>
      <UnitOfMeasurePrice>112.0000</UnitOfMeasurePrice>
      <AllowDiscount>1</AllowDiscount>
      <ItemStatus>1</ItemStatus>
      <ItemId>213748</ItemId>
    </Item>
    <Item>
      <PriceUpdateDate>2025-08-18 09:17:46</PriceUpdateDate>
      <ItemCode>7290002370017</ItemCode>
      <ItemType>1</ItemType>
      <ItemName>גבינת גאודה עם תוספת</ItemName>
      <ManufacturerName>לא ידוע</ManufacturerName>
      <ManufactureCountry>לא ידוע</ManufactureCountry>
      <ManufacturerItemDescription>גבינת גאודה עם תוספת</ManufacturerItemDescription>
      <UnitQty>קילוגרמים</UnitQty>
      <Quantity>1.00</Quantity>
      <UnitOfMeasure>ק"ג</UnitOfMeasure>
      <bIsWeighted>1</bIsWeighted>
      <QtyInPackage>לא ידוע</QtyInPackage>
      <ItemPrice>142.00</ItemPrice>
      <UnitOfMeasurePrice>142.0000</UnitOfMeasurePrice>
      <AllowDiscount>1</AllowDiscount>
      <ItemStatus>1</ItemStatus>
      <ItemId>213752</ItemId>
    </Item>
    <Item>
      <PriceUpdateDate>2025-08-19 08:36:10</PriceUpdateDate>
      <ItemCode>5900352001821</ItemCode>
      <ItemType>1</ItemType>
      <ItemName>גלרטקה לימון 190 ג</ItemName>
      <ManufacturerName>לא ידוע</ManufacturerName>
      <ManufactureCountry>לא ידוע</ManufactureCountry>
      <ManufacturerItemDescription>גלרטקה לימון 190 ג</ManufacturerItemDescription>
      <UnitQty>לא ידוע</UnitQty>
      <Quantity>190.00</Quantity>
      <UnitOfMeasure>לא ידוע</UnitOfMeasure>
      <bIsWeighted>0</bIsWeighted>
      <QtyInPackage>לא ידוע</QtyInPackage>
      <ItemPrice>14.90</ItemPrice>
      <UnitOfMeasurePrice>0.0784</UnitOfMeasurePrice>
      <AllowDiscount>1</AllowDiscount>
      <ItemStatus>1</ItemStatus>
      <ItemId>213772</ItemId>
    </Item>
    <Item>
      <PriceUpdateDate>2025-08-26 16:05:05</PriceUpdateDate>
      <ItemCode>7290112964601</ItemCode>
      <ItemType>1</ItemType>
      <ItemName>אסם רוטב בנוסח סצואן</ItemName>
      <ManufacturerName>לא ידוע</ManufacturerName>
      <ManufactureCountry>לא ידוע</ManufactureCountry>
      <ManufacturerItemDescription>אסם רוטב בנוסח סצואן</ManufacturerItemDescription>
      <UnitQty>לא ידוע</UnitQty>
      <Quantity>290.00</Quantity>
      <UnitOfMeasure>לא ידוע</UnitOfMeasure>
      <bIsWeighted>0</bIsWeighted>
      <QtyInPackage>לא ידוע</QtyInPackage>
      <ItemPrice>20.90</ItemPrice>
      <UnitOfMeasurePrice>0.0721</UnitOfMeasurePrice>
      <AllowDiscount>1</AllowDiscount>
      <ItemStatus>1</ItemStatus>
      <ItemId>213783</ItemId>
    </Item>
    <Item>
      <PriceUpdateDate>2025-08-26 11:25:34</PriceUpdateDate>
      <ItemCode>7290015858113</ItemCode>
      <ItemType>1</ItemType>
      <ItemName>ממרח עגבניות מיובשות</ItemName>
      <ManufacturerName>לא ידוע</ManufacturerName>
      <ManufactureCountry>לא ידוע</ManufactureCountry>
      <ManufacturerItemDescription>ממרח עגבניות מיובשות</ManufacturerItemDescription>
      <UnitQty>לא ידוע</UnitQty>
      <Quantity>180.00</Quantity>
      <UnitOfMeasure>לא ידוע</UnitOfMeasure>
      <bIsWeighted>0</bIsWeighted>
      <QtyInPackage>לא ידוע</QtyInPackage>
      <ItemPrice>18.90</ItemPrice>
      <UnitOfMeasurePrice>0.1050</UnitOfMeasurePrice>
      <AllowDiscount>1</AllowDiscount>
      <ItemStatus>1</ItemStatus>
      <ItemId>213823</ItemId>
    </Item>
    <Item>
      <PriceUpdateDate>2025-08-31 10:12:00</PriceUpdateDate>
      <ItemCode>7290017121048</ItemCode>
      <ItemType>1</ItemType>
      <ItemName>ממרח פלפל צ'ומה 250</ItemName>
      <ManufacturerName>לא ידוע</ManufacturerName>
      <ManufactureCountry>לא ידוע</ManufactureCountry>
      <ManufacturerItemDescription>ממרח פלפל צ'ומה 250</ManufacturerItemDescription>
      <UnitQty>לא ידוע</UnitQty>
      <Quantity>250.00</Quantity>
      <UnitOfMeasure>לא ידוע</UnitOfMeasure>
      <bIsWeighted>0</bIsWeighted>
      <QtyInPackage>לא ידוע</QtyInPackage>
      <ItemPrice>15.50</ItemPrice>
      <UnitOfMeasurePrice>0.0620</UnitOfMeasurePrice>
      <AllowDiscount>1</AllowDiscount>
      <ItemStatus>1</ItemStatus>
      <ItemId>213825</ItemId>
    </Item>
    <Item>
      <PriceUpdateDate>2025-08-31 10:12:00</PriceUpdateDate>
      <ItemCode>7290017121093</ItemCode>
      <ItemType>1</ItemType>
      <ItemName>ממרח אריסה חריפה 250</ItemName>
      <ManufacturerName>לא ידוע</ManufacturerName>
      <ManufactureCountry>לא ידוע</ManufactureCountry>
      <ManufacturerItemDescription>ממרח אריסה חריפה 250</ManufacturerItemDescription>
      <UnitQty>לא ידוע</UnitQty>
      <Quantity>250.00</Quantity>
      <UnitOfMeasure>לא ידוע</UnitOfMeasure>
      <bIsWeighted>0</bIsWeighted>
      <QtyInPackage>לא ידוע</QtyInPackage>
      <ItemPrice>15.50</ItemPrice>
      <UnitOfMeasurePrice>0.0620</UnitOfMeasurePrice>
      <AllowDiscount>1</AllowDiscount>
      <ItemStatus>1</ItemStatus>
      <ItemId>213826</ItemId>
    </Item>
    <Item>
      <PriceUpdateDate>2025-09-03 07:34:09</PriceUpdateDate>
      <ItemCode>7290017888095</ItemCode>
      <ItemType>1</ItemType>
      <ItemName>שוופס מוגז עדין פירו</ItemName>
      <ManufacturerName>לא ידוע</ManufacturerName>
      <ManufactureCountry>לא ידוע</ManufactureCountry>
      <ManufacturerItemDescription>שוופס מוגז עדין פירו</ManufacturerItemDescription>
      <UnitQty>לא ידוע</UnitQty>
      <Quantity>1320.00</Quantity>
      <UnitOfMeasure>לא ידוע</UnitOfMeasure>
      <bIsWeighted>0</bIsWeighted>
      <QtyInPackage>לא ידוע</QtyInPackage>
      <ItemPrice>17.90</ItemPrice>
      <UnitOfMeasurePrice>0.0136</UnitOfMeasurePrice>
      <AllowDiscount>1</AllowDiscount>
      <ItemStatus>1</ItemStatus>
      <ItemId>213845</ItemId>
    </Item>
    <Item>
      <PriceUpdateDate>2025-09-03 07:34:06</PriceUpdateDate>
      <ItemCode>7290017023663</ItemCode>
      <ItemType>1</ItemType>
      <ItemName>שוופס מוגז פירות למו</ItemName>
      <ManufacturerName>לא ידוע</ManufacturerName>
      <ManufactureCountry>לא ידוע</ManufactureCountry>
      <ManufacturerItemDescription>שוופס מוגז פירות למו</ManufacturerItemDescription>
      <UnitQty>לא ידוע</UnitQty>
      <Quantity>1320.00</Quantity>
      <UnitOfMeasure>לא ידוע</UnitOfMeasure>
      <bIsWeighted>0</bIsWeighted>
      <QtyInPackage>לא ידוע</QtyInPackage>
      <ItemPrice>17.90</ItemPrice>
      <UnitOfMeasurePrice>0.0136</UnitOfMeasurePrice>
      <AllowDiscount>1</AllowDiscount>
      <ItemStatus>1</ItemStatus>
      <ItemId>213850</ItemId>
    </Item>
    <Item>
      <PriceUpdateDate>2025-09-03 07:34:07</PriceUpdateDate>
      <ItemCode>7290017023816</ItemCode>
      <ItemType>1</ItemType>
      <ItemName>ספרינג פירות טרופיים</ItemName>
      <ManufacturerName>לא ידוע</ManufacturerName>
      <ManufactureCountry>לא ידוע</ManufactureCountry>
      <ManufacturerItemDescription>ספרינג פירות טרופיים</ManufacturerItemDescription>
      <UnitQty>לא ידוע</UnitQty>
      <Quantity>1000.00</Quantity>
      <UnitOfMeasure>לא ידוע</UnitOfMeasure>
      <bIsWeighted>0</bIsWeighted>
      <QtyInPackage>לא ידוע</QtyInPackage>
      <ItemPrice>17.50</ItemPrice>
      <UnitOfMeasurePrice>0.0175</UnitOfMeasurePrice>
      <AllowDiscount>1</AllowDiscount>
      <ItemStatus>1</ItemStatus>
      <ItemId>213852</ItemId>
    </Item>
    <Item>
      <PriceUpdateDate>2025-09-04 12:00:14</PriceUpdateDate>
      <ItemCode>7290110111809</ItemCode>
      <ItemType>1</ItemType>
      <ItemName>פאנטה אורנג' פחיות ש</ItemName>
      <ManufacturerName>לא ידוע</ManufacturerName>
      <ManufactureCountry>לא ידוע</ManufactureCountry>
      <ManufacturerItemDescription>פאנטה אורנג' פחיות ש</ManufacturerItemDescription>
      <UnitQty>לא ידוע</UnitQty>
      <Quantity>1980.00</Quantity>
      <UnitOfMeasure>לא ידוע</UnitOfMeasure>
      <bIsWeighted>0</bIsWeighted>
      <QtyInPackage>לא ידוע</QtyInPackage>
      <ItemPrice>25.90</ItemPrice>
      <UnitOfMeasurePrice>0.0131</UnitOfMeasurePrice>
      <AllowDiscount>1</AllowDiscount>
      <ItemStatus>1</ItemStatus>
      <ItemId>213993</ItemId>
    </Item>
    <Item>
      <PriceUpdateDate>2025-08-20 16:33:18</PriceUpdateDate>
      <ItemCode>5900020034021</ItemCode>
      <ItemType>1</ItemType>
      <ItemName>פיטנס חטיף דגנים שוק</ItemName>
      <ManufacturerName>לא ידוע</ManufacturerName>
      <ManufactureCountry>לא ידוע</ManufactureCountry>
      <ManufacturerItemDescription>פיטנס חטיף דגנים שוק</ManufacturerItemDescription>
      <UnitQty>לא ידוע</UnitQty>
      <Quantity>141.00</Quantity>
      <UnitOfMeasure>לא ידוע</UnitOfMeasure>
      <bIsWeighted>0</bIsWeighted>
      <QtyInPackage>לא ידוע</QtyInPackage>
      <ItemPrice>19.90</ItemPrice>
      <UnitOfMeasurePrice>0.1411</UnitOfMeasurePrice>
      <AllowDiscount>1</AllowDiscount>
      <ItemStatus>1</ItemStatus>
      <ItemId>214048</ItemId>
    </Item>
    <Item>
      <PriceUpdateDate>2025-08-21 11:28:00</PriceUpdateDate>
      <ItemCode>7290003726615</ItemCode>
      <ItemType>1</ItemType>
      <ItemName>טופו ויילר 300 גרם ש</ItemName>
      <ManufacturerName>לא ידוע</ManufacturerName>
      <ManufactureCountry>לא ידוע</ManufactureCountry>
      <ManufacturerItemDescription>טופו ויילר 300 גרם ש</ManufacturerItemDescription>
      <UnitQty>לא ידוע</UnitQty>
      <Quantity>300.00</Quantity>
      <UnitOfMeasure>לא ידוע</UnitOfMeasure>
      <bIsWeighted>0</bIsWeighted>
      <QtyInPackage>לא ידוע</QtyInPackage>
      <ItemPrice>15.90</ItemPrice>
      <UnitOfMeasurePrice>0.0530</UnitOfMeasurePrice>
      <AllowDiscount>1</AllowDiscount>
      <ItemStatus>1</ItemStatus>
      <ItemId>214106</ItemId>
    </Item>
    <Item>
      <PriceUpdateDate>2025-09-03 07:19:43</PriceUpdateDate>
      <ItemCode>7290018652053</ItemCode>
      <ItemType>1</ItemType>
      <ItemName>ביסקולידה אקסטרא 68ג</ItemName>
      <ManufacturerName>לא ידוע</ManufacturerName>
      <ManufactureCountry>לא ידוע</ManufactureCountry>
      <ManufacturerItemDescription>ביסקולידה אקסטרא 68ג</ManufacturerItemDescription>
      <UnitQty>לא ידוע</UnitQty>
      <Quantity>68.00</Quantity>
      <UnitOfMeasure>לא ידוע</UnitOfMeasure>
      <bIsWeighted>0</bIsWeighted>
      <QtyInPackage>לא ידוע</QtyInPackage>
      <ItemPrice>9.90</ItemPrice>
      <UnitOfMeasurePrice>0.1456</UnitOfMeasurePrice>
      <AllowDiscount>1</AllowDiscount>
      <ItemStatus>1</ItemStatus>
      <ItemId>235181</ItemId>
    </Item>
    <Item>
      <PriceUpdateDate>2025-08-26 12:45:18</PriceUpdateDate>
      <ItemCode>7290017457727</ItemCode>
      <ItemType>1</ItemType>
      <ItemName>סוד מרכך מרוכז כחול</ItemName>
      <ManufacturerName>לא ידוע</ManufacturerName>
      <ManufactureCountry>לא ידוע</ManufactureCountry>
      <ManufacturerItemDescription>סוד מרכך מרוכז כחול</ManufacturerItemDescription>
      <UnitQty>לא ידוע</UnitQty>
      <Quantity>900.00</Quantity>
      <UnitOfMeasure>לא ידוע</UnitOfMeasure>
      <bIsWeighted>0</bIsWeighted>
      <QtyInPackage>לא ידוע</QtyInPackage>
      <ItemPrice>15.90</ItemPrice>
      <UnitOfMeasurePrice>0.0177</UnitOfMeasurePrice>
      <AllowDiscount>1</AllowDiscount>
      <ItemStatus>1</ItemStatus>
      <ItemId>214193</ItemId>
    </Item>
    <Item>
      <PriceUpdateDate>2025-08-26 12:45:10</PriceUpdateDate>
      <ItemCode>7290017457703</ItemCode>
      <ItemType>1</ItemType>
      <ItemName>סוד מרכך מרוכז ארומת</ItemName>
      <ManufacturerName>לא ידוע</ManufacturerName>
      <ManufactureCountry>לא ידוע</ManufactureCountry>
      <ManufacturerItemDescription>סוד מרכך מרוכז ארומת</ManufacturerItemDescription>
      <UnitQty>לא ידוע</UnitQty>
      <Quantity>900.00</Quantity>
      <UnitOfMeasure>לא ידוע</UnitOfMeasure>
      <bIsWeighted>0</bIsWeighted>
      <QtyInPackage>לא ידוע</QtyInPackage>
      <ItemPrice>15.90</ItemPrice>
      <UnitOfMeasurePrice>0.0177</UnitOfMeasurePrice>
      <AllowDiscount>1</AllowDiscount>
      <ItemStatus>1</ItemStatus>
      <ItemId>214196</ItemId>
    </Item>
    <Item>
      <PriceUpdateDate>2025-08-26 12:45:18</PriceUpdateDate>
      <ItemCode>7290017457734</ItemCode>
      <ItemType>1</ItemType>
      <ItemName>סוד מרכך מרוכז ורוד</ItemName>
      <ManufacturerName>לא ידוע</ManufacturerName>
      <ManufactureCountry>לא ידוע</ManufactureCountry>
      <ManufacturerItemDescription>סוד מרכך מרוכז ורוד</ManufacturerItemDescription>
      <UnitQty>לא ידוע</UnitQty>
      <Quantity>900.00</Quantity>
      <UnitOfMeasure>לא ידוע</UnitOfMeasure>
      <bIsWeighted>0</bIsWeighted>
      <QtyInPackage>לא ידוע</QtyInPackage>
      <ItemPrice>15.90</ItemPrice>
      <UnitOfMeasurePrice>0.0177</UnitOfMeasurePrice>
      <AllowDiscount>1</AllowDiscount>
      <ItemStatus>1</ItemStatus>
      <ItemId>214198</ItemId>
    </Item>
    <Item>
      <PriceUpdateDate>2025-08-26 12:45:22</PriceUpdateDate>
      <ItemCode>7290017457741</ItemCode>
      <ItemType>1</ItemType>
      <ItemName>סוד מרכך מרוכז סגול</ItemName>
      <ManufacturerName>לא ידוע</ManufacturerName>
      <ManufactureCountry>לא ידוע</ManufactureCountry>
      <ManufacturerItemDescription>סוד מרכך מרוכז סגול</ManufacturerItemDescription>
      <UnitQty>לא ידוע</UnitQty>
      <Quantity>900.00</Quantity>
      <UnitOfMeasure>לא ידוע</UnitOfMeasure>
      <bIsWeighted>0</bIsWeighted>
      <QtyInPackage>לא ידוע</QtyInPackage>
      <ItemPrice>15.90</ItemPrice>
      <UnitOfMeasurePrice>0.0177</UnitOfMeasurePrice>
      <AllowDiscount>1</AllowDiscount>
      <ItemStatus>1</ItemStatus>
      <ItemId>214199</ItemId>
    </Item>
    <Item>
      <PriceUpdateDate>2025-08-26 11:45:17</PriceUpdateDate>
      <ItemCode>7290112340122</ItemCode>
      <ItemType>1</ItemType>
      <ItemName>פריכיות הטעימות 3 דג</ItemName>
      <ManufacturerName>לא ידוע</ManufacturerName>
      <ManufactureCountry>לא ידוע</ManufactureCountry>
      <ManufacturerItemDescription>פריכיות הטעימות 3 דג</ManufacturerItemDescription>
      <UnitQty>לא ידוע</UnitQty>
      <Quantity>135.00</Quantity>
      <UnitOfMeasure>לא ידוע</UnitOfMeasure>
      <bIsWeighted>0</bIsWeighted>
      <QtyInPackage>לא ידוע</QtyInPackage>
      <ItemPrice>15.90</ItemPrice>
      <UnitOfMeasurePrice>0.1178</UnitOfMeasurePrice>
      <AllowDiscount>1</AllowDiscount>
      <ItemStatus>1</ItemStatus>
      <ItemId>214218</ItemId>
    </Item>
    <Item>
      <PriceUpdateDate>2025-01-06 16:01:52</PriceUpdateDate>
      <ItemCode>6985425120684</ItemCode>
      <ItemType>1</ItemType>
      <ItemName>מסננת גדולה</ItemName>
      <ManufacturerName>לא ידוע</ManufacturerName>
      <ManufactureCountry>לא ידוע</ManufactureCountry>
      <ManufacturerItemDescription>מסננת גדולה</ManufacturerItemDescription>
      <UnitQty>יחידה   </UnitQty>
      <Quantity>0.00</Quantity>
      <UnitOfMeasure>יחידה   </UnitOfMeasure>
      <bIsWeighted>0</bIsWeighted>
      <QtyInPackage>לא ידוע</QtyInPackage>
      <ItemPrice>14.50</ItemPrice>
      <UnitOfMeasurePrice>0.0000</UnitOfMeasurePrice>
      <AllowDiscount>1</AllowDiscount>
      <ItemStatus>1</ItemStatus>
      <ItemId>214258</ItemId>
    </Item>
    <Item>
      <PriceUpdateDate>2025-08-28 15:05:19</PriceUpdateDate>
      <ItemCode>7290108359787</ItemCode>
      <ItemType>1</ItemType>
      <ItemName>ריצפז פרש הום בניחוח</ItemName>
      <ManufacturerName>לא ידוע</ManufacturerName>
      <ManufactureCountry>לא ידוע</ManufactureCountry>
      <ManufacturerItemDescription>ריצפז פרש הום בניחוח</ManufacturerItemDescription>
      <UnitQty>ליטרים</UnitQty>
      <Quantity>2.00</Quantity>
      <UnitOfMeasure>ליטר    </UnitOfMeasure>
      <bIsWeighted>0</bIsWeighted>
      <QtyInPackage>לא ידוע</QtyInPackage>
      <ItemPrice>22.90</ItemPrice>
      <UnitOfMeasurePrice>11.4500</UnitOfMeasurePrice>
      <AllowDiscount>1</AllowDiscount>
      <ItemStatus>1</ItemStatus>
      <ItemId>255781</ItemId>
    </Item>
    <Item>
      <PriceUpdateDate>2025-09-07 08:45:15</PriceUpdateDate>
      <ItemCode>8934878081811</ItemCode>
      <ItemType>1</ItemType>
      <ItemName>דפי אורז 22 ס"מ 400ג</ItemName>
      <ManufacturerName>לא ידוע</ManufacturerName>
      <ManufactureCountry>לא ידוע</ManufactureCountry>
      <ManufacturerItemDescription>דפי אורז 22 ס"מ 400ג</ManufacturerItemDescription>
      <UnitQty>לא ידוע</UnitQty>
      <Quantity>400.00</Quantity>
      <UnitOfMeasure>לא ידוע</UnitOfMeasure>
      <bIsWeighted>0</bIsWeighted>
      <QtyInPackage>לא ידוע</QtyInPackage>
      <ItemPrice>13.90</ItemPrice>
      <UnitOfMeasurePrice>0.0348</UnitOfMeasurePrice>
      <AllowDiscount>1</AllowDiscount>
      <ItemStatus>1</ItemStatus>
      <ItemId>214270</ItemId>
    </Item>
    <Item>
      <PriceUpdateDate>2019-06-13 14:32:35</PriceUpdateDate>
      <ItemCode>6112017102791</ItemCode>
      <ItemType>1</ItemType>
      <ItemName>מברשת ג'מבו לניקוי+י</ItemName>
      <ManufacturerName>לא ידוע</ManufacturerName>
      <ManufactureCountry>לא ידוע</ManufactureCountry>
      <ManufacturerItemDescription>מברשת ג'מבו לניקוי+י</ManufacturerItemDescription>
      <UnitQty>יחידה   </UnitQty>
      <Quantity>0.00</Quantity>
      <UnitOfMeasure>יחידה   </UnitOfMeasure>
      <bIsWeighted>0</bIsWeighted>
      <QtyInPackage>לא ידוע</QtyInPackage>
      <ItemPrice>9.90</ItemPrice>
      <UnitOfMeasurePrice>0.0000</UnitOfMeasurePrice>
      <AllowDiscount>1</AllowDiscount>
      <ItemStatus>1</ItemStatus>
      <ItemId>214320</ItemId>
    </Item>
    <Item>
      <PriceUpdateDate>2025-01-06 16:01:03</PriceUpdateDate>
      <ItemCode>6112012100655</ItemCode>
      <ItemType>1</ItemType>
      <ItemName>מגבלשיש מהודר</ItemName>
      <ManufacturerName>לא ידוע</ManufacturerName>
      <ManufactureCountry>לא ידוע</ManufactureCountry>
      <ManufacturerItemDescription>מגבלשיש מהודר</ManufacturerItemDescription>
      <UnitQty>יחידה   </UnitQty>
      <Quantity>0.00</Quantity>
      <UnitOfMeasure>יחידה   </UnitOfMeasure>
      <bIsWeighted>0</bIsWeighted>
      <QtyInPackage>לא ידוע</QtyInPackage>
      <ItemPrice>8.50</ItemPrice>
      <UnitOfMeasurePrice>0.0000</UnitOfMeasurePrice>
      <AllowDiscount>1</AllowDiscount>
      <ItemStatus>1</ItemStatus>
      <ItemId>214333</ItemId>
    </Item>
    <Item>
      <PriceUpdateDate>2025-08-31 10:24:18</PriceUpdateDate>
      <ItemCode>7290117860199</ItemCode>
      <ItemType>1</ItemType>
      <ItemName>הוואי שמפו מעניק לחו</ItemName>
      <ManufacturerName>קריות זול</ManufacturerName>
      <ManufactureCountry>לא ידוע</ManufactureCountry>
      <ManufacturerItemDescription>הוואי שמפו מעניק לחו</ManufacturerItemDescription>
      <UnitQty>לא ידוע</UnitQty>
      <Quantity>700.00</Quantity>
      <UnitOfMeasure>לא ידוע</UnitOfMeasure>
      <bIsWeighted>0</bIsWeighted>
      <QtyInPackage>לא ידוע</QtyInPackage>
      <ItemPrice>15.90</ItemPrice>
      <UnitOfMeasurePrice>0.0227</UnitOfMeasurePrice>
      <AllowDiscount>1</AllowDiscount>
      <ItemStatus>1</ItemStatus>
      <ItemId>239918</ItemId>
    </Item>
    <Item>
      <PriceUpdateDate>2025-09-07 19:38:20</PriceUpdateDate>
      <ItemCode>7290017677804</ItemCode>
      <ItemType>1</ItemType>
      <ItemName>רוטב סויה קיקומן 444</ItemName>
      <ManufacturerName>לא ידוע</ManufacturerName>
      <ManufactureCountry>לא ידוע</ManufactureCountry>
      <ManufacturerItemDescription>רוטב סויה קיקומן 444</ManufacturerItemDescription>
      <UnitQty>לא ידוע</UnitQty>
      <Quantity>444.00</Quantity>
      <UnitOfMeasure>לא ידוע</UnitOfMeasure>
      <bIsWeighted>0</bIsWeighted>
      <QtyInPackage>לא ידוע</QtyInPackage>
      <ItemPrice>25.90</ItemPrice>
      <UnitOfMeasurePrice>0.0583</UnitOfMeasurePrice>
      <AllowDiscount>1</AllowDiscount>
      <ItemStatus>1</ItemStatus>
      <ItemId>214347</ItemId>
    </Item>
    <Item>
      <PriceUpdateDate>2025-08-26 16:05:03</PriceUpdateDate>
      <ItemCode>7290112964410</ItemCode>
      <ItemType>1</ItemType>
      <ItemName>רוטב אלף האיים לסלט</ItemName>
      <ManufacturerName>לא ידוע</ManufacturerName>
      <ManufactureCountry>לא ידוע</ManufactureCountry>
      <ManufacturerItemDescription>רוטב אלף האיים לסלט</ManufacturerItemDescription>
      <UnitQty>לא ידוע</UnitQty>
      <Quantity>290.00</Quantity>
      <UnitOfMeasure>לא ידוע</UnitOfMeasure>
      <bIsWeighted>0</bIsWeighted>
      <QtyInPackage>לא ידוע</QtyInPackage>
      <ItemPrice>16.50</ItemPrice>
      <UnitOfMeasurePrice>0.0569</UnitOfMeasurePrice>
      <AllowDiscount>1</AllowDiscount>
      <ItemStatus>1</ItemStatus>
      <ItemId>214373</ItemId>
    </Item>
    <Item>
      <PriceUpdateDate>2025-08-26 16:05:04</PriceUpdateDate>
      <ItemCode>7290112964458</ItemCode>
      <ItemType>1</ItemType>
      <ItemName>רוטב ויניגרט לסלט אס</ItemName>
      <ManufacturerName>לא ידוע</ManufacturerName>
      <ManufactureCountry>לא ידוע</ManufactureCountry>
      <ManufacturerItemDescription>רוטב ויניגרט לסלט אס</ManufacturerItemDescription>
      <UnitQty>לא ידוע</UnitQty>
      <Quantity>295.00</Quantity>
      <UnitOfMeasure>לא ידוע</UnitOfMeasure>
      <bIsWeighted>0</bIsWeighted>
      <QtyInPackage>לא ידוע</QtyInPackage>
      <ItemPrice>16.50</ItemPrice>
      <UnitOfMeasurePrice>0.0559</UnitOfMeasurePrice>
      <AllowDiscount>1</AllowDiscount>
      <ItemStatus>1</ItemStatus>
      <ItemId>214375</ItemId>
    </Item>
    <Item>
      <PriceUpdateDate>2025-08-26 16:05:04</PriceUpdateDate>
      <ItemCode>7290112964472</ItemCode>
      <ItemType>1</ItemType>
      <ItemName>רוטב שום לסלט אסם 29</ItemName>
      <ManufacturerName>לא ידוע</ManufacturerName>
      <ManufactureCountry>לא ידוע</ManufactureCountry>
      <ManufacturerItemDescription>רוטב שום לסלט אסם 29</ManufacturerItemDescription>
      <UnitQty>לא ידוע</UnitQty>
      <Quantity>290.00</Quantity>
      <UnitOfMeasure>לא ידוע</UnitOfMeasure>
      <bIsWeighted>0</bIsWeighted>
      <QtyInPackage>לא ידוע</QtyInPackage>
      <ItemPrice>16.50</ItemPrice>
      <UnitOfMeasurePrice>0.0569</UnitOfMeasurePrice>
      <AllowDiscount>1</AllowDiscount>
      <ItemStatus>1</ItemStatus>
      <ItemId>214376</ItemId>
    </Item>
    <Item>
      <PriceUpdateDate>2025-08-26 16:05:05</PriceUpdateDate>
      <ItemCode>7290112964564</ItemCode>
      <ItemType>1</ItemType>
      <ItemName>רוטב אלף האיים לייט</ItemName>
      <ManufacturerName>לא ידוע</ManufacturerName>
      <ManufactureCountry>לא ידוע</ManufactureCountry>
      <ManufacturerItemDescription>רוטב אלף האיים לייט</ManufacturerItemDescription>
      <UnitQty>לא ידוע</UnitQty>
      <Quantity>295.00</Quantity>
      <UnitOfMeasure>לא ידוע</UnitOfMeasure>
      <bIsWeighted>0</bIsWeighted>
      <QtyInPackage>לא ידוע</QtyInPackage>
      <ItemPrice>16.50</ItemPrice>
      <UnitOfMeasurePrice>0.0559</UnitOfMeasurePrice>
      <AllowDiscount>1</AllowDiscount>
      <ItemStatus>1</ItemStatus>
      <ItemId>214377</ItemId>
    </Item>
    <Item>
      <PriceUpdateDate>2025-08-26 16:05:05</PriceUpdateDate>
      <ItemCode>7290112964625</ItemCode>
      <ItemType>1</ItemType>
      <ItemName>רוטב שום לייט לסלט א</ItemName>
      <ManufacturerName>לא ידוע</ManufacturerName>
      <ManufactureCountry>לא ידוע</ManufactureCountry>
      <ManufacturerItemDescription>רוטב שום לייט לסלט א</ManufacturerItemDescription>
      <UnitQty>לא ידוע</UnitQty>
      <Quantity>310.00</Quantity>
      <UnitOfMeasure>לא ידוע</UnitOfMeasure>
      <bIsWeighted>0</bIsWeighted>
      <QtyInPackage>לא ידוע</QtyInPackage>
      <ItemPrice>16.50</ItemPrice>
      <UnitOfMeasurePrice>0.0532</UnitOfMeasurePrice>
      <AllowDiscount>1</AllowDiscount>
      <ItemStatus>1</ItemStatus>
      <ItemId>214378</ItemId>
    </Item>
    <Item>
      <PriceUpdateDate>2025-12-08 15:20:26</PriceUpdateDate>
      <ItemCode>7290019167112</ItemCode>
      <ItemType>1</ItemType>
      <ItemName>קינוח עדן קדאיף פרוו</ItemName>
      <ManufacturerName>לא ידוע</ManufacturerName>
      <ManufactureCountry>לא ידוע</ManufactureCountry>
      <ManufacturerItemDescription>קינוח עדן קדאיף פרוו</ManufacturerItemDescription>
      <UnitQty>לא ידוע</UnitQty>
      <Quantity>86.00</Quantity>
      <UnitOfMeasure>לא ידוע</UnitOfMeasure>
      <bIsWeighted>0</bIsWeighted>
      <QtyInPackage>לא ידוע</QtyInPackage>
      <ItemPrice>8.90</ItemPrice>
      <UnitOfMeasurePrice>0.1035</UnitOfMeasurePrice>
      <AllowDiscount>1</AllowDiscount>
      <ItemStatus>1</ItemStatus>
      <ItemId>256775</ItemId>
    </Item>
    <Item>
      <PriceUpdateDate>2025-08-26 11:47:00</PriceUpdateDate>
      <ItemCode>7290017197029</ItemCode>
      <ItemType>1</ItemType>
      <ItemName>אל סבון מאסק לבן 1 ל</ItemName>
      <ManufacturerName>לא ידוע</ManufacturerName>
      <ManufactureCountry>לא ידוע</ManufactureCountry>
      <ManufacturerItemDescription>אל סבון מאסק לבן 1 ל</ManufacturerItemDescription>
      <UnitQty>ליטרים</UnitQty>
      <Quantity>1.00</Quantity>
      <UnitOfMeasure>ליטר    </UnitOfMeasure>
      <bIsWeighted>0</bIsWeighted>
      <QtyInPackage>לא ידוע</QtyInPackage>
      <ItemPrice>11.90</ItemPrice>
      <UnitOfMeasurePrice>11.9000</UnitOfMeasurePrice>
      <AllowDiscount>1</AllowDiscount>
      <ItemStatus>1</ItemStatus>
      <ItemId>214475</ItemId>
    </Item>
    <Item>
      <PriceUpdateDate>2025-12-23 07:16:25</PriceUpdateDate>
      <ItemCode>8436575292205</ItemCode>
      <ItemType>1</ItemType>
      <ItemName>חמשושים מאגדת 15יח 1</ItemName>
      <ManufacturerName>לא ידוע</ManufacturerName>
      <ManufactureCountry>לא ידוע</ManufactureCountry>
      <ManufacturerItemDescription>חמשושים מאגדת 15יח 1</ManufacturerItemDescription>
      <UnitQty>לא ידוע</UnitQty>
      <Quantity>180.00</Quantity>
      <UnitOfMeasure>לא ידוע</UnitOfMeasure>
      <bIsWeighted>0</bIsWeighted>
      <QtyInPackage>לא ידוע</QtyInPackage>
      <ItemPrice>25.90</ItemPrice>
      <UnitOfMeasurePrice>0.1439</UnitOfMeasurePrice>
      <AllowDiscount>1</AllowDiscount>
      <ItemStatus>1</ItemStatus>
      <ItemId>214481</ItemId>
    </Item>
    <Item>
      <PriceUpdateDate>2025-08-31 09:59:41</PriceUpdateDate>
      <ItemCode>7290019857167</ItemCode>
      <ItemType>1</ItemType>
      <ItemName>פרמיו דליקט עוף 375ג</ItemName>
      <ManufacturerName>לא ידוע</ManufacturerName>
      <ManufactureCountry>לא ידוע</ManufactureCountry>
      <ManufacturerItemDescription>פרמיו דליקט עוף 375ג</ManufacturerItemDescription>
      <UnitQty>לא ידוע</UnitQty>
      <Quantity>375.00</Quantity>
      <UnitOfMeasure>לא ידוע</UnitOfMeasure>
      <bIsWeighted>0</bIsWeighted>
      <QtyInPackage>לא ידוע</QtyInPackage>
      <ItemPrice>7.90</ItemPrice>
      <UnitOfMeasurePrice>0.0211</UnitOfMeasurePrice>
      <AllowDiscount>1</AllowDiscount>
      <ItemStatus>1</ItemStatus>
      <ItemId>254555</ItemId>
    </Item>
    <Item>
      <PriceUpdateDate>2025-12-08 15:20:27</PriceUpdateDate>
      <ItemCode>7290019167129</ItemCode>
      <ItemType>1</ItemType>
      <ItemName>קינוח עדן טירמיסו פר</ItemName>
      <ManufacturerName>לא ידוע</ManufacturerName>
      <ManufactureCountry>לא ידוע</ManufactureCountry>
      <ManufacturerItemDescription>קינוח עדן טירמיסו פר</ManufacturerItemDescription>
      <UnitQty>לא ידוע</UnitQty>
      <Quantity>86.00</Quantity>
      <UnitOfMeasure>לא ידוע</UnitOfMeasure>
      <bIsWeighted>0</bIsWeighted>
      <QtyInPackage>לא ידוע</QtyInPackage>
      <ItemPrice>8.90</ItemPrice>
      <UnitOfMeasurePrice>0.1035</UnitOfMeasurePrice>
      <AllowDiscount>1</AllowDiscount>
      <ItemStatus>1</ItemStatus>
      <ItemId>256776</ItemId>
    </Item>
    <Item>
      <PriceUpdateDate>2025-08-31 09:58:07</PriceUpdateDate>
      <ItemCode>7290108503708</ItemCode>
      <ItemType>1</ItemType>
      <ItemName>פיצה עם פטריות 390 ג</ItemName>
      <ManufacturerName>לא ידוע</ManufacturerName>
      <ManufactureCountry>לא ידוע</ManufactureCountry>
      <ManufacturerItemDescription>פיצה עם פטריות 390 ג</ManufacturerItemDescription>
      <UnitQty>לא ידוע</UnitQty>
      <Quantity>390.00</Quantity>
      <UnitOfMeasure>לא ידוע</UnitOfMeasure>
      <bIsWeighted>0</bIsWeighted>
      <QtyInPackage>לא ידוע</QtyInPackage>
      <ItemPrice>17.50</ItemPrice>
      <UnitOfMeasurePrice>0.0449</UnitOfMeasurePrice>
      <AllowDiscount>1</AllowDiscount>
      <ItemStatus>1</ItemStatus>
      <ItemId>214557</ItemId>
    </Item>
    <Item>
      <PriceUpdateDate>2025-08-31 09:59:41</PriceUpdateDate>
      <ItemCode>7290019857174</ItemCode>
      <ItemType>1</ItemType>
      <ItemName>פרמיו דליקט עוף וברו</ItemName>
      <ManufacturerName>לא ידוע</ManufacturerName>
      <ManufactureCountry>לא ידוע</ManufactureCountry>
      <ManufacturerItemDescription>פרמיו דליקט עוף וברו</ManufacturerItemDescription>
      <UnitQty>לא ידוע</UnitQty>
      <Quantity>375.00</Quantity>
      <UnitOfMeasure>לא ידוע</UnitOfMeasure>
      <bIsWeighted>0</bIsWeighted>
      <QtyInPackage>לא ידוע</QtyInPackage>
      <ItemPrice>7.90</ItemPrice>
      <UnitOfMeasurePrice>0.0211</UnitOfMeasurePrice>
      <AllowDiscount>1</AllowDiscount>
      <ItemStatus>1</ItemStatus>
      <ItemId>254556</ItemId>
    </Item>
    <Item>
      <PriceUpdateDate>2025-09-03 13:38:17</PriceUpdateDate>
      <ItemCode>7290119373024</ItemCode>
      <ItemType>1</ItemType>
      <ItemName>טבלת פסק זמן ש.חלב ב</ItemName>
      <ManufacturerName>לא ידוע</ManufacturerName>
      <ManufactureCountry>לא ידוע</ManufactureCountry>
      <ManufacturerItemDescription>טבלת פסק זמן ש.חלב ב</ManufacturerItemDescription>
      <UnitQty>לא ידוע</UnitQty>
      <Quantity>100.00</Quantity>
      <UnitOfMeasure>לא ידוע</UnitOfMeasure>
      <bIsWeighted>0</bIsWeighted>
      <QtyInPackage>לא ידוע</QtyInPackage>
      <ItemPrice>11.90</ItemPrice>
      <UnitOfMeasurePrice>0.1190</UnitOfMeasurePrice>
      <AllowDiscount>1</AllowDiscount>
      <ItemStatus>1</ItemStatus>
      <ItemId>245925</ItemId>
    </Item>
    <Item>
      <PriceUpdateDate>2025-09-07 10:42:58</PriceUpdateDate>
      <ItemCode>7290111346811</ItemCode>
      <ItemType>1</ItemType>
      <ItemName>לילי טריפל אקסקלוסיב</ItemName>
      <ManufacturerName>לא ידוע</ManufacturerName>
      <ManufactureCountry>לא ידוע</ManufactureCountry>
      <ManufacturerItemDescription>לילי טריפל אקסקלוסיב</ManufacturerItemDescription>
      <UnitQty>יחידה   </UnitQty>
      <Quantity>0.00</Quantity>
      <UnitOfMeasure>יחידה   </UnitOfMeasure>
      <bIsWeighted>0</bIsWeighted>
      <QtyInPackage>לא ידוע</QtyInPackage>
      <ItemPrice>49.90</ItemPrice>
      <UnitOfMeasurePrice>0.0000</UnitOfMeasurePrice>
      <AllowDiscount>1</AllowDiscount>
      <ItemStatus>1</ItemStatus>
      <ItemId>241658</ItemId>
    </Item>
    <Item>
      <PriceUpdateDate>2025-09-03 11:28:03</PriceUpdateDate>
      <ItemCode>7290116532240</ItemCode>
      <ItemType>1</ItemType>
      <ItemName>קליק טבלה שוקולד חלב</ItemName>
      <ManufacturerName>לא ידוע</ManufacturerName>
      <ManufactureCountry>לא ידוע</ManufactureCountry>
      <ManufacturerItemDescription>קליק טבלה שוקולד חלב</ManufacturerItemDescription>
      <UnitQty>לא ידוע</UnitQty>
      <Quantity>85.00</Quantity>
      <UnitOfMeasure>לא ידוע</UnitOfMeasure>
      <bIsWeighted>0</bIsWeighted>
      <QtyInPackage>לא ידוע</QtyInPackage>
      <ItemPrice>9.90</ItemPrice>
      <UnitOfMeasurePrice>0.1165</UnitOfMeasurePrice>
      <AllowDiscount>1</AllowDiscount>
      <ItemStatus>1</ItemStatus>
      <ItemId>237952</ItemId>
    </Item>
    <Item>
      <PriceUpdateDate>2025-12-08 15:20:27</PriceUpdateDate>
      <ItemCode>7290019167136</ItemCode>
      <ItemType>1</ItemType>
      <ItemName>קינוח עדן בוואריה פר</ItemName>
      <ManufacturerName>לא ידוע</ManufacturerName>
      <ManufactureCountry>לא ידוע</ManufactureCountry>
      <ManufacturerItemDescription>קינוח עדן בוואריה פר</ManufacturerItemDescription>
      <UnitQty>לא ידוע</UnitQty>
      <Quantity>86.00</Quantity>
      <UnitOfMeasure>לא ידוע</UnitOfMeasure>
      <bIsWeighted>0</bIsWeighted>
      <QtyInPackage>לא ידוע</QtyInPackage>
      <ItemPrice>8.90</ItemPrice>
      <UnitOfMeasurePrice>0.1035</UnitOfMeasurePrice>
      <AllowDiscount>1</AllowDiscount>
      <ItemStatus>1</ItemStatus>
      <ItemId>256777</ItemId>
    </Item>
    <Item>
      <PriceUpdateDate>2025-08-31 08:46:12</PriceUpdateDate>
      <ItemCode>52100006260</ItemCode>
      <ItemType>1</ItemType>
      <ItemName>אבקת שום 88 גרם מקור</ItemName>
      <ManufacturerName>לא ידוע</ManufacturerName>
      <ManufactureCountry>לא ידוע</ManufactureCountry>
      <ManufacturerItemDescription>אבקת שום 88 גרם מקור</ManufacturerItemDescription>
      <UnitQty>לא ידוע</UnitQty>
      <Quantity>88.00</Quantity>
      <UnitOfMeasure>לא ידוע</UnitOfMeasure>
      <bIsWeighted>0</bIsWeighted>
      <QtyInPackage>לא ידוע</QtyInPackage>
      <ItemPrice>33.90</ItemPrice>
      <UnitOfMeasurePrice>0.3852</UnitOfMeasurePrice>
      <AllowDiscount>1</AllowDiscount>
      <ItemStatus>1</ItemStatus>
      <ItemId>253890</ItemId>
    </Item>
    <Item>
      <PriceUpdateDate>2025-09-08 07:57:26</PriceUpdateDate>
      <ItemCode>8711000535806</ItemCode>
      <ItemType>1</ItemType>
      <ItemName>גייקובס קפה נמס נטול</ItemName>
      <ManufacturerName>לא ידוע</ManufacturerName>
      <ManufactureCountry>לא ידוע</ManufactureCountry>
      <ManufacturerItemDescription>גייקובס קפה נמס נטול</ManufacturerItemDescription>
      <UnitQty>יחידה   </UnitQty>
      <Quantity>0.00</Quantity>
      <UnitOfMeasure>יחידה   </UnitOfMeasure>
      <bIsWeighted>0</bIsWeighted>
      <QtyInPackage>לא ידוע</QtyInPackage>
      <ItemPrice>31.90</ItemPrice>
      <UnitOfMeasurePrice>0.0000</UnitOfMeasurePrice>
      <AllowDiscount>1</AllowDiscount>
      <ItemStatus>1</ItemStatus>
      <ItemId>254564</ItemId>
    </Item>
    <Item>
      <PriceUpdateDate>2025-09-03 13:38:26</PriceUpdateDate>
      <ItemCode>7290119379873</ItemCode>
      <ItemType>1</ItemType>
      <ItemName>צנצנת קוביות קולה חמ</ItemName>
      <ManufacturerName>לא ידוע</ManufacturerName>
      <ManufactureCountry>לא ידוע</ManufactureCountry>
      <ManufacturerItemDescription>צנצנת קוביות קולה חמ</ManufacturerItemDescription>
      <UnitQty>לא ידוע</UnitQty>
      <Quantity>60.00</Quantity>
      <UnitOfMeasure>לא ידוע</UnitOfMeasure>
      <bIsWeighted>0</bIsWeighted>
      <QtyInPackage>לא ידוע</QtyInPackage>
      <ItemPrice>11.90</ItemPrice>
      <UnitOfMeasurePrice>0.1983</UnitOfMeasurePrice>
      <AllowDiscount>1</AllowDiscount>
      <ItemStatus>1</ItemStatus>
      <ItemId>248072</ItemId>
    </Item>
    <Item>
      <PriceUpdateDate>2025-09-07 08:03:31</PriceUpdateDate>
      <ItemCode>7290015008778</ItemCode>
      <ItemType>1</ItemType>
      <ItemName>צלחות גדולות 100יח</ItemName>
      <ManufacturerName>לא ידוע</ManufacturerName>
      <ManufactureCountry>לא ידוע</ManufactureCountry>
      <ManufacturerItemDescription>צלחות גדולות 100יח</ManufacturerItemDescription>
      <UnitQty>יחידה   </UnitQty>
      <Quantity>0.00</Quantity>
      <UnitOfMeasure>יחידה   </UnitOfMeasure>
      <bIsWeighted>0</bIsWeighted>
      <QtyInPackage>לא ידוע</QtyInPackage>
      <ItemPrice>21.90</ItemPrice>
      <UnitOfMeasurePrice>0.0000</UnitOfMeasurePrice>
      <AllowDiscount>1</AllowDiscount>
      <ItemStatus>1</ItemStatus>
      <ItemId>214617</ItemId>
    </Item>
    <Item>
      <PriceUpdateDate>2025-08-27 11:29:52</PriceUpdateDate>
      <ItemCode>7290015172172</ItemCode>
      <ItemType>1</ItemType>
      <ItemName>אגרול ירקות דים סאם</ItemName>
      <ManufacturerName>לא ידוע</ManufacturerName>
      <ManufactureCountry>לא ידוע</ManufactureCountry>
      <ManufacturerItemDescription>אגרול ירקות דים סאם</ManufacturerItemDescription>
      <UnitQty>לא ידוע</UnitQty>
      <Quantity>400.00</Quantity>
      <UnitOfMeasure>לא ידוע</UnitOfMeasure>
      <bIsWeighted>0</bIsWeighted>
      <QtyInPackage>לא ידוע</QtyInPackage>
      <ItemPrice>34.90</ItemPrice>
      <UnitOfMeasurePrice>0.0872</UnitOfMeasurePrice>
      <AllowDiscount>1</AllowDiscount>
      <ItemStatus>1</ItemStatus>
      <ItemId>246223</ItemId>
    </Item>
    <Item>
      <PriceUpdateDate>2025-08-26 16:05:01</PriceUpdateDate>
      <ItemCode>7290112963918</ItemCode>
      <ItemType>1</ItemType>
      <ItemName>פיטנס קרקר דק רוזמרי</ItemName>
      <ManufacturerName>לא ידוע</ManufacturerName>
      <ManufactureCountry>לא ידוע</ManufactureCountry>
      <ManufacturerItemDescription>פיטנס קרקר דק רוזמרי</ManufacturerItemDescription>
      <UnitQty>לא ידוע</UnitQty>
      <Quantity>140.00</Quantity>
      <UnitOfMeasure>לא ידוע</UnitOfMeasure>
      <bIsWeighted>0</bIsWeighted>
      <QtyInPackage>לא ידוע</QtyInPackage>
      <ItemPrice>14.50</ItemPrice>
      <UnitOfMeasurePrice>0.1036</UnitOfMeasurePrice>
      <AllowDiscount>1</AllowDiscount>
      <ItemStatus>1</ItemStatus>
      <ItemId>218927</ItemId>
    </Item>
    <Item>
      <PriceUpdateDate>2025-08-26 16:06:22</PriceUpdateDate>
      <ItemCode>7613037276091</ItemCode>
      <ItemType>1</ItemType>
      <ItemName>נסטלה מיקס מיני אריז</ItemName>
      <ManufacturerName>לא ידוע</ManufacturerName>
      <ManufactureCountry>לא ידוע</ManufactureCountry>
      <ManufacturerItemDescription>נסטלה מיקס מיני אריז</ManufacturerItemDescription>
      <UnitQty>יחידה   </UnitQty>
      <Quantity>0.00</Quantity>
      <UnitOfMeasure>יחידה   </UnitOfMeasure>
      <bIsWeighted>0</bIsWeighted>
      <QtyInPackage>לא ידוע</QtyInPackage>
      <ItemPrice>24.90</ItemPrice>
      <UnitOfMeasurePrice>0.0000</UnitOfMeasurePrice>
      <AllowDiscount>1</AllowDiscount>
      <ItemStatus>1</ItemStatus>
      <ItemId>218973</ItemId>
    </Item>
    <Item>
      <PriceUpdateDate>2025-08-27 09:44:36</PriceUpdateDate>
      <ItemCode>7290002053538</ItemCode>
      <ItemType>1</ItemType>
      <ItemName>נודלס תאילנדי 400גר+</ItemName>
      <ManufacturerName>לא ידוע</ManufacturerName>
      <ManufactureCountry>לא ידוע</ManufactureCountry>
      <ManufacturerItemDescription>נודלס תאילנדי 400גר+</ManufacturerItemDescription>
      <UnitQty>יחידה   </UnitQty>
      <Quantity>0.00</Quantity>
      <UnitOfMeasure>יחידה   </UnitOfMeasure>
      <bIsWeighted>0</bIsWeighted>
      <QtyInPackage>לא ידוע</QtyInPackage>
      <ItemPrice>16.90</ItemPrice>
      <UnitOfMeasurePrice>0.0000</UnitOfMeasurePrice>
      <AllowDiscount>1</AllowDiscount>
      <ItemStatus>1</ItemStatus>
      <ItemId>218978</ItemId>
    </Item>
    <Item>
      <PriceUpdateDate>2025-08-31 08:54:54</PriceUpdateDate>
      <ItemCode>7290010066445</ItemCode>
      <ItemType>1</ItemType>
      <ItemName>נתחי טונה בהירה בשמן</ItemName>
      <ManufacturerName>לא ידוע</ManufacturerName>
      <ManufactureCountry>לא ידוע</ManufactureCountry>
      <ManufacturerItemDescription>נתחי טונה בהירה בשמן</ManufacturerItemDescription>
      <UnitQty>לא ידוע</UnitQty>
      <Quantity>414.00</Quantity>
      <UnitOfMeasure>לא ידוע</UnitOfMeasure>
      <bIsWeighted>0</bIsWeighted>
      <QtyInPackage>לא ידוע</QtyInPackage>
      <ItemPrice>16.90</ItemPrice>
      <UnitOfMeasurePrice>0.0408</UnitOfMeasurePrice>
      <AllowDiscount>1</AllowDiscount>
      <ItemStatus>1</ItemStatus>
      <ItemId>219021</ItemId>
    </Item>
    <Item>
      <PriceUpdateDate>2025-11-23 07:47:46</PriceUpdateDate>
      <ItemCode>7290000013961</ItemCode>
      <ItemType>1</ItemType>
      <ItemName>כתף עגל פריים עע</ItemName>
      <ManufacturerName>לא ידוע</ManufacturerName>
      <ManufactureCountry>ישראל</ManufactureCountry>
      <ManufacturerItemDescription>כתף עגל פריים עע</ManufacturerItemDescription>
      <UnitQty>קילוגרמים</UnitQty>
      <Quantity>1.00</Quantity>
      <UnitOfMeasure>ק"ג</UnitOfMeasure>
      <bIsWeighted>1</bIsWeighted>
      <QtyInPackage>לא ידוע</QtyInPackage>
      <ItemPrice>79.90</ItemPrice>
      <UnitOfMeasurePrice>79.9000</UnitOfMeasurePrice>
      <AllowDiscount>1</AllowDiscount>
      <ItemStatus>1</ItemStatus>
      <ItemId>219026</ItemId>
    </Item>
    <Item>
      <PriceUpdateDate>2025-08-26 11:44:56</PriceUpdateDate>
      <ItemCode>7290112332691</ItemCode>
      <ItemType>1</ItemType>
      <ItemName>פינוקיות עוגיות קרם</ItemName>
      <ManufacturerName>לא ידוע</ManufacturerName>
      <ManufactureCountry>לא ידוע</ManufactureCountry>
      <ManufacturerItemDescription>פינוקיות עוגיות קרם</ManufacturerItemDescription>
      <UnitQty>לא ידוע</UnitQty>
      <Quantity>200.00</Quantity>
      <UnitOfMeasure>לא ידוע</UnitOfMeasure>
      <bIsWeighted>0</bIsWeighted>
      <QtyInPackage>לא ידוע</QtyInPackage>
      <ItemPrice>15.90</ItemPrice>
      <UnitOfMeasurePrice>0.0795</UnitOfMeasurePrice>
      <AllowDiscount>1</AllowDiscount>
      <ItemStatus>1</ItemStatus>
      <ItemId>219036</ItemId>
    </Item>
    <Item>
      <PriceUpdateDate>2025-08-26 11:21:05</PriceUpdateDate>
      <ItemCode>7290110325084</ItemCode>
      <ItemType>1</ItemType>
      <ItemName>מאגדת שמינייה מיני ק</ItemName>
      <ManufacturerName>קריות זול</ManufacturerName>
      <ManufactureCountry>לא ידוע</ManufactureCountry>
      <ManufacturerItemDescription>מאגדת שמינייה מיני ק</ManufacturerItemDescription>
      <UnitQty>לא ידוע</UnitQty>
      <Quantity>800.00</Quantity>
      <UnitOfMeasure>לא ידוע</UnitOfMeasure>
      <bIsWeighted>0</bIsWeighted>
      <QtyInPackage>לא ידוע</QtyInPackage>
      <ItemPrice>18.10</ItemPrice>
      <UnitOfMeasurePrice>0.0226</UnitOfMeasurePrice>
      <AllowDiscount>1</AllowDiscount>
      <ItemStatus>1</ItemStatus>
      <ItemId>219068</ItemId>
    </Item>
    <Item>
      <PriceUpdateDate>2025-08-26 11:21:06</PriceUpdateDate>
      <ItemCode>7290110325114</ItemCode>
      <ItemType>1</ItemType>
      <ItemName>משקה גו לייט תות בננ</ItemName>
      <ManufacturerName>לא ידוע</ManufacturerName>
      <ManufactureCountry>לא ידוע</ManufactureCountry>
      <ManufacturerItemDescription>משקה גו לייט תות בננ</ManufacturerItemDescription>
      <UnitQty>לא ידוע</UnitQty>
      <Quantity>250.00</Quantity>
      <UnitOfMeasure>לא ידוע</UnitOfMeasure>
      <bIsWeighted>0</bIsWeighted>
      <QtyInPackage>לא ידוע</QtyInPackage>
      <ItemPrice>8.40</ItemPrice>
      <UnitOfMeasurePrice>0.0336</UnitOfMeasurePrice>
      <AllowDiscount>1</AllowDiscount>
      <ItemStatus>1</ItemStatus>
      <ItemId>219069</ItemId>
    </Item>
    <Item>
      <PriceUpdateDate>2025-08-26 11:21:06</PriceUpdateDate>
      <ItemCode>7290110325121</ItemCode>
      <ItemType>1</ItemType>
      <ItemName>משקה גו לייט מנגו אנ</ItemName>
      <ManufacturerName>לא ידוע</ManufacturerName>
      <ManufactureCountry>לא ידוע</ManufactureCountry>
      <ManufacturerItemDescription>משקה גו לייט מנגו אנ</ManufacturerItemDescription>
      <UnitQty>לא ידוע</UnitQty>
      <Quantity>250.00</Quantity>
      <UnitOfMeasure>לא ידוע</UnitOfMeasure>
      <bIsWeighted>0</bIsWeighted>
      <QtyInPackage>לא ידוע</QtyInPackage>
      <ItemPrice>8.40</ItemPrice>
      <UnitOfMeasurePrice>0.0336</UnitOfMeasurePrice>
      <AllowDiscount>1</AllowDiscount>
      <ItemStatus>1</ItemStatus>
      <ItemId>219070</ItemId>
    </Item>
    <Item>
      <PriceUpdateDate>2025-08-18 11:47:07</PriceUpdateDate>
      <ItemCode>7290002453802</ItemCode>
      <ItemType>1</ItemType>
      <ItemName>קבב אסלי קפוא בוואקו</ItemName>
      <ManufacturerName>לא ידוע</ManufacturerName>
      <ManufactureCountry>לא ידוע</ManufactureCountry>
      <ManufacturerItemDescription>קבב אסלי קפוא בוואקו</ManufacturerItemDescription>
      <UnitQty>לא ידוע</UnitQty>
      <Quantity>1000.00</Quantity>
      <UnitOfMeasure>לא ידוע</UnitOfMeasure>
      <bIsWeighted>0</bIsWeighted>
      <QtyInPackage>לא ידוע</QtyInPackage>
      <ItemPrice>63.90</ItemPrice>
      <UnitOfMeasurePrice>0.0639</UnitOfMeasurePrice>
      <AllowDiscount>1</AllowDiscount>
      <ItemStatus>1</ItemStatus>
      <ItemId>219076</ItemId>
    </Item>
    <Item>
      <PriceUpdateDate>2025-08-27 10:26:30</PriceUpdateDate>
      <ItemCode>5410769800097</ItemCode>
      <ItemType>1</ItemType>
      <ItemName>בירה צ'רי שוף 330 מ"</ItemName>
      <ManufacturerName>לא ידוע</ManufacturerName>
      <ManufactureCountry>לא ידוע</ManufactureCountry>
      <ManufacturerItemDescription>בירה צ'רי שוף 330 מ"</ManufacturerItemDescription>
      <UnitQty>לא ידוע</UnitQty>
      <Quantity>330.00</Quantity>
      <UnitOfMeasure>לא ידוע</UnitOfMeasure>
      <bIsWeighted>0</bIsWeighted>
      <QtyInPackage>לא ידוע</QtyInPackage>
      <ItemPrice>16.90</ItemPrice>
      <UnitOfMeasurePrice>0.0512</UnitOfMeasurePrice>
      <AllowDiscount>1</AllowDiscount>
      <ItemStatus>1</ItemStatus>
      <ItemId>219083</ItemId>
    </Item>
    <Item>
      <PriceUpdateDate>2025-08-26 16:05:07</PriceUpdateDate>
      <ItemCode>7290112965301</ItemCode>
      <ItemType>1</ItemType>
      <ItemName>זוג מרק נמס טעם עוף</ItemName>
      <ManufacturerName>לא ידוע</ManufacturerName>
      <ManufactureCountry>לא ידוע</ManufactureCountry>
      <ManufacturerItemDescription>זוג מרק נמס טעם עוף</ManufacturerItemDescription>
      <UnitQty>לא ידוע</UnitQty>
      <Quantity>38.00</Quantity>
      <UnitOfMeasure>לא ידוע</UnitOfMeasure>
      <bIsWeighted>0</bIsWeighted>
      <QtyInPackage>לא ידוע</QtyInPackage>
      <ItemPrice>7.50</ItemPrice>
      <UnitOfMeasurePrice>0.1974</UnitOfMeasurePrice>
      <AllowDiscount>1</AllowDiscount>
      <ItemStatus>1</ItemStatus>
      <ItemId>219100</ItemId>
    </Item>
    <Item>
      <PriceUpdateDate>2025-08-26 16:05:06</PriceUpdateDate>
      <ItemCode>7290112965240</ItemCode>
      <ItemType>1</ItemType>
      <ItemName>זוג מרק נמס עגבניות</ItemName>
      <ManufacturerName>לא ידוע</ManufacturerName>
      <ManufactureCountry>לא ידוע</ManufactureCountry>
      <ManufacturerItemDescription>זוג מרק נמס עגבניות</ManufacturerItemDescription>
      <UnitQty>לא ידוע</UnitQty>
      <Quantity>44.00</Quantity>
      <UnitOfMeasure>לא ידוע</UnitOfMeasure>
      <bIsWeighted>0</bIsWeighted>
      <QtyInPackage>לא ידוע</QtyInPackage>
      <ItemPrice>7.50</ItemPrice>
      <UnitOfMeasurePrice>0.1705</UnitOfMeasurePrice>
      <AllowDiscount>1</AllowDiscount>
      <ItemStatus>1</ItemStatus>
      <ItemId>219102</ItemId>
    </Item>
    <Item>
      <PriceUpdateDate>2025-08-31 14:05:57</PriceUpdateDate>
      <ItemCode>7290019393085</ItemCode>
      <ItemType>1</ItemType>
      <ItemName>האופה פתיתים קוסקוס</ItemName>
      <ManufacturerName>לא ידוע</ManufacturerName>
      <ManufactureCountry>לא ידוע</ManufactureCountry>
      <ManufacturerItemDescription>האופה פתיתים קוסקוס</ManufacturerItemDescription>
      <UnitQty>לא ידוע</UnitQty>
      <Quantity>400.00</Quantity>
      <UnitOfMeasure>לא ידוע</UnitOfMeasure>
      <bIsWeighted>0</bIsWeighted>
      <QtyInPackage>לא ידוע</QtyInPackage>
      <ItemPrice>6.50</ItemPrice>
      <UnitOfMeasurePrice>0.0163</UnitOfMeasurePrice>
      <AllowDiscount>1</AllowDiscount>
      <ItemStatus>1</ItemStatus>
      <ItemId>251684</ItemId>
    </Item>
    <Item>
      <PriceUpdateDate>2025-08-31 10:18:24</PriceUpdateDate>
      <ItemCode>7290016277562</ItemCode>
      <ItemType>1</ItemType>
      <ItemName>אגוזי מלך קלופים 300</ItemName>
      <ManufacturerName>לא ידוע</ManufacturerName>
      <ManufactureCountry>לא ידוע</ManufactureCountry>
      <ManufacturerItemDescription>אגוזי מלך קלופים 300</ManufacturerItemDescription>
      <UnitQty>לא ידוע</UnitQty>
      <Quantity>300.00</Quantity>
      <UnitOfMeasure>לא ידוע</UnitOfMeasure>
      <bIsWeighted>0</bIsWeighted>
      <QtyInPackage>לא ידוע</QtyInPackage>
      <ItemPrice>25.90</ItemPrice>
      <UnitOfMeasurePrice>0.0863</UnitOfMeasurePrice>
      <AllowDiscount>1</AllowDiscount>
      <ItemStatus>1</ItemStatus>
      <ItemId>219240</ItemId>
    </Item>
    <Item>
      <PriceUpdateDate>2025-08-31 08:44:39</PriceUpdateDate>
      <ItemCode>7290013144317</ItemCode>
      <ItemType>1</ItemType>
      <ItemName>ג'וני - גלילית וופל</ItemName>
      <ManufacturerName>לא ידוע</ManufacturerName>
      <ManufactureCountry>לא ידוע</ManufactureCountry>
      <ManufacturerItemDescription>ג'וני - גלילית וופל</ManufacturerItemDescription>
      <UnitQty>לא ידוע</UnitQty>
      <Quantity>150.00</Quantity>
      <UnitOfMeasure>לא ידוע</UnitOfMeasure>
      <bIsWeighted>0</bIsWeighted>
      <QtyInPackage>לא ידוע</QtyInPackage>
      <ItemPrice>26.90</ItemPrice>
      <UnitOfMeasurePrice>0.1793</UnitOfMeasurePrice>
      <AllowDiscount>1</AllowDiscount>
      <ItemStatus>1</ItemStatus>
      <ItemId>219244</ItemId>
    </Item>
    <Item>
      <PriceUpdateDate>2024-12-31 12:16:42</PriceUpdateDate>
      <ItemCode>7290108351804</ItemCode>
      <ItemType>1</ItemType>
      <ItemName>מקסימה מרכך מרוכז ג'</ItemName>
      <ManufacturerName>לא ידוע</ManufacturerName>
      <ManufactureCountry>לא ידוע</ManufactureCountry>
      <ManufacturerItemDescription>מקסימה מרכך מרוכז ג'</ManufacturerItemDescription>
      <UnitQty>לא ידוע</UnitQty>
      <Quantity>1000.00</Quantity>
      <UnitOfMeasure>לא ידוע</UnitOfMeasure>
      <bIsWeighted>0</bIsWeighted>
      <QtyInPackage>לא ידוע</QtyInPackage>
      <ItemPrice>19.90</ItemPrice>
      <UnitOfMeasurePrice>0.0199</UnitOfMeasurePrice>
      <AllowDiscount>1</AllowDiscount>
      <ItemStatus>1</ItemStatus>
      <ItemId>219326</ItemId>
    </Item>
    <Item>
      <PriceUpdateDate>2025-08-18 09:15:24</PriceUpdateDate>
      <ItemCode>7290000318349</ItemCode>
      <ItemType>1</ItemType>
      <ItemName>פסטרמה בסגנון איטלקי</ItemName>
      <ManufacturerName>לא ידוע</ManufacturerName>
      <ManufactureCountry>לא ידוע</ManufactureCountry>
      <ManufacturerItemDescription>פסטרמה בסגנון איטלקי</ManufacturerItemDescription>
      <UnitQty>קילוגרמים</UnitQty>
      <Quantity>1.00</Quantity>
      <UnitOfMeasure>ק"ג</UnitOfMeasure>
      <bIsWeighted>1</bIsWeighted>
      <QtyInPackage>לא ידוע</QtyInPackage>
      <ItemPrice>110.00</ItemPrice>
      <UnitOfMeasurePrice>110.0000</UnitOfMeasurePrice>
      <AllowDiscount>1</AllowDiscount>
      <ItemStatus>1</ItemStatus>
      <ItemId>219346</ItemId>
    </Item>
    <Item>
      <PriceUpdateDate>2025-08-18 09:17:58</PriceUpdateDate>
      <ItemCode>7290005079290</ItemCode>
      <ItemType>1</ItemType>
      <ItemName>חריץ גבינה צהובה  15</ItemName>
      <ManufacturerName>לא ידוע</ManufacturerName>
      <ManufactureCountry>ישראל</ManufactureCountry>
      <ManufacturerItemDescription>חריץ גבינה צהובה  15</ManufacturerItemDescription>
      <UnitQty>קילוגרמים</UnitQty>
      <Quantity>1.00</Quantity>
      <UnitOfMeasure>ק"ג</UnitOfMeasure>
      <bIsWeighted>1</bIsWeighted>
      <QtyInPackage>לא ידוע</QtyInPackage>
      <ItemPrice>90.90</ItemPrice>
      <UnitOfMeasurePrice>90.9000</UnitOfMeasurePrice>
      <AllowDiscount>1</AllowDiscount>
      <ItemStatus>1</ItemStatus>
      <ItemId>219358</ItemId>
    </Item>
    <Item>
      <PriceUpdateDate>2025-08-26 11:53:59</PriceUpdateDate>
      <ItemCode>7290000009247</ItemCode>
      <ItemType>1</ItemType>
      <ItemName>גבינה צהובה נעם 9% ח</ItemName>
      <ManufacturerName>לא ידוע</ManufacturerName>
      <ManufactureCountry>ישראל</ManufactureCountry>
      <ManufacturerItemDescription>גבינה צהובה נעם 9% ח</ManufacturerItemDescription>
      <UnitQty>קילוגרמים</UnitQty>
      <Quantity>1.00</Quantity>
      <UnitOfMeasure>ק"ג</UnitOfMeasure>
      <bIsWeighted>1</bIsWeighted>
      <QtyInPackage>לא ידוע</QtyInPackage>
      <ItemPrice>89.90</ItemPrice>
      <UnitOfMeasurePrice>89.9000</UnitOfMeasurePrice>
      <AllowDiscount>1</AllowDiscount>
      <ItemStatus>1</ItemStatus>
      <ItemId>219359</ItemId>
    </Item>
    <Item>
      <PriceUpdateDate>2025-08-18 09:16:32</PriceUpdateDate>
      <ItemCode>7290004861025</ItemCode>
      <ItemType>1</ItemType>
      <ItemName>בולגרית 5% המושבה</ItemName>
      <ManufacturerName>לא ידוע</ManufacturerName>
      <ManufactureCountry>ישראל</ManufactureCountry>
      <ManufacturerItemDescription>בולגרית 5% המושבה</ManufacturerItemDescription>
      <UnitQty>קילוגרמים</UnitQty>
      <Quantity>1.00</Quantity>
      <UnitOfMeasure>ק"ג</UnitOfMeasure>
      <bIsWeighted>1</bIsWeighted>
      <QtyInPackage>לא ידוע</QtyInPackage>
      <ItemPrice>65.00</ItemPrice>
      <UnitOfMeasurePrice>65.0000</UnitOfMeasurePrice>
      <AllowDiscount>1</AllowDiscount>
      <ItemStatus>1</ItemStatus>
      <ItemId>219365</ItemId>
    </Item>
    <Item>
      <PriceUpdateDate>2025-08-18 09:16:45</PriceUpdateDate>
      <ItemCode>7290000046549</ItemCode>
      <ItemType>1</ItemType>
      <ItemName>מוצרלה 22% תנובה</ItemName>
      <ManufacturerName>לא ידוע</ManufacturerName>
      <ManufactureCountry>ישראל</ManufactureCountry>
      <ManufacturerItemDescription>מוצרלה 22% תנובה</ManufacturerItemDescription>
      <UnitQty>קילוגרמים</UnitQty>
      <Quantity>1.00</Quantity>
      <UnitOfMeasure>ק"ג</UnitOfMeasure>
      <bIsWeighted>1</bIsWeighted>
      <QtyInPackage>לא ידוע</QtyInPackage>
      <ItemPrice>109.00</ItemPrice>
      <UnitOfMeasurePrice>109.0000</UnitOfMeasurePrice>
      <AllowDiscount>1</AllowDiscount>
      <ItemStatus>1</ItemStatus>
      <ItemId>219376</ItemId>
    </Item>
    <Item>
      <PriceUpdateDate>2025-08-18 09:16:46</PriceUpdateDate>
      <ItemCode>7290000047027</ItemCode>
      <ItemType>1</ItemType>
      <ItemName>קאשקבל 28% תנובה חלב</ItemName>
      <ManufacturerName>קריות זול</ManufacturerName>
      <ManufactureCountry>ישראל</ManufactureCountry>
      <ManufacturerItemDescription>קאשקבל 28% תנובה חלב</ManufacturerItemDescription>
      <UnitQty>קילוגרמים</UnitQty>
      <Quantity>1.00</Quantity>
      <UnitOfMeasure>ק"ג</UnitOfMeasure>
      <bIsWeighted>1</bIsWeighted>
      <QtyInPackage>לא ידוע</QtyInPackage>
      <ItemPrice>159.00</ItemPrice>
      <UnitOfMeasurePrice>159.0000</UnitOfMeasurePrice>
      <AllowDiscount>1</AllowDiscount>
      <ItemStatus>1</ItemStatus>
      <ItemId>219377</ItemId>
    </Item>
    <Item>
      <PriceUpdateDate>2025-08-18 09:16:46</PriceUpdateDate>
      <ItemCode>7290000047034</ItemCode>
      <ItemType>1</ItemType>
      <ItemName>רוקפור 28% תנובה</ItemName>
      <ManufacturerName>לא ידוע</ManufacturerName>
      <ManufactureCountry>ישראל</ManufactureCountry>
      <ManufacturerItemDescription>רוקפור 28% תנובה</ManufacturerItemDescription>
      <UnitQty>קילוגרמים</UnitQty>
      <Quantity>1.00</Quantity>
      <UnitOfMeasure>ק"ג</UnitOfMeasure>
      <bIsWeighted>1</bIsWeighted>
      <QtyInPackage>לא ידוע</QtyInPackage>
      <ItemPrice>159.00</ItemPrice>
      <UnitOfMeasurePrice>159.0000</UnitOfMeasurePrice>
      <AllowDiscount>1</AllowDiscount>
      <ItemStatus>1</ItemStatus>
      <ItemId>219378</ItemId>
    </Item>
    <Item>
      <PriceUpdateDate>2025-08-21 13:13:30</PriceUpdateDate>
      <ItemCode>7290002715375</ItemCode>
      <ItemType>1</ItemType>
      <ItemName>קבב יווני 400 גרם</ItemName>
      <ManufacturerName>קריות זול</ManufacturerName>
      <ManufactureCountry>לא ידוע</ManufactureCountry>
      <ManufacturerItemDescription>קבב יווני 400 גרם</ManufacturerItemDescription>
      <UnitQty>לא ידוע</UnitQty>
      <Quantity>400.00</Quantity>
      <UnitOfMeasure>לא ידוע</UnitOfMeasure>
      <bIsWeighted>0</bIsWeighted>
      <QtyInPackage>לא ידוע</QtyInPackage>
      <ItemPrice>22.90</ItemPrice>
      <UnitOfMeasurePrice>0.0572</UnitOfMeasurePrice>
      <AllowDiscount>1</AllowDiscount>
      <ItemStatus>1</ItemStatus>
      <ItemId>219425</ItemId>
    </Item>
    <Item>
      <PriceUpdateDate>2025-08-21 13:13:44</PriceUpdateDate>
      <ItemCode>7290004230944</ItemCode>
      <ItemType>1</ItemType>
      <ItemName>מקלות פילו גבינה 600</ItemName>
      <ManufacturerName>לא ידוע</ManufacturerName>
      <ManufactureCountry>לא ידוע</ManufactureCountry>
      <ManufacturerItemDescription>מקלות פילו גבינה 600</ManufacturerItemDescription>
      <UnitQty>לא ידוע</UnitQty>
      <Quantity>600.00</Quantity>
      <UnitOfMeasure>לא ידוע</UnitOfMeasure>
      <bIsWeighted>0</bIsWeighted>
      <QtyInPackage>לא ידוע</QtyInPackage>
      <ItemPrice>20.90</ItemPrice>
      <UnitOfMeasurePrice>0.0348</UnitOfMeasurePrice>
      <AllowDiscount>1</AllowDiscount>
      <ItemStatus>1</ItemStatus>
      <ItemId>219488</ItemId>
    </Item>
    <Item>
      <PriceUpdateDate>2025-08-19 08:35:38</PriceUpdateDate>
      <ItemCode>3800205878599</ItemCode>
      <ItemType>1</ItemType>
      <ItemName>וופלים מוטו עם קרם ב</ItemName>
      <ManufacturerName>קריות זול</ManufacturerName>
      <ManufactureCountry>לא ידוע</ManufactureCountry>
      <ManufacturerItemDescription>וופלים מוטו עם קרם ב</ManufacturerItemDescription>
      <UnitQty>לא ידוע</UnitQty>
      <Quantity>170.00</Quantity>
      <UnitOfMeasure>לא ידוע</UnitOfMeasure>
      <bIsWeighted>0</bIsWeighted>
      <QtyInPackage>לא ידוע</QtyInPackage>
      <ItemPrice>13.90</ItemPrice>
      <UnitOfMeasurePrice>0.0818</UnitOfMeasurePrice>
      <AllowDiscount>1</AllowDiscount>
      <ItemStatus>1</ItemStatus>
      <ItemId>246287</ItemId>
    </Item>
    <Item>
      <PriceUpdateDate>2025-08-21 13:13:16</PriceUpdateDate>
      <ItemCode>7290000552569</ItemCode>
      <ItemType>1</ItemType>
      <ItemName>סטייק בורגר 400 גרם</ItemName>
      <ManufacturerName>קריות זול</ManufacturerName>
      <ManufactureCountry>לא ידוע</ManufactureCountry>
      <ManufacturerItemDescription>סטייק בורגר 400 גרם</ManufacturerItemDescription>
      <UnitQty>לא ידוע</UnitQty>
      <Quantity>400.00</Quantity>
      <UnitOfMeasure>לא ידוע</UnitOfMeasure>
      <bIsWeighted>0</bIsWeighted>
      <QtyInPackage>לא ידוע</QtyInPackage>
      <ItemPrice>24.90</ItemPrice>
      <UnitOfMeasurePrice>0.0622</UnitOfMeasurePrice>
      <AllowDiscount>1</AllowDiscount>
      <ItemStatus>1</ItemStatus>
      <ItemId>219432</ItemId>
    </Item>
    <Item>
      <PriceUpdateDate>2025-08-21 13:13:20</PriceUpdateDate>
      <ItemCode>7290002109488</ItemCode>
      <ItemType>1</ItemType>
      <ItemName>קבב אמיתי100% 440 גר</ItemName>
      <ManufacturerName>לא ידוע</ManufacturerName>
      <ManufactureCountry>לא ידוע</ManufactureCountry>
      <ManufacturerItemDescription>קבב אמיתי100% 440 גר</ManufacturerItemDescription>
      <UnitQty>לא ידוע</UnitQty>
      <Quantity>440.00</Quantity>
      <UnitOfMeasure>לא ידוע</UnitOfMeasure>
      <bIsWeighted>0</bIsWeighted>
      <QtyInPackage>לא ידוע</QtyInPackage>
      <ItemPrice>22.90</ItemPrice>
      <UnitOfMeasurePrice>0.0520</UnitOfMeasurePrice>
      <AllowDiscount>1</AllowDiscount>
      <ItemStatus>1</ItemStatus>
      <ItemId>219434</ItemId>
    </Item>
    <Item>
      <PriceUpdateDate>2025-08-21 13:13:36</PriceUpdateDate>
      <ItemCode>7290003185719</ItemCode>
      <ItemType>1</ItemType>
      <ItemName>קבב רומני 500 גרם</ItemName>
      <ManufacturerName>קריות זול</ManufacturerName>
      <ManufactureCountry>לא ידוע</ManufactureCountry>
      <ManufacturerItemDescription>קבב רומני 500 גרם</ManufacturerItemDescription>
      <UnitQty>לא ידוע</UnitQty>
      <Quantity>500.00</Quantity>
      <UnitOfMeasure>לא ידוע</UnitOfMeasure>
      <bIsWeighted>0</bIsWeighted>
      <QtyInPackage>לא ידוע</QtyInPackage>
      <ItemPrice>22.90</ItemPrice>
      <UnitOfMeasurePrice>0.0458</UnitOfMeasurePrice>
      <AllowDiscount>1</AllowDiscount>
      <ItemStatus>1</ItemStatus>
      <ItemId>219438</ItemId>
    </Item>
    <Item>
      <PriceUpdateDate>2025-08-21 13:13:42</PriceUpdateDate>
      <ItemCode>7290004011819</ItemCode>
      <ItemType>1</ItemType>
      <ItemName>המבורגר ריב אנטריקוט</ItemName>
      <ManufacturerName>לא ידוע</ManufacturerName>
      <ManufactureCountry>לא ידוע</ManufactureCountry>
      <ManufacturerItemDescription>המבורגר ריב אנטריקוט</ManufacturerItemDescription>
      <UnitQty>לא ידוע</UnitQty>
      <Quantity>360.00</Quantity>
      <UnitOfMeasure>לא ידוע</UnitOfMeasure>
      <bIsWeighted>0</bIsWeighted>
      <QtyInPackage>לא ידוע</QtyInPackage>
      <ItemPrice>25.90</ItemPrice>
      <UnitOfMeasurePrice>0.0719</UnitOfMeasurePrice>
      <AllowDiscount>1</AllowDiscount>
      <ItemStatus>1</ItemStatus>
      <ItemId>219453</ItemId>
    </Item>
    <Item>
      <PriceUpdateDate>2025-08-21 13:13:17</PriceUpdateDate>
      <ItemCode>7290001123782</ItemCode>
      <ItemType>1</ItemType>
      <ItemName>שווארמה הודו 500 גרם</ItemName>
      <ManufacturerName>קריות זול</ManufacturerName>
      <ManufactureCountry>לא ידוע</ManufactureCountry>
      <ManufacturerItemDescription>שווארמה הודו 500 גרם</ManufacturerItemDescription>
      <UnitQty>לא ידוע</UnitQty>
      <Quantity>500.00</Quantity>
      <UnitOfMeasure>לא ידוע</UnitOfMeasure>
      <bIsWeighted>0</bIsWeighted>
      <QtyInPackage>לא ידוע</QtyInPackage>
      <ItemPrice>31.90</ItemPrice>
      <UnitOfMeasurePrice>0.0638</UnitOfMeasurePrice>
      <AllowDiscount>1</AllowDiscount>
      <ItemStatus>1</ItemStatus>
      <ItemId>219455</ItemId>
    </Item>
    <Item>
      <PriceUpdateDate>2025-08-21 13:13:50</PriceUpdateDate>
      <ItemCode>7290008343466</ItemCode>
      <ItemType>1</ItemType>
      <ItemName>בצק פילו 500 גרם</ItemName>
      <ManufacturerName>לא ידוע</ManufacturerName>
      <ManufactureCountry>לא ידוע</ManufactureCountry>
      <ManufacturerItemDescription>בצק פילו 500 גרם</ManufacturerItemDescription>
      <UnitQty>לא ידוע</UnitQty>
      <Quantity>500.00</Quantity>
      <UnitOfMeasure>לא ידוע</UnitOfMeasure>
      <bIsWeighted>0</bIsWeighted>
      <QtyInPackage>לא ידוע</QtyInPackage>
      <ItemPrice>21.90</ItemPrice>
      <UnitOfMeasurePrice>0.0438</UnitOfMeasurePrice>
      <AllowDiscount>1</AllowDiscount>
      <ItemStatus>1</ItemStatus>
      <ItemId>219459</ItemId>
    </Item>
    <Item>
      <PriceUpdateDate>2025-08-21 13:13:26</PriceUpdateDate>
      <ItemCode>7290002487364</ItemCode>
      <ItemType>1</ItemType>
      <ItemName>בורקס פילו גבינה+זית</ItemName>
      <ManufacturerName>לא ידוע</ManufacturerName>
      <ManufactureCountry>לא ידוע</ManufactureCountry>
      <ManufacturerItemDescription>בורקס פילו גבינה+זית</ManufacturerItemDescription>
      <UnitQty>לא ידוע</UnitQty>
      <Quantity>700.00</Quantity>
      <UnitOfMeasure>לא ידוע</UnitOfMeasure>
      <bIsWeighted>0</bIsWeighted>
      <QtyInPackage>לא ידוע</QtyInPackage>
      <ItemPrice>20.90</ItemPrice>
      <UnitOfMeasurePrice>0.0299</UnitOfMeasurePrice>
      <AllowDiscount>1</AllowDiscount>
      <ItemStatus>1</ItemStatus>
      <ItemId>219461</ItemId>
    </Item>
    <Item>
      <PriceUpdateDate>2025-08-21 13:13:20</PriceUpdateDate>
      <ItemCode>7290002109372</ItemCode>
      <ItemType>1</ItemType>
      <ItemName>אצבעות פילו בולגרית</ItemName>
      <ManufacturerName>לא ידוע</ManufacturerName>
      <ManufactureCountry>לא ידוע</ManufactureCountry>
      <ManufacturerItemDescription>אצבעות פילו בולגרית</ManufacturerItemDescription>
      <UnitQty>לא ידוע</UnitQty>
      <Quantity>700.00</Quantity>
      <UnitOfMeasure>לא ידוע</UnitOfMeasure>
      <bIsWeighted>0</bIsWeighted>
      <QtyInPackage>לא ידוע</QtyInPackage>
      <ItemPrice>20.90</ItemPrice>
      <UnitOfMeasurePrice>0.0299</UnitOfMeasurePrice>
      <AllowDiscount>1</AllowDiscount>
      <ItemStatus>1</ItemStatus>
      <ItemId>219466</ItemId>
    </Item>
    <Item>
      <PriceUpdateDate>2025-08-21 13:13:25</PriceUpdateDate>
      <ItemCode>7290002327912</ItemCode>
      <ItemType>1</ItemType>
      <ItemName>מיני בורקס גבינה 700</ItemName>
      <ManufacturerName>קריות זול</ManufacturerName>
      <ManufactureCountry>לא ידוע</ManufactureCountry>
      <ManufacturerItemDescription>מיני בורקס גבינה 700</ManufacturerItemDescription>
      <UnitQty>לא ידוע</UnitQty>
      <Quantity>700.00</Quantity>
      <UnitOfMeasure>לא ידוע</UnitOfMeasure>
      <bIsWeighted>0</bIsWeighted>
      <QtyInPackage>לא ידוע</QtyInPackage>
      <ItemPrice>20.90</ItemPrice>
      <UnitOfMeasurePrice>0.0299</UnitOfMeasurePrice>
      <AllowDiscount>1</AllowDiscount>
      <ItemStatus>1</ItemStatus>
      <ItemId>219502</ItemId>
    </Item>
    <Item>
      <PriceUpdateDate>2025-08-21 13:13:25</PriceUpdateDate>
      <ItemCode>7290002327103</ItemCode>
      <ItemType>1</ItemType>
      <ItemName>ג'חנון 900 גרם</ItemName>
      <ManufacturerName>קריות זול</ManufacturerName>
      <ManufactureCountry>לא ידוע</ManufactureCountry>
      <ManufacturerItemDescription>ג'חנון 900 גרם</ManufacturerItemDescription>
      <UnitQty>לא ידוע</UnitQty>
      <Quantity>900.00</Quantity>
      <UnitOfMeasure>לא ידוע</UnitOfMeasure>
      <bIsWeighted>0</bIsWeighted>
      <QtyInPackage>לא ידוע</QtyInPackage>
      <ItemPrice>20.90</ItemPrice>
      <UnitOfMeasurePrice>0.0232</UnitOfMeasurePrice>
      <AllowDiscount>1</AllowDiscount>
      <ItemStatus>1</ItemStatus>
      <ItemId>219505</ItemId>
    </Item>
    <Item>
      <PriceUpdateDate>2025-08-21 13:13:25</PriceUpdateDate>
      <ItemCode>7290002327929</ItemCode>
      <ItemType>1</ItemType>
      <ItemName>מיני בורקס תפו"א 700</ItemName>
      <ManufacturerName>קריות זול</ManufacturerName>
      <ManufactureCountry>לא ידוע</ManufactureCountry>
      <ManufacturerItemDescription>מיני בורקס תפו"א 700</ManufacturerItemDescription>
      <UnitQty>לא ידוע</UnitQty>
      <Quantity>700.00</Quantity>
      <UnitOfMeasure>לא ידוע</UnitOfMeasure>
      <bIsWeighted>0</bIsWeighted>
      <QtyInPackage>לא ידוע</QtyInPackage>
      <ItemPrice>20.90</ItemPrice>
      <UnitOfMeasurePrice>0.0299</UnitOfMeasurePrice>
      <AllowDiscount>1</AllowDiscount>
      <ItemStatus>1</ItemStatus>
      <ItemId>219506</ItemId>
    </Item>
    <Item>
      <PriceUpdateDate>2025-08-21 13:13:31</PriceUpdateDate>
      <ItemCode>7290002757139</ItemCode>
      <ItemType>1</ItemType>
      <ItemName>מלוואח 700 גרם</ItemName>
      <ManufacturerName>לא ידוע</ManufacturerName>
      <ManufactureCountry>לא ידוע</ManufactureCountry>
      <ManufacturerItemDescription>מלוואח 700 גרם</ManufacturerItemDescription>
      <UnitQty>לא ידוע</UnitQty>
      <Quantity>700.00</Quantity>
      <UnitOfMeasure>לא ידוע</UnitOfMeasure>
      <bIsWeighted>0</bIsWeighted>
      <QtyInPackage>לא ידוע</QtyInPackage>
      <ItemPrice>16.90</ItemPrice>
      <UnitOfMeasurePrice>0.0241</UnitOfMeasurePrice>
      <AllowDiscount>1</AllowDiscount>
      <ItemStatus>1</ItemStatus>
      <ItemId>219507</ItemId>
    </Item>
    <Item>
      <PriceUpdateDate>2025-08-21 13:13:50</PriceUpdateDate>
      <ItemCode>7290008343503</ItemCode>
      <ItemType>1</ItemType>
      <ItemName>גחנון אפוי 650 גרם ש</ItemName>
      <ManufacturerName>קריות זול</ManufacturerName>
      <ManufactureCountry>לא ידוע</ManufactureCountry>
      <ManufacturerItemDescription>גחנון אפוי 650 גרם ש</ManufacturerItemDescription>
      <UnitQty>לא ידוע</UnitQty>
      <Quantity>650.00</Quantity>
      <UnitOfMeasure>לא ידוע</UnitOfMeasure>
      <bIsWeighted>0</bIsWeighted>
      <QtyInPackage>לא ידוע</QtyInPackage>
      <ItemPrice>20.90</ItemPrice>
      <UnitOfMeasurePrice>0.0322</UnitOfMeasurePrice>
      <AllowDiscount>1</AllowDiscount>
      <ItemStatus>1</ItemStatus>
      <ItemId>219508</ItemId>
    </Item>
    <Item>
      <PriceUpdateDate>2025-08-21 13:13:42</PriceUpdateDate>
      <ItemCode>7290004048679</ItemCode>
      <ItemType>1</ItemType>
      <ItemName>קובה למרק 1 קג שלושת</ItemName>
      <ManufacturerName>לא ידוע</ManufacturerName>
      <ManufactureCountry>לא ידוע</ManufactureCountry>
      <ManufacturerItemDescription>קובה למרק 1 קג שלושת</ManufacturerItemDescription>
      <UnitQty>לא ידוע</UnitQty>
      <Quantity>1.00</Quantity>
      <UnitOfMeasure>לא ידוע</UnitOfMeasure>
      <bIsWeighted>0</bIsWeighted>
      <QtyInPackage>לא ידוע</QtyInPackage>
      <ItemPrice>24.90</ItemPrice>
      <UnitOfMeasurePrice>24.9000</UnitOfMeasurePrice>
      <AllowDiscount>1</AllowDiscount>
      <ItemStatus>1</ItemStatus>
      <ItemId>219527</ItemId>
    </Item>
    <Item>
      <PriceUpdateDate>2025-08-21 13:13:51</PriceUpdateDate>
      <ItemCode>7290008343572</ItemCode>
      <ItemType>1</ItemType>
      <ItemName>אגרול סיני 1 ק"ג שלו</ItemName>
      <ManufacturerName>לא ידוע</ManufacturerName>
      <ManufactureCountry>לא ידוע</ManufactureCountry>
      <ManufacturerItemDescription>אגרול סיני 1 ק"ג שלו</ManufacturerItemDescription>
      <UnitQty>לא ידוע</UnitQty>
      <Quantity>1000.00</Quantity>
      <UnitOfMeasure>לא ידוע</UnitOfMeasure>
      <bIsWeighted>0</bIsWeighted>
      <QtyInPackage>לא ידוע</QtyInPackage>
      <ItemPrice>24.90</ItemPrice>
      <UnitOfMeasurePrice>0.0249</UnitOfMeasurePrice>
      <AllowDiscount>1</AllowDiscount>
      <ItemStatus>1</ItemStatus>
      <ItemId>219528</ItemId>
    </Item>
    <Item>
      <PriceUpdateDate>2025-08-21 13:13:51</PriceUpdateDate>
      <ItemCode>7290008343619</ItemCode>
      <ItemType>1</ItemType>
      <ItemName>פסטלים תפו"א 1 ק"ג</ItemName>
      <ManufacturerName>לא ידוע</ManufacturerName>
      <ManufactureCountry>לא ידוע</ManufactureCountry>
      <ManufacturerItemDescription>פסטלים תפו"א 1 ק"ג</ManufacturerItemDescription>
      <UnitQty>קילוגרמים</UnitQty>
      <Quantity>1.00</Quantity>
      <UnitOfMeasure>ק"ג     </UnitOfMeasure>
      <bIsWeighted>0</bIsWeighted>
      <QtyInPackage>לא ידוע</QtyInPackage>
      <ItemPrice>24.90</ItemPrice>
      <UnitOfMeasurePrice>24.9000</UnitOfMeasurePrice>
      <AllowDiscount>1</AllowDiscount>
      <ItemStatus>1</ItemStatus>
      <ItemId>219529</ItemId>
    </Item>
    <Item>
      <PriceUpdateDate>2025-10-05 09:57:25</PriceUpdateDate>
      <ItemCode>7290004011291</ItemCode>
      <ItemType>1</ItemType>
      <ItemName>ריצ בסיס להכנת קצפת</ItemName>
      <ManufacturerName>לא ידוע</ManufacturerName>
      <ManufactureCountry>לא ידוע</ManufactureCountry>
      <ManufacturerItemDescription>ריצ בסיס להכנת קצפת</ManufacturerItemDescription>
      <UnitQty>לא ידוע</UnitQty>
      <Quantity>425.00</Quantity>
      <UnitOfMeasure>לא ידוע</UnitOfMeasure>
      <bIsWeighted>0</bIsWeighted>
      <QtyInPackage>לא ידוע</QtyInPackage>
      <ItemPrice>15.90</ItemPrice>
      <UnitOfMeasurePrice>0.0374</UnitOfMeasurePrice>
      <AllowDiscount>1</AllowDiscount>
      <ItemStatus>1</ItemStatus>
      <ItemId>219535</ItemId>
    </Item>
    <Item>
      <PriceUpdateDate>2025-08-21 13:13:41</PriceUpdateDate>
      <ItemCode>7290004011338</ItemCode>
      <ItemType>1</ItemType>
      <ItemName>ריצ קצפת במיכל 250 מ</ItemName>
      <ManufacturerName>לא ידוע</ManufacturerName>
      <ManufactureCountry>לא ידוע</ManufactureCountry>
      <ManufacturerItemDescription>ריצ קצפת במיכל 250 מ</ManufacturerItemDescription>
      <UnitQty>לא ידוע</UnitQty>
      <Quantity>250.00</Quantity>
      <UnitOfMeasure>לא ידוע</UnitOfMeasure>
      <bIsWeighted>0</bIsWeighted>
      <QtyInPackage>לא ידוע</QtyInPackage>
      <ItemPrice>15.90</ItemPrice>
      <UnitOfMeasurePrice>0.0636</UnitOfMeasurePrice>
      <AllowDiscount>1</AllowDiscount>
      <ItemStatus>1</ItemStatus>
      <ItemId>219536</ItemId>
    </Item>
    <Item>
      <PriceUpdateDate>2025-08-21 13:13:41</PriceUpdateDate>
      <ItemCode>7290004011345</ItemCode>
      <ItemType>1</ItemType>
      <ItemName>ריץ קצפת פרווה 250 ג</ItemName>
      <ManufacturerName>לא ידוע</ManufacturerName>
      <ManufactureCountry>לא ידוע</ManufactureCountry>
      <ManufacturerItemDescription>ריץ קצפת פרווה 250 ג</ManufacturerItemDescription>
      <UnitQty>יחידה   </UnitQty>
      <Quantity>0.00</Quantity>
      <UnitOfMeasure>יחידה   </UnitOfMeasure>
      <bIsWeighted>0</bIsWeighted>
      <QtyInPackage>לא ידוע</QtyInPackage>
      <ItemPrice>14.90</ItemPrice>
      <UnitOfMeasurePrice>0.0000</UnitOfMeasurePrice>
      <AllowDiscount>1</AllowDiscount>
      <ItemStatus>1</ItemStatus>
      <ItemId>219539</ItemId>
    </Item>
    <Item>
      <PriceUpdateDate>2025-08-21 13:13:31</PriceUpdateDate>
      <ItemCode>7290002715580</ItemCode>
      <ItemType>1</ItemType>
      <ItemName>מג'יק טעם סיני בכוס</ItemName>
      <ManufacturerName>קריות זול</ManufacturerName>
      <ManufactureCountry>לא ידוע</ManufactureCountry>
      <ManufacturerItemDescription>מג'יק טעם סיני בכוס</ManufacturerItemDescription>
      <UnitQty>לא ידוע</UnitQty>
      <Quantity>70.00</Quantity>
      <UnitOfMeasure>לא ידוע</UnitOfMeasure>
      <bIsWeighted>0</bIsWeighted>
      <QtyInPackage>לא ידוע</QtyInPackage>
      <ItemPrice>6.90</ItemPrice>
      <UnitOfMeasurePrice>0.0986</UnitOfMeasurePrice>
      <AllowDiscount>1</AllowDiscount>
      <ItemStatus>1</ItemStatus>
      <ItemId>219549</ItemId>
    </Item>
    <Item>
      <PriceUpdateDate>2025-08-21 13:13:56</PriceUpdateDate>
      <ItemCode>7290010154012</ItemCode>
      <ItemType>1</ItemType>
      <ItemName>לימון כבוש 250 ביטון</ItemName>
      <ManufacturerName>לא ידוע</ManufacturerName>
      <ManufactureCountry>לא ידוע</ManufactureCountry>
      <ManufacturerItemDescription>לימון כבוש 250 ביטון</ManufacturerItemDescription>
      <UnitQty>יחידה   </UnitQty>
      <Quantity>0.00</Quantity>
      <UnitOfMeasure>יחידה   </UnitOfMeasure>
      <bIsWeighted>0</bIsWeighted>
      <QtyInPackage>לא ידוע</QtyInPackage>
      <ItemPrice>17.90</ItemPrice>
      <UnitOfMeasurePrice>0.0000</UnitOfMeasurePrice>
      <AllowDiscount>1</AllowDiscount>
      <ItemStatus>1</ItemStatus>
      <ItemId>219552</ItemId>
    </Item>
    <Item>
      <PriceUpdateDate>2025-08-21 13:13:56</PriceUpdateDate>
      <ItemCode>7290010154029</ItemCode>
      <ItemType>1</ItemType>
      <ItemName>אריסה מתוקה ביטון 25</ItemName>
      <ManufacturerName>קריות זול</ManufacturerName>
      <ManufactureCountry>לא ידוע</ManufactureCountry>
      <ManufacturerItemDescription>אריסה מתוקה ביטון 25</ManufacturerItemDescription>
      <UnitQty>לא ידוע</UnitQty>
      <Quantity>250.00</Quantity>
      <UnitOfMeasure>לא ידוע</UnitOfMeasure>
      <bIsWeighted>0</bIsWeighted>
      <QtyInPackage>לא ידוע</QtyInPackage>
      <ItemPrice>17.90</ItemPrice>
      <UnitOfMeasurePrice>0.0716</UnitOfMeasurePrice>
      <AllowDiscount>1</AllowDiscount>
      <ItemStatus>1</ItemStatus>
      <ItemId>219553</ItemId>
    </Item>
    <Item>
      <PriceUpdateDate>2025-08-21 13:13:57</PriceUpdateDate>
      <ItemCode>7290010154241</ItemCode>
      <ItemType>1</ItemType>
      <ItemName>חזרת ביטון 250 גרם</ItemName>
      <ManufacturerName>קריות זול</ManufacturerName>
      <ManufactureCountry>לא ידוע</ManufactureCountry>
      <ManufacturerItemDescription>חזרת ביטון 250 גרם</ManufacturerItemDescription>
      <UnitQty>לא ידוע</UnitQty>
      <Quantity>250.00</Quantity>
      <UnitOfMeasure>לא ידוע</UnitOfMeasure>
      <bIsWeighted>0</bIsWeighted>
      <QtyInPackage>לא ידוע</QtyInPackage>
      <ItemPrice>17.90</ItemPrice>
      <UnitOfMeasurePrice>0.0716</UnitOfMeasurePrice>
      <AllowDiscount>1</AllowDiscount>
      <ItemStatus>1</ItemStatus>
      <ItemId>219555</ItemId>
    </Item>
    <Item>
      <PriceUpdateDate>2025-08-21 13:13:49</PriceUpdateDate>
      <ItemCode>7290005938245</ItemCode>
      <ItemType>1</ItemType>
      <ItemName>ממרח פסטו 220גר</ItemName>
      <ManufacturerName>לא ידוע</ManufacturerName>
      <ManufactureCountry>לא ידוע</ManufactureCountry>
      <ManufacturerItemDescription>ממרח פסטו 220גר</ManufacturerItemDescription>
      <UnitQty>לא ידוע</UnitQty>
      <Quantity>220.00</Quantity>
      <UnitOfMeasure>לא ידוע</UnitOfMeasure>
      <bIsWeighted>0</bIsWeighted>
      <QtyInPackage>לא ידוע</QtyInPackage>
      <ItemPrice>21.90</ItemPrice>
      <UnitOfMeasurePrice>0.0995</UnitOfMeasurePrice>
      <AllowDiscount>1</AllowDiscount>
      <ItemStatus>1</ItemStatus>
      <ItemId>219563</ItemId>
    </Item>
    <Item>
      <PriceUpdateDate>2025-09-03 11:27:42</PriceUpdateDate>
      <ItemCode>7290112495433</ItemCode>
      <ItemType>1</ItemType>
      <ItemName>דליפקאן בתוספת אגוזי</ItemName>
      <ManufacturerName>לא ידוע</ManufacturerName>
      <ManufactureCountry>לא ידוע</ManufactureCountry>
      <ManufacturerItemDescription>דליפקאן בתוספת אגוזי</ManufacturerItemDescription>
      <UnitQty>לא ידוע</UnitQty>
      <Quantity>400.00</Quantity>
      <UnitOfMeasure>לא ידוע</UnitOfMeasure>
      <bIsWeighted>0</bIsWeighted>
      <QtyInPackage>לא ידוע</QtyInPackage>
      <ItemPrice>29.90</ItemPrice>
      <UnitOfMeasurePrice>0.0747</UnitOfMeasurePrice>
      <AllowDiscount>1</AllowDiscount>
      <ItemStatus>1</ItemStatus>
      <ItemId>219567</ItemId>
    </Item>
    <Item>
      <PriceUpdateDate>2025-08-21 13:13:40</PriceUpdateDate>
      <ItemCode>7290003550753</ItemCode>
      <ItemType>1</ItemType>
      <ItemName>טונה פוסידון בשמן 4*</ItemName>
      <ManufacturerName>לא ידוע</ManufacturerName>
      <ManufactureCountry>לא ידוע</ManufactureCountry>
      <ManufacturerItemDescription>טונה פוסידון בשמן 4*</ManufacturerItemDescription>
      <UnitQty>לא ידוע</UnitQty>
      <Quantity>432.00</Quantity>
      <UnitOfMeasure>לא ידוע</UnitOfMeasure>
      <bIsWeighted>0</bIsWeighted>
      <QtyInPackage>לא ידוע</QtyInPackage>
      <ItemPrice>23.90</ItemPrice>
      <UnitOfMeasurePrice>0.0553</UnitOfMeasurePrice>
      <AllowDiscount>1</AllowDiscount>
      <ItemStatus>1</ItemStatus>
      <ItemId>219582</ItemId>
    </Item>
    <Item>
      <PriceUpdateDate>2025-08-21 13:13:40</PriceUpdateDate>
      <ItemCode>7290003526871</ItemCode>
      <ItemType>1</ItemType>
      <ItemName>שלישיית פטריות חתוכו</ItemName>
      <ManufacturerName>לא ידוע</ManufacturerName>
      <ManufactureCountry>לא ידוע</ManufactureCountry>
      <ManufacturerItemDescription>שלישיית פטריות חתוכו</ManufacturerItemDescription>
      <UnitQty>לא ידוע</UnitQty>
      <Quantity>870.00</Quantity>
      <UnitOfMeasure>לא ידוע</UnitOfMeasure>
      <bIsWeighted>0</bIsWeighted>
      <QtyInPackage>לא ידוע</QtyInPackage>
      <ItemPrice>14.90</ItemPrice>
      <UnitOfMeasurePrice>0.0171</UnitOfMeasurePrice>
      <AllowDiscount>1</AllowDiscount>
      <ItemStatus>1</ItemStatus>
      <ItemId>219593</ItemId>
    </Item>
    <Item>
      <PriceUpdateDate>2025-08-21 13:13:15</PriceUpdateDate>
      <ItemCode>7290000121093</ItemCode>
      <ItemType>1</ItemType>
      <ItemName>מון בלאן שויצרית 7%</ItemName>
      <ManufacturerName>קריות זול</ManufacturerName>
      <ManufactureCountry>לא ידוע</ManufactureCountry>
      <ManufacturerItemDescription>מון בלאן שויצרית 7%</ManufacturerItemDescription>
      <UnitQty>לא ידוע</UnitQty>
      <Quantity>120.00</Quantity>
      <UnitOfMeasure>לא ידוע</UnitOfMeasure>
      <bIsWeighted>0</bIsWeighted>
      <QtyInPackage>לא ידוע</QtyInPackage>
      <ItemPrice>15.90</ItemPrice>
      <UnitOfMeasurePrice>0.1325</UnitOfMeasurePrice>
      <AllowDiscount>1</AllowDiscount>
      <ItemStatus>1</ItemStatus>
      <ItemId>219604</ItemId>
    </Item>
    <Item>
      <PriceUpdateDate>2025-08-21 13:13:15</PriceUpdateDate>
      <ItemCode>7290000121109</ItemCode>
      <ItemType>1</ItemType>
      <ItemName>מון בלאן זיתים 120 ג</ItemName>
      <ManufacturerName>קריות זול</ManufacturerName>
      <ManufactureCountry>לא ידוע</ManufactureCountry>
      <ManufacturerItemDescription>מון בלאן זיתים 120 ג</ManufacturerItemDescription>
      <UnitQty>לא ידוע</UnitQty>
      <Quantity>120.00</Quantity>
      <UnitOfMeasure>לא ידוע</UnitOfMeasure>
      <bIsWeighted>0</bIsWeighted>
      <QtyInPackage>לא ידוע</QtyInPackage>
      <ItemPrice>15.90</ItemPrice>
      <UnitOfMeasurePrice>0.1325</UnitOfMeasurePrice>
      <AllowDiscount>1</AllowDiscount>
      <ItemStatus>1</ItemStatus>
      <ItemId>219605</ItemId>
    </Item>
    <Item>
      <PriceUpdateDate>2025-08-31 08:47:46</PriceUpdateDate>
      <ItemCode>7290002317319</ItemCode>
      <ItemType>1</ItemType>
      <ItemName>מלפפון חומץ 7-9 560ג</ItemName>
      <ManufacturerName>לא ידוע</ManufacturerName>
      <ManufactureCountry>לא ידוע</ManufactureCountry>
      <ManufacturerItemDescription>מלפפון חומץ 7-9 560ג</ManufacturerItemDescription>
      <UnitQty>לא ידוע</UnitQty>
      <Quantity>560.00</Quantity>
      <UnitOfMeasure>לא ידוע</UnitOfMeasure>
      <bIsWeighted>0</bIsWeighted>
      <QtyInPackage>לא ידוע</QtyInPackage>
      <ItemPrice>10.50</ItemPrice>
      <UnitOfMeasurePrice>0.0188</UnitOfMeasurePrice>
      <AllowDiscount>1</AllowDiscount>
      <ItemStatus>1</ItemStatus>
      <ItemId>219622</ItemId>
    </Item>
    <Item>
      <PriceUpdateDate>2025-08-31 08:47:44</PriceUpdateDate>
      <ItemCode>7290002317081</ItemCode>
      <ItemType>1</ItemType>
      <ItemName>זית חרוזית 670גר A2</ItemName>
      <ManufacturerName>לא ידוע</ManufacturerName>
      <ManufactureCountry>לא ידוע</ManufactureCountry>
      <ManufacturerItemDescription>זית חרוזית 670גר A2</ManufacturerItemDescription>
      <UnitQty>לא ידוע</UnitQty>
      <Quantity>560.00</Quantity>
      <UnitOfMeasure>לא ידוע</UnitOfMeasure>
      <bIsWeighted>0</bIsWeighted>
      <QtyInPackage>לא ידוע</QtyInPackage>
      <ItemPrice>15.50</ItemPrice>
      <UnitOfMeasurePrice>0.0277</UnitOfMeasurePrice>
      <AllowDiscount>1</AllowDiscount>
      <ItemStatus>1</ItemStatus>
      <ItemId>219625</ItemId>
    </Item>
    <Item>
      <PriceUpdateDate>2025-08-31 08:47:45</PriceUpdateDate>
      <ItemCode>7290002317128</ItemCode>
      <ItemType>1</ItemType>
      <ItemName>מלפפונים במלח בינוני</ItemName>
      <ManufacturerName>לא ידוע</ManufacturerName>
      <ManufactureCountry>לא ידוע</ManufactureCountry>
      <ManufacturerItemDescription>מלפפונים במלח בינוני</ManufacturerItemDescription>
      <UnitQty>לא ידוע</UnitQty>
      <Quantity>560.00</Quantity>
      <UnitOfMeasure>לא ידוע</UnitOfMeasure>
      <bIsWeighted>0</bIsWeighted>
      <QtyInPackage>לא ידוע</QtyInPackage>
      <ItemPrice>13.50</ItemPrice>
      <UnitOfMeasurePrice>0.0241</UnitOfMeasurePrice>
      <AllowDiscount>1</AllowDiscount>
      <ItemStatus>1</ItemStatus>
      <ItemId>219626</ItemId>
    </Item>
    <Item>
      <PriceUpdateDate>2025-08-31 08:47:45</PriceUpdateDate>
      <ItemCode>7290002317166</ItemCode>
      <ItemType>1</ItemType>
      <ItemName>מלפפון בחומץ 10-12 5</ItemName>
      <ManufacturerName>לא ידוע</ManufacturerName>
      <ManufactureCountry>לא ידוע</ManufactureCountry>
      <ManufacturerItemDescription>מלפפון בחומץ 10-12 5</ManufacturerItemDescription>
      <UnitQty>לא ידוע</UnitQty>
      <Quantity>560.00</Quantity>
      <UnitOfMeasure>לא ידוע</UnitOfMeasure>
      <bIsWeighted>0</bIsWeighted>
      <QtyInPackage>לא ידוע</QtyInPackage>
      <ItemPrice>13.50</ItemPrice>
      <UnitOfMeasurePrice>0.0241</UnitOfMeasurePrice>
      <AllowDiscount>1</AllowDiscount>
      <ItemStatus>1</ItemStatus>
      <ItemId>219628</ItemId>
    </Item>
    <Item>
      <PriceUpdateDate>2025-08-31 08:47:46</PriceUpdateDate>
      <ItemCode>7290002317265</ItemCode>
      <ItemType>1</ItemType>
      <ItemName>מוטולה מלפפון 7-9</ItemName>
      <ManufacturerName>לא ידוע</ManufacturerName>
      <ManufactureCountry>לא ידוע</ManufactureCountry>
      <ManufacturerItemDescription>מוטולה מלפפון 7-9</ManufacturerItemDescription>
      <UnitQty>לא ידוע</UnitQty>
      <Quantity>560.00</Quantity>
      <UnitOfMeasure>לא ידוע</UnitOfMeasure>
      <bIsWeighted>0</bIsWeighted>
      <QtyInPackage>לא ידוע</QtyInPackage>
      <ItemPrice>10.50</ItemPrice>
      <UnitOfMeasurePrice>0.0188</UnitOfMeasurePrice>
      <AllowDiscount>1</AllowDiscount>
      <ItemStatus>1</ItemStatus>
      <ItemId>219631</ItemId>
    </Item>
    <Item>
      <PriceUpdateDate>2025-08-31 08:47:47</PriceUpdateDate>
      <ItemCode>7290002317609</ItemCode>
      <ItemType>1</ItemType>
      <ItemName>כרוב כבוש מוטולה</ItemName>
      <ManufacturerName>לא ידוע</ManufacturerName>
      <ManufactureCountry>לא ידוע</ManufactureCountry>
      <ManufacturerItemDescription>כרוב כבוש מוטולה</ManufacturerItemDescription>
      <UnitQty>לא ידוע</UnitQty>
      <Quantity>560.00</Quantity>
      <UnitOfMeasure>לא ידוע</UnitOfMeasure>
      <bIsWeighted>0</bIsWeighted>
      <QtyInPackage>לא ידוע</QtyInPackage>
      <ItemPrice>12.50</ItemPrice>
      <UnitOfMeasurePrice>0.0223</UnitOfMeasurePrice>
      <AllowDiscount>1</AllowDiscount>
      <ItemStatus>1</ItemStatus>
      <ItemId>219641</ItemId>
    </Item>
    <Item>
      <PriceUpdateDate>2025-08-31 08:52:32</PriceUpdateDate>
      <ItemCode>7290003078066</ItemCode>
      <ItemType>1</ItemType>
      <ItemName>שום כתוש 250 גרם פרג</ItemName>
      <ManufacturerName>לא ידוע</ManufacturerName>
      <ManufactureCountry>לא ידוע</ManufactureCountry>
      <ManufacturerItemDescription>שום כתוש 250 גרם פרג</ManufacturerItemDescription>
      <UnitQty>לא ידוע</UnitQty>
      <Quantity>250.00</Quantity>
      <UnitOfMeasure>לא ידוע</UnitOfMeasure>
      <bIsWeighted>0</bIsWeighted>
      <QtyInPackage>לא ידוע</QtyInPackage>
      <ItemPrice>19.90</ItemPrice>
      <UnitOfMeasurePrice>0.0796</UnitOfMeasurePrice>
      <AllowDiscount>1</AllowDiscount>
      <ItemStatus>1</ItemStatus>
      <ItemId>219693</ItemId>
    </Item>
    <Item>
      <PriceUpdateDate>2025-08-31 08:52:33</PriceUpdateDate>
      <ItemCode>7290003078738</ItemCode>
      <ItemType>1</ItemType>
      <ItemName>לימון בלאדי 250 גרם</ItemName>
      <ManufacturerName>לא ידוע</ManufacturerName>
      <ManufactureCountry>לא ידוע</ManufactureCountry>
      <ManufacturerItemDescription>לימון בלאדי 250 גרם</ManufacturerItemDescription>
      <UnitQty>לא ידוע</UnitQty>
      <Quantity>250.00</Quantity>
      <UnitOfMeasure>לא ידוע</UnitOfMeasure>
      <bIsWeighted>0</bIsWeighted>
      <QtyInPackage>לא ידוע</QtyInPackage>
      <ItemPrice>19.90</ItemPrice>
      <UnitOfMeasurePrice>0.0796</UnitOfMeasurePrice>
      <AllowDiscount>1</AllowDiscount>
      <ItemStatus>1</ItemStatus>
      <ItemId>219697</ItemId>
    </Item>
    <Item>
      <PriceUpdateDate>2025-08-26 11:20:02</PriceUpdateDate>
      <ItemCode>7290014760912</ItemCode>
      <ItemType>1</ItemType>
      <ItemName>צהובה גוש חלב 28% 40</ItemName>
      <ManufacturerName>לא ידוע</ManufacturerName>
      <ManufactureCountry>לא ידוע</ManufactureCountry>
      <ManufacturerItemDescription>צהובה גוש חלב 28% 40</ManufacturerItemDescription>
      <UnitQty>לא ידוע</UnitQty>
      <Quantity>400.00</Quantity>
      <UnitOfMeasure>לא ידוע</UnitOfMeasure>
      <bIsWeighted>0</bIsWeighted>
      <QtyInPackage>לא ידוע</QtyInPackage>
      <ItemPrice>32.50</ItemPrice>
      <UnitOfMeasurePrice>0.0813</UnitOfMeasurePrice>
      <AllowDiscount>1</AllowDiscount>
      <ItemStatus>1</ItemStatus>
      <ItemId>219747</ItemId>
    </Item>
    <Item>
      <PriceUpdateDate>2024-10-30 07:48:48</PriceUpdateDate>
      <ItemCode>7290000611099</ItemCode>
      <ItemType>1</ItemType>
      <ItemName>כבד עוף לצליה בלבד</ItemName>
      <ManufacturerName>לא ידוע</ManufacturerName>
      <ManufactureCountry>ישראל</ManufactureCountry>
      <ManufacturerItemDescription>כבד עוף לצליה בלבד</ManufacturerItemDescription>
      <UnitQty>קילוגרמים</UnitQty>
      <Quantity>1.00</Quantity>
      <UnitOfMeasure>ק"ג</UnitOfMeasure>
      <bIsWeighted>1</bIsWeighted>
      <QtyInPackage>לא ידוע</QtyInPackage>
      <ItemPrice>22.90</ItemPrice>
      <UnitOfMeasurePrice>22.9000</UnitOfMeasurePrice>
      <AllowDiscount>1</AllowDiscount>
      <ItemStatus>1</ItemStatus>
      <ItemId>130403</ItemId>
    </Item>
    <Item>
      <PriceUpdateDate>2024-10-30 07:48:48</PriceUpdateDate>
      <ItemCode>7290000611419</ItemCode>
      <ItemType>1</ItemType>
      <ItemName>קורקבן עוף טרי</ItemName>
      <ManufacturerName>לא ידוע</ManufacturerName>
      <ManufactureCountry>ישראל</ManufactureCountry>
      <ManufacturerItemDescription>קורקבן עוף טרי</ManufacturerItemDescription>
      <UnitQty>קילוגרמים</UnitQty>
      <Quantity>1.00</Quantity>
      <UnitOfMeasure>ק"ג</UnitOfMeasure>
      <bIsWeighted>1</bIsWeighted>
      <QtyInPackage>לא ידוע</QtyInPackage>
      <ItemPrice>13.90</ItemPrice>
      <UnitOfMeasurePrice>13.9000</UnitOfMeasurePrice>
      <AllowDiscount>1</AllowDiscount>
      <ItemStatus>1</ItemStatus>
      <ItemId>130404</ItemId>
    </Item>
    <Item>
      <PriceUpdateDate>2025-08-31 08:46:33</PriceUpdateDate>
      <ItemCode>7290002329640</ItemCode>
      <ItemType>1</ItemType>
      <ItemName>עוגת לימון 350גר</ItemName>
      <ManufacturerName>לא ידוע</ManufacturerName>
      <ManufactureCountry>לא ידוע</ManufactureCountry>
      <ManufacturerItemDescription>עוגת לימון 350גר</ManufacturerItemDescription>
      <UnitQty>לא ידוע</UnitQty>
      <Quantity>350.00</Quantity>
      <UnitOfMeasure>לא ידוע</UnitOfMeasure>
      <bIsWeighted>0</bIsWeighted>
      <QtyInPackage>לא ידוע</QtyInPackage>
      <ItemPrice>10.90</ItemPrice>
      <UnitOfMeasurePrice>0.0311</UnitOfMeasurePrice>
      <AllowDiscount>1</AllowDiscount>
      <ItemStatus>1</ItemStatus>
      <ItemId>219828</ItemId>
    </Item>
    <Item>
      <PriceUpdateDate>2025-08-31 08:46:34</PriceUpdateDate>
      <ItemCode>7290002329695</ItemCode>
      <ItemType>1</ItemType>
      <ItemName>עוגת וניל עוגל'ה 350</ItemName>
      <ManufacturerName>לא ידוע</ManufacturerName>
      <ManufactureCountry>לא ידוע</ManufactureCountry>
      <ManufacturerItemDescription>עוגת וניל עוגל'ה 350</ManufacturerItemDescription>
      <UnitQty>לא ידוע</UnitQty>
      <Quantity>350.00</Quantity>
      <UnitOfMeasure>לא ידוע</UnitOfMeasure>
      <bIsWeighted>0</bIsWeighted>
      <QtyInPackage>לא ידוע</QtyInPackage>
      <ItemPrice>10.90</ItemPrice>
      <UnitOfMeasurePrice>0.0311</UnitOfMeasurePrice>
      <AllowDiscount>1</AllowDiscount>
      <ItemStatus>1</ItemStatus>
      <ItemId>219829</ItemId>
    </Item>
    <Item>
      <PriceUpdateDate>2025-11-02 11:36:08</PriceUpdateDate>
      <ItemCode>7290000604022</ItemCode>
      <ItemType>1</ItemType>
      <ItemName>תבנית 12 ביצים L</ItemName>
      <ManufacturerName>לא ידוע</ManufacturerName>
      <ManufactureCountry>לא ידוע</ManufactureCountry>
      <ManufacturerItemDescription>תבנית 12 ביצים L</ManufacturerItemDescription>
      <UnitQty>לא ידוע</UnitQty>
      <Quantity>12.00</Quantity>
      <UnitOfMeasure>לא ידוע</UnitOfMeasure>
      <bIsWeighted>0</bIsWeighted>
      <QtyInPackage>לא ידוע</QtyInPackage>
      <ItemPrice>14.24</ItemPrice>
      <UnitOfMeasurePrice>1.1867</UnitOfMeasurePrice>
      <AllowDiscount>1</AllowDiscount>
      <ItemStatus>1</ItemStatus>
      <ItemId>219952</ItemId>
    </Item>
    <Item>
      <PriceUpdateDate>2025-11-02 11:36:08</PriceUpdateDate>
      <ItemCode>7290000604039</ItemCode>
      <ItemType>1</ItemType>
      <ItemName>תבנית 12 ביצים M</ItemName>
      <ManufacturerName>לא ידוע</ManufacturerName>
      <ManufactureCountry>לא ידוע</ManufactureCountry>
      <ManufacturerItemDescription>תבנית 12 ביצים M</ManufacturerItemDescription>
      <UnitQty>לא ידוע</UnitQty>
      <Quantity>12.00</Quantity>
      <UnitOfMeasure>לא ידוע</UnitOfMeasure>
      <bIsWeighted>0</bIsWeighted>
      <QtyInPackage>לא ידוע</QtyInPackage>
      <ItemPrice>13.13</ItemPrice>
      <UnitOfMeasurePrice>1.0942</UnitOfMeasurePrice>
      <AllowDiscount>1</AllowDiscount>
      <ItemStatus>1</ItemStatus>
      <ItemId>219953</ItemId>
    </Item>
    <Item>
      <PriceUpdateDate>2025-08-31 08:42:50</PriceUpdateDate>
      <ItemCode>7290011254452</ItemCode>
      <ItemType>1</ItemType>
      <ItemName>סוכריות ללא סוכר מנט</ItemName>
      <ManufacturerName>לא ידוע</ManufacturerName>
      <ManufactureCountry>לא ידוע</ManufactureCountry>
      <ManufacturerItemDescription>סוכריות ללא סוכר מנט</ManufacturerItemDescription>
      <UnitQty>לא ידוע</UnitQty>
      <Quantity>80.00</Quantity>
      <UnitOfMeasure>לא ידוע</UnitOfMeasure>
      <bIsWeighted>0</bIsWeighted>
      <QtyInPackage>לא ידוע</QtyInPackage>
      <ItemPrice>9.90</ItemPrice>
      <UnitOfMeasurePrice>0.1238</UnitOfMeasurePrice>
      <AllowDiscount>1</AllowDiscount>
      <ItemStatus>1</ItemStatus>
      <ItemId>220024</ItemId>
    </Item>
    <Item>
      <PriceUpdateDate>2025-08-31 08:42:50</PriceUpdateDate>
      <ItemCode>7290011254476</ItemCode>
      <ItemType>1</ItemType>
      <ItemName>סוכריות ללא סוכר תפו</ItemName>
      <ManufacturerName>לא ידוע</ManufacturerName>
      <ManufactureCountry>לא ידוע</ManufactureCountry>
      <ManufacturerItemDescription>סוכריות ללא סוכר תפו</ManufacturerItemDescription>
      <UnitQty>לא ידוע</UnitQty>
      <Quantity>80.00</Quantity>
      <UnitOfMeasure>לא ידוע</UnitOfMeasure>
      <bIsWeighted>0</bIsWeighted>
      <QtyInPackage>לא ידוע</QtyInPackage>
      <ItemPrice>9.90</ItemPrice>
      <UnitOfMeasurePrice>0.1238</UnitOfMeasurePrice>
      <AllowDiscount>1</AllowDiscount>
      <ItemStatus>1</ItemStatus>
      <ItemId>220026</ItemId>
    </Item>
    <Item>
      <PriceUpdateDate>2025-08-31 08:42:51</PriceUpdateDate>
      <ItemCode>7290011254483</ItemCode>
      <ItemType>1</ItemType>
      <ItemName>סוכריות ללא סוכר אפר</ItemName>
      <ManufacturerName>לא ידוע</ManufacturerName>
      <ManufactureCountry>לא ידוע</ManufactureCountry>
      <ManufacturerItemDescription>סוכריות ללא סוכר אפר</ManufacturerItemDescription>
      <UnitQty>לא ידוע</UnitQty>
      <Quantity>80.00</Quantity>
      <UnitOfMeasure>לא ידוע</UnitOfMeasure>
      <bIsWeighted>0</bIsWeighted>
      <QtyInPackage>לא ידוע</QtyInPackage>
      <ItemPrice>9.90</ItemPrice>
      <UnitOfMeasurePrice>0.1238</UnitOfMeasurePrice>
      <AllowDiscount>1</AllowDiscount>
      <ItemStatus>1</ItemStatus>
      <ItemId>220027</ItemId>
    </Item>
    <Item>
      <PriceUpdateDate>2025-08-31 08:42:51</PriceUpdateDate>
      <ItemCode>7290011254490</ItemCode>
      <ItemType>1</ItemType>
      <ItemName>סוכריות ללא סוכר פיר</ItemName>
      <ManufacturerName>לא ידוע</ManufacturerName>
      <ManufactureCountry>לא ידוע</ManufactureCountry>
      <ManufacturerItemDescription>סוכריות ללא סוכר פיר</ManufacturerItemDescription>
      <UnitQty>לא ידוע</UnitQty>
      <Quantity>80.00</Quantity>
      <UnitOfMeasure>לא ידוע</UnitOfMeasure>
      <bIsWeighted>0</bIsWeighted>
      <QtyInPackage>לא ידוע</QtyInPackage>
      <ItemPrice>9.90</ItemPrice>
      <UnitOfMeasurePrice>0.1238</UnitOfMeasurePrice>
      <AllowDiscount>1</AllowDiscount>
      <ItemStatus>1</ItemStatus>
      <ItemId>220028</ItemId>
    </Item>
    <Item>
      <PriceUpdateDate>2025-08-31 08:42:53</PriceUpdateDate>
      <ItemCode>7290012454172</ItemCode>
      <ItemType>1</ItemType>
      <ItemName>סוכריות ללא סוכר יוג</ItemName>
      <ManufacturerName>לא ידוע</ManufacturerName>
      <ManufactureCountry>לא ידוע</ManufactureCountry>
      <ManufacturerItemDescription>סוכריות ללא סוכר יוג</ManufacturerItemDescription>
      <UnitQty>לא ידוע</UnitQty>
      <Quantity>80.00</Quantity>
      <UnitOfMeasure>לא ידוע</UnitOfMeasure>
      <bIsWeighted>0</bIsWeighted>
      <QtyInPackage>לא ידוע</QtyInPackage>
      <ItemPrice>9.90</ItemPrice>
      <UnitOfMeasurePrice>0.1238</UnitOfMeasurePrice>
      <AllowDiscount>1</AllowDiscount>
      <ItemStatus>1</ItemStatus>
      <ItemId>220035</ItemId>
    </Item>
    <Item>
      <PriceUpdateDate>2025-09-07 08:02:46</PriceUpdateDate>
      <ItemCode>7290113192317</ItemCode>
      <ItemType>1</ItemType>
      <ItemName>טבעות בית השיטה זיתי</ItemName>
      <ManufacturerName>לא ידוע</ManufacturerName>
      <ManufactureCountry>לא ידוע</ManufactureCountry>
      <ManufacturerItemDescription>טבעות בית השיטה זיתי</ManufacturerItemDescription>
      <UnitQty>לא ידוע</UnitQty>
      <Quantity>280.00</Quantity>
      <UnitOfMeasure>לא ידוע</UnitOfMeasure>
      <bIsWeighted>0</bIsWeighted>
      <QtyInPackage>לא ידוע</QtyInPackage>
      <ItemPrice>14.50</ItemPrice>
      <UnitOfMeasurePrice>0.0518</UnitOfMeasurePrice>
      <AllowDiscount>1</AllowDiscount>
      <ItemStatus>1</ItemStatus>
      <ItemId>231056</ItemId>
    </Item>
    <Item>
      <PriceUpdateDate>2025-05-04 09:19:54</PriceUpdateDate>
      <ItemCode>7290113192355</ItemCode>
      <ItemType>1</ItemType>
      <ItemName>חרוזית ירוק 275גרם ב</ItemName>
      <ManufacturerName>לא ידוע</ManufacturerName>
      <ManufactureCountry>לא ידוע</ManufactureCountry>
      <ManufacturerItemDescription>חרוזית ירוק 275גרם ב</ManufacturerItemDescription>
      <UnitQty>לא ידוע</UnitQty>
      <Quantity>275.00</Quantity>
      <UnitOfMeasure>לא ידוע</UnitOfMeasure>
      <bIsWeighted>0</bIsWeighted>
      <QtyInPackage>לא ידוע</QtyInPackage>
      <ItemPrice>15.90</ItemPrice>
      <UnitOfMeasurePrice>0.0578</UnitOfMeasurePrice>
      <AllowDiscount>1</AllowDiscount>
      <ItemStatus>1</ItemStatus>
      <ItemId>231058</ItemId>
    </Item>
    <Item>
      <PriceUpdateDate>2025-09-07 08:02:48</PriceUpdateDate>
      <ItemCode>7290113192362</ItemCode>
      <ItemType>1</ItemType>
      <ItemName>טבעות זיתים 340 גרם</ItemName>
      <ManufacturerName>לא ידוע</ManufacturerName>
      <ManufactureCountry>לא ידוע</ManufactureCountry>
      <ManufacturerItemDescription>טבעות זיתים 340 גרם</ManufacturerItemDescription>
      <UnitQty>לא ידוע</UnitQty>
      <Quantity>280.00</Quantity>
      <UnitOfMeasure>לא ידוע</UnitOfMeasure>
      <bIsWeighted>0</bIsWeighted>
      <QtyInPackage>לא ידוע</QtyInPackage>
      <ItemPrice>15.90</ItemPrice>
      <UnitOfMeasurePrice>0.0568</UnitOfMeasurePrice>
      <AllowDiscount>1</AllowDiscount>
      <ItemStatus>1</ItemStatus>
      <ItemId>231059</ItemId>
    </Item>
    <Item>
      <PriceUpdateDate>2025-09-07 08:02:48</PriceUpdateDate>
      <ItemCode>7290113192379</ItemCode>
      <ItemType>1</ItemType>
      <ItemName>זיתים ירוקים מבוקעים</ItemName>
      <ManufacturerName>לא ידוע</ManufacturerName>
      <ManufactureCountry>לא ידוע</ManufactureCountry>
      <ManufacturerItemDescription>זיתים ירוקים מבוקעים</ManufacturerItemDescription>
      <UnitQty>לא ידוע</UnitQty>
      <Quantity>340.00</Quantity>
      <UnitOfMeasure>לא ידוע</UnitOfMeasure>
      <bIsWeighted>0</bIsWeighted>
      <QtyInPackage>לא ידוע</QtyInPackage>
      <ItemPrice>13.50</ItemPrice>
      <UnitOfMeasurePrice>0.0397</UnitOfMeasurePrice>
      <AllowDiscount>1</AllowDiscount>
      <ItemStatus>1</ItemStatus>
      <ItemId>231060</ItemId>
    </Item>
    <Item>
      <PriceUpdateDate>2025-09-04 11:40:37</PriceUpdateDate>
      <ItemCode>7290014459472</ItemCode>
      <ItemType>1</ItemType>
      <ItemName>צ'יפס תפוגן 2 קג</ItemName>
      <ManufacturerName>לא ידוע</ManufacturerName>
      <ManufactureCountry>לא ידוע</ManufactureCountry>
      <ManufacturerItemDescription>צ'יפס תפוגן 2 קג</ManufacturerItemDescription>
      <UnitQty>לא ידוע</UnitQty>
      <Quantity>2000.00</Quantity>
      <UnitOfMeasure>לא ידוע</UnitOfMeasure>
      <bIsWeighted>0</bIsWeighted>
      <QtyInPackage>לא ידוע</QtyInPackage>
      <ItemPrice>34.90</ItemPrice>
      <UnitOfMeasurePrice>0.0174</UnitOfMeasurePrice>
      <AllowDiscount>1</AllowDiscount>
      <ItemStatus>1</ItemStatus>
      <ItemId>220105</ItemId>
    </Item>
    <Item>
      <PriceUpdateDate>2025-02-18 13:55:30</PriceUpdateDate>
      <ItemCode>7290113192386</ItemCode>
      <ItemType>1</ItemType>
      <ItemName>בית השיטה זית סורי מ</ItemName>
      <ManufacturerName>לא ידוע</ManufacturerName>
      <ManufactureCountry>לא ידוע</ManufactureCountry>
      <ManufacturerItemDescription>בית השיטה זית סורי מ</ManufacturerItemDescription>
      <UnitQty>לא ידוע</UnitQty>
      <Quantity>340.00</Quantity>
      <UnitOfMeasure>לא ידוע</UnitOfMeasure>
      <bIsWeighted>0</bIsWeighted>
      <QtyInPackage>לא ידוע</QtyInPackage>
      <ItemPrice>16.90</ItemPrice>
      <UnitOfMeasurePrice>0.0497</UnitOfMeasurePrice>
      <AllowDiscount>1</AllowDiscount>
      <ItemStatus>1</ItemStatus>
      <ItemId>231061</ItemId>
    </Item>
    <Item>
      <PriceUpdateDate>2025-09-07 08:02:48</PriceUpdateDate>
      <ItemCode>7290113192393</ItemCode>
      <ItemType>1</ItemType>
      <ItemName>קוקטייל זיתים בית הש</ItemName>
      <ManufacturerName>לא ידוע</ManufacturerName>
      <ManufactureCountry>לא ידוע</ManufactureCountry>
      <ManufacturerItemDescription>קוקטייל זיתים בית הש</ManufacturerItemDescription>
      <UnitQty>לא ידוע</UnitQty>
      <Quantity>336.00</Quantity>
      <UnitOfMeasure>לא ידוע</UnitOfMeasure>
      <bIsWeighted>0</bIsWeighted>
      <QtyInPackage>לא ידוע</QtyInPackage>
      <ItemPrice>16.90</ItemPrice>
      <UnitOfMeasurePrice>0.0503</UnitOfMeasurePrice>
      <AllowDiscount>1</AllowDiscount>
      <ItemStatus>1</ItemStatus>
      <ItemId>231062</ItemId>
    </Item>
    <Item>
      <PriceUpdateDate>2025-05-07 12:51:59</PriceUpdateDate>
      <ItemCode>90162800</ItemCode>
      <ItemType>1</ItemType>
      <ItemName>רד בול ללא סוכר 250</ItemName>
      <ManufacturerName>לא ידוע</ManufacturerName>
      <ManufactureCountry>לא ידוע</ManufactureCountry>
      <ManufacturerItemDescription>רד בול ללא סוכר 250</ManufacturerItemDescription>
      <UnitQty>לא ידוע</UnitQty>
      <Quantity>250.00</Quantity>
      <UnitOfMeasure>לא ידוע</UnitOfMeasure>
      <bIsWeighted>0</bIsWeighted>
      <QtyInPackage>לא ידוע</QtyInPackage>
      <ItemPrice>7.20</ItemPrice>
      <UnitOfMeasurePrice>0.0288</UnitOfMeasurePrice>
      <AllowDiscount>1</AllowDiscount>
      <ItemStatus>1</ItemStatus>
      <ItemId>220221</ItemId>
    </Item>
    <Item>
      <PriceUpdateDate>2025-12-05 12:04:22</PriceUpdateDate>
      <ItemCode>7622210137234</ItemCode>
      <ItemType>1</ItemType>
      <ItemName>עוגיות אוראו עם דאבל</ItemName>
      <ManufacturerName>לא ידוע</ManufacturerName>
      <ManufactureCountry>לא ידוע</ManufactureCountry>
      <ManufacturerItemDescription>עוגיות אוראו עם דאבל</ManufacturerItemDescription>
      <UnitQty>לא ידוע</UnitQty>
      <Quantity>170.00</Quantity>
      <UnitOfMeasure>לא ידוע</UnitOfMeasure>
      <bIsWeighted>0</bIsWeighted>
      <QtyInPackage>לא ידוע</QtyInPackage>
      <ItemPrice>12.90</ItemPrice>
      <UnitOfMeasurePrice>0.0759</UnitOfMeasurePrice>
      <AllowDiscount>1</AllowDiscount>
      <ItemStatus>1</ItemStatus>
      <ItemId>220259</ItemId>
    </Item>
    <Item>
      <PriceUpdateDate>2025-08-22 11:33:08</PriceUpdateDate>
      <ItemCode>7290000289472</ItemCode>
      <ItemType>1</ItemType>
      <ItemName>סנו ש.אשפה 76/90 נשל</ItemName>
      <ManufacturerName>קריות זול</ManufacturerName>
      <ManufactureCountry>לא ידוע</ManufactureCountry>
      <ManufacturerItemDescription>סנו ש.אשפה 76/90 נשל</ManufacturerItemDescription>
      <UnitQty>יחידה   </UnitQty>
      <Quantity>0.00</Quantity>
      <UnitOfMeasure>יחידה   </UnitOfMeasure>
      <bIsWeighted>0</bIsWeighted>
      <QtyInPackage>לא ידוע</QtyInPackage>
      <ItemPrice>23.90</ItemPrice>
      <UnitOfMeasurePrice>0.0000</UnitOfMeasurePrice>
      <AllowDiscount>1</AllowDiscount>
      <ItemStatus>1</ItemStatus>
      <ItemId>220289</ItemId>
    </Item>
    <Item>
      <PriceUpdateDate>2025-05-19 11:48:04</PriceUpdateDate>
      <ItemCode>5000159561907</ItemCode>
      <ItemType>1</ItemType>
      <ItemName>באונטי מיני שקית 333</ItemName>
      <ManufacturerName>לא ידוע</ManufacturerName>
      <ManufactureCountry>לא ידוע</ManufactureCountry>
      <ManufacturerItemDescription>באונטי מיני שקית 333</ManufacturerItemDescription>
      <UnitQty>לא ידוע</UnitQty>
      <Quantity>333.00</Quantity>
      <UnitOfMeasure>לא ידוע</UnitOfMeasure>
      <bIsWeighted>0</bIsWeighted>
      <QtyInPackage>לא ידוע</QtyInPackage>
      <ItemPrice>28.90</ItemPrice>
      <UnitOfMeasurePrice>0.0868</UnitOfMeasurePrice>
      <AllowDiscount>1</AllowDiscount>
      <ItemStatus>1</ItemStatus>
      <ItemId>251046</ItemId>
    </Item>
    <Item>
      <PriceUpdateDate>2025-05-08 08:03:13</PriceUpdateDate>
      <ItemCode>7290111352430</ItemCode>
      <ItemType>1</ItemType>
      <ItemName>ממרח תמרים טבעי קלית</ItemName>
      <ManufacturerName>לא ידוע</ManufacturerName>
      <ManufactureCountry>לא ידוע</ManufactureCountry>
      <ManufacturerItemDescription>ממרח תמרים טבעי קלית</ManufacturerItemDescription>
      <UnitQty>יחידה   </UnitQty>
      <Quantity>0.00</Quantity>
      <UnitOfMeasure>יחידה   </UnitOfMeasure>
      <bIsWeighted>0</bIsWeighted>
      <QtyInPackage>לא ידוע</QtyInPackage>
      <ItemPrice>16.90</ItemPrice>
      <UnitOfMeasurePrice>0.0000</UnitOfMeasurePrice>
      <AllowDiscount>1</AllowDiscount>
      <ItemStatus>1</ItemStatus>
      <ItemId>250448</ItemId>
    </Item>
    <Item>
      <PriceUpdateDate>2025-08-22 11:34:12</PriceUpdateDate>
      <ItemCode>7290000295541</ItemCode>
      <ItemType>1</ItemType>
      <ItemName>סנו רב מגבת ג'מבו</ItemName>
      <ManufacturerName>לא ידוע</ManufacturerName>
      <ManufactureCountry>לא ידוע</ManufactureCountry>
      <ManufacturerItemDescription>סנו רב מגבת ג'מבו</ManufacturerItemDescription>
      <UnitQty>יחידה   </UnitQty>
      <Quantity>0.00</Quantity>
      <UnitOfMeasure>יחידה   </UnitOfMeasure>
      <bIsWeighted>0</bIsWeighted>
      <QtyInPackage>לא ידוע</QtyInPackage>
      <ItemPrice>21.90</ItemPrice>
      <UnitOfMeasurePrice>0.0000</UnitOfMeasurePrice>
      <AllowDiscount>1</AllowDiscount>
      <ItemStatus>1</ItemStatus>
      <ItemId>220298</ItemId>
    </Item>
    <Item>
      <PriceUpdateDate>2025-09-07 10:42:53</PriceUpdateDate>
      <ItemCode>7290111344824</ItemCode>
      <ItemType>1</ItemType>
      <ItemName>קוטקס מגן תחתון אנטי</ItemName>
      <ManufacturerName>לא ידוע</ManufacturerName>
      <ManufactureCountry>לא ידוע</ManufactureCountry>
      <ManufacturerItemDescription>קוטקס מגן תחתון אנטי</ManufacturerItemDescription>
      <UnitQty>יחידה   </UnitQty>
      <Quantity>0.00</Quantity>
      <UnitOfMeasure>יחידה   </UnitOfMeasure>
      <bIsWeighted>0</bIsWeighted>
      <QtyInPackage>לא ידוע</QtyInPackage>
      <ItemPrice>22.90</ItemPrice>
      <UnitOfMeasurePrice>0.0000</UnitOfMeasurePrice>
      <AllowDiscount>1</AllowDiscount>
      <ItemStatus>1</ItemStatus>
      <ItemId>237380</ItemId>
    </Item>
    <Item>
      <PriceUpdateDate>2025-08-21 13:56:16</PriceUpdateDate>
      <ItemCode>80310167</ItemCode>
      <ItemType>1</ItemType>
      <ItemName>קינדר מקסי 6יח אצבעו</ItemName>
      <ManufacturerName>קריות זול</ManufacturerName>
      <ManufactureCountry>לא ידוע</ManufactureCountry>
      <ManufacturerItemDescription>קינדר מקסי 6יח אצבעו</ManufacturerItemDescription>
      <UnitQty>יחידה   </UnitQty>
      <Quantity>0.00</Quantity>
      <UnitOfMeasure>יחידה   </UnitOfMeasure>
      <bIsWeighted>0</bIsWeighted>
      <QtyInPackage>לא ידוע</QtyInPackage>
      <ItemPrice>16.90</ItemPrice>
      <UnitOfMeasurePrice>0.0000</UnitOfMeasurePrice>
      <AllowDiscount>1</AllowDiscount>
      <ItemStatus>1</ItemStatus>
      <ItemId>223429</ItemId>
    </Item>
    <Item>
      <PriceUpdateDate>2025-09-01 07:58:32</PriceUpdateDate>
      <ItemCode>7290017724065</ItemCode>
      <ItemType>1</ItemType>
      <ItemName>עוגיות מעדן תפוע ואג</ItemName>
      <ManufacturerName>לא ידוע</ManufacturerName>
      <ManufactureCountry>לא ידוע</ManufactureCountry>
      <ManufacturerItemDescription>עוגיות מעדן תפוע ואג</ManufacturerItemDescription>
      <UnitQty>לא ידוע</UnitQty>
      <Quantity>250.00</Quantity>
      <UnitOfMeasure>לא ידוע</UnitOfMeasure>
      <bIsWeighted>0</bIsWeighted>
      <QtyInPackage>לא ידוע</QtyInPackage>
      <ItemPrice>27.90</ItemPrice>
      <UnitOfMeasurePrice>0.1116</UnitOfMeasurePrice>
      <AllowDiscount>1</AllowDiscount>
      <ItemStatus>1</ItemStatus>
      <ItemId>234978</ItemId>
    </Item>
    <Item>
      <PriceUpdateDate>2025-08-22 11:39:07</PriceUpdateDate>
      <ItemCode>7290012823541</ItemCode>
      <ItemType>1</ItemType>
      <ItemName>מטליות ריצפז פרש סגו</ItemName>
      <ManufacturerName>לא ידוע</ManufacturerName>
      <ManufactureCountry>לא ידוע</ManufactureCountry>
      <ManufacturerItemDescription>מטליות ריצפז פרש סגו</ManufacturerItemDescription>
      <UnitQty>יחידה   </UnitQty>
      <Quantity>0.00</Quantity>
      <UnitOfMeasure>יחידה   </UnitOfMeasure>
      <bIsWeighted>0</bIsWeighted>
      <QtyInPackage>לא ידוע</QtyInPackage>
      <ItemPrice>15.90</ItemPrice>
      <UnitOfMeasurePrice>0.0000</UnitOfMeasurePrice>
      <AllowDiscount>1</AllowDiscount>
      <ItemStatus>1</ItemStatus>
      <ItemId>220414</ItemId>
    </Item>
    <Item>
      <PriceUpdateDate>2025-09-07 10:41:11</PriceUpdateDate>
      <ItemCode>7290107280013</ItemCode>
      <ItemType>1</ItemType>
      <ItemName>מגבוני ליטופים חמישי</ItemName>
      <ManufacturerName>לא ידוע</ManufacturerName>
      <ManufactureCountry>לא ידוע</ManufactureCountry>
      <ManufacturerItemDescription>מגבוני ליטופים חמישי</ManufacturerItemDescription>
      <UnitQty>לא ידוע</UnitQty>
      <Quantity>5.00</Quantity>
      <UnitOfMeasure>לא ידוע</UnitOfMeasure>
      <bIsWeighted>0</bIsWeighted>
      <QtyInPackage>לא ידוע</QtyInPackage>
      <ItemPrice>23.90</ItemPrice>
      <UnitOfMeasurePrice>4.7800</UnitOfMeasurePrice>
      <AllowDiscount>1</AllowDiscount>
      <ItemStatus>1</ItemStatus>
      <ItemId>220443</ItemId>
    </Item>
    <Item>
      <PriceUpdateDate>2025-09-07 10:41:11</PriceUpdateDate>
      <ItemCode>7290107280020</ItemCode>
      <ItemType>1</ItemType>
      <ItemName>סנו סושי מטליות לחות</ItemName>
      <ManufacturerName>לא ידוע</ManufacturerName>
      <ManufactureCountry>לא ידוע</ManufactureCountry>
      <ManufacturerItemDescription>סנו סושי מטליות לחות</ManufacturerItemDescription>
      <UnitQty>יחידה   </UnitQty>
      <Quantity>0.00</Quantity>
      <UnitOfMeasure>יחידה   </UnitOfMeasure>
      <bIsWeighted>0</bIsWeighted>
      <QtyInPackage>לא ידוע</QtyInPackage>
      <ItemPrice>20.90</ItemPrice>
      <UnitOfMeasurePrice>0.0000</UnitOfMeasurePrice>
      <AllowDiscount>1</AllowDiscount>
      <ItemStatus>1</ItemStatus>
      <ItemId>220444</ItemId>
    </Item>
    <Item>
      <PriceUpdateDate>2025-09-07 10:41:16</PriceUpdateDate>
      <ItemCode>7290107280761</ItemCode>
      <ItemType>1</ItemType>
      <ItemName>סנו ספארק משאבה לימו</ItemName>
      <ManufacturerName>לא ידוע</ManufacturerName>
      <ManufactureCountry>לא ידוע</ManufactureCountry>
      <ManufacturerItemDescription>סנו ספארק משאבה לימו</ManufacturerItemDescription>
      <UnitQty>לא ידוע</UnitQty>
      <Quantity>1000.00</Quantity>
      <UnitOfMeasure>לא ידוע</UnitOfMeasure>
      <bIsWeighted>0</bIsWeighted>
      <QtyInPackage>לא ידוע</QtyInPackage>
      <ItemPrice>13.90</ItemPrice>
      <UnitOfMeasurePrice>0.0139</UnitOfMeasurePrice>
      <AllowDiscount>1</AllowDiscount>
      <ItemStatus>1</ItemStatus>
      <ItemId>220449</ItemId>
    </Item>
    <Item>
      <PriceUpdateDate>2025-09-07 10:41:16</PriceUpdateDate>
      <ItemCode>7290108350128</ItemCode>
      <ItemType>1</ItemType>
      <ItemName>שקיות אשפה סנו סושי</ItemName>
      <ManufacturerName>לא ידוע</ManufacturerName>
      <ManufactureCountry>לא ידוע</ManufactureCountry>
      <ManufacturerItemDescription>שקיות אשפה סנו סושי</ManufacturerItemDescription>
      <UnitQty>לא ידוע</UnitQty>
      <Quantity>40.00</Quantity>
      <UnitOfMeasure>לא ידוע</UnitOfMeasure>
      <bIsWeighted>0</bIsWeighted>
      <QtyInPackage>לא ידוע</QtyInPackage>
      <ItemPrice>31.90</ItemPrice>
      <UnitOfMeasurePrice>0.7975</UnitOfMeasurePrice>
      <AllowDiscount>1</AllowDiscount>
      <ItemStatus>1</ItemStatus>
      <ItemId>220450</ItemId>
    </Item>
    <Item>
      <PriceUpdateDate>2025-08-31 10:00:54</PriceUpdateDate>
      <ItemCode>7290111350726</ItemCode>
      <ItemType>1</ItemType>
      <ItemName>נאצ׳וס בסגנון מקסיקנ</ItemName>
      <ManufacturerName>לא ידוע</ManufacturerName>
      <ManufactureCountry>לא ידוע</ManufactureCountry>
      <ManufacturerItemDescription>נאצ׳וס בסגנון מקסיקנ</ManufacturerItemDescription>
      <UnitQty>לא ידוע</UnitQty>
      <Quantity>322.00</Quantity>
      <UnitOfMeasure>לא ידוע</UnitOfMeasure>
      <bIsWeighted>0</bIsWeighted>
      <QtyInPackage>לא ידוע</QtyInPackage>
      <ItemPrice>21.90</ItemPrice>
      <UnitOfMeasurePrice>0.0680</UnitOfMeasurePrice>
      <AllowDiscount>1</AllowDiscount>
      <ItemStatus>1</ItemStatus>
      <ItemId>235036</ItemId>
    </Item>
    <Item>
      <PriceUpdateDate>2025-08-21 09:58:44</PriceUpdateDate>
      <ItemCode>7290112348142</ItemCode>
      <ItemType>1</ItemType>
      <ItemName>שעועית לבנה ט.הטבע ק</ItemName>
      <ManufacturerName>לא ידוע</ManufacturerName>
      <ManufactureCountry>לא ידוע</ManufactureCountry>
      <ManufacturerItemDescription>שעועית לבנה ט.הטבע ק</ManufacturerItemDescription>
      <UnitQty>לא ידוע</UnitQty>
      <Quantity>380.00</Quantity>
      <UnitOfMeasure>לא ידוע</UnitOfMeasure>
      <bIsWeighted>0</bIsWeighted>
      <QtyInPackage>לא ידוע</QtyInPackage>
      <ItemPrice>8.90</ItemPrice>
      <UnitOfMeasurePrice>0.0234</UnitOfMeasurePrice>
      <AllowDiscount>1</AllowDiscount>
      <ItemStatus>1</ItemStatus>
      <ItemId>231285</ItemId>
    </Item>
    <Item>
      <PriceUpdateDate>2025-11-06 09:44:23</PriceUpdateDate>
      <ItemCode>4009300524625</ItemCode>
      <ItemType>1</ItemType>
      <ItemName>פומפדור תה מסאלה</ItemName>
      <ManufacturerName>לא ידוע</ManufacturerName>
      <ManufactureCountry>לא ידוע</ManufactureCountry>
      <ManufacturerItemDescription>פומפדור תה מסאלה</ManufacturerItemDescription>
      <UnitQty>לא ידוע</UnitQty>
      <Quantity>40.00</Quantity>
      <UnitOfMeasure>לא ידוע</UnitOfMeasure>
      <bIsWeighted>0</bIsWeighted>
      <QtyInPackage>לא ידוע</QtyInPackage>
      <ItemPrice>15.90</ItemPrice>
      <UnitOfMeasurePrice>0.3975</UnitOfMeasurePrice>
      <AllowDiscount>1</AllowDiscount>
      <ItemStatus>1</ItemStatus>
      <ItemId>220704</ItemId>
    </Item>
    <Item>
      <PriceUpdateDate>2025-08-19 18:18:26</PriceUpdateDate>
      <ItemCode>7290000803180</ItemCode>
      <ItemType>1</ItemType>
      <ItemName>מרידול שטיפת דנטלית</ItemName>
      <ManufacturerName>קריות זול</ManufacturerName>
      <ManufactureCountry>לא ידוע</ManufactureCountry>
      <ManufacturerItemDescription>מרידול שטיפת דנטלית</ManufacturerItemDescription>
      <UnitQty>לא ידוע</UnitQty>
      <Quantity>400.00</Quantity>
      <UnitOfMeasure>לא ידוע</UnitOfMeasure>
      <bIsWeighted>0</bIsWeighted>
      <QtyInPackage>לא ידוע</QtyInPackage>
      <ItemPrice>31.90</ItemPrice>
      <UnitOfMeasurePrice>0.0797</UnitOfMeasurePrice>
      <AllowDiscount>1</AllowDiscount>
      <ItemStatus>1</ItemStatus>
      <ItemId>220716</ItemId>
    </Item>
    <Item>
      <PriceUpdateDate>2025-09-08 07:57:11</PriceUpdateDate>
      <ItemCode>7622201120931</ItemCode>
      <ItemType>1</ItemType>
      <ItemName>מילקה שוקולד אוראו ל</ItemName>
      <ManufacturerName>לא ידוע</ManufacturerName>
      <ManufactureCountry>לא ידוע</ManufactureCountry>
      <ManufacturerItemDescription>מילקה שוקולד אוראו ל</ManufacturerItemDescription>
      <UnitQty>לא ידוע</UnitQty>
      <Quantity>100.00</Quantity>
      <UnitOfMeasure>לא ידוע</UnitOfMeasure>
      <bIsWeighted>0</bIsWeighted>
      <QtyInPackage>לא ידוע</QtyInPackage>
      <ItemPrice>9.90</ItemPrice>
      <UnitOfMeasurePrice>0.0990</UnitOfMeasurePrice>
      <AllowDiscount>1</AllowDiscount>
      <ItemStatus>1</ItemStatus>
      <ItemId>237512</ItemId>
    </Item>
    <Item>
      <PriceUpdateDate>2025-08-27 09:42:25</PriceUpdateDate>
      <ItemCode>7290010613953</ItemCode>
      <ItemType>1</ItemType>
      <ItemName>דלי מטליות לניקוי וח</ItemName>
      <ManufacturerName>לא ידוע</ManufacturerName>
      <ManufactureCountry>לא ידוע</ManufactureCountry>
      <ManufacturerItemDescription>דלי מטליות לניקוי וח</ManufacturerItemDescription>
      <UnitQty>יחידה   </UnitQty>
      <Quantity>0.00</Quantity>
      <UnitOfMeasure>יחידה   </UnitOfMeasure>
      <bIsWeighted>0</bIsWeighted>
      <QtyInPackage>לא ידוע</QtyInPackage>
      <ItemPrice>15.90</ItemPrice>
      <UnitOfMeasurePrice>0.0000</UnitOfMeasurePrice>
      <AllowDiscount>1</AllowDiscount>
      <ItemStatus>1</ItemStatus>
      <ItemId>235790</ItemId>
    </Item>
    <Item>
      <PriceUpdateDate>2025-08-31 09:59:43</PriceUpdateDate>
      <ItemCode>7290014525313</ItemCode>
      <ItemType>1</ItemType>
      <ItemName>חטיפי מרבה סלים דליס</ItemName>
      <ManufacturerName>לא ידוע</ManufacturerName>
      <ManufactureCountry>לא ידוע</ManufactureCountry>
      <ManufacturerItemDescription>חטיפי מרבה סלים דליס</ManufacturerItemDescription>
      <UnitQty>לא ידוע</UnitQty>
      <Quantity>125.00</Quantity>
      <UnitOfMeasure>לא ידוע</UnitOfMeasure>
      <bIsWeighted>0</bIsWeighted>
      <QtyInPackage>לא ידוע</QtyInPackage>
      <ItemPrice>15.90</ItemPrice>
      <UnitOfMeasurePrice>0.1272</UnitOfMeasurePrice>
      <AllowDiscount>1</AllowDiscount>
      <ItemStatus>1</ItemStatus>
      <ItemId>220748</ItemId>
    </Item>
    <Item>
      <PriceUpdateDate>2025-08-19 18:18:47</PriceUpdateDate>
      <ItemCode>4000417019004</ItemCode>
      <ItemType>1</ItemType>
      <ItemName>שוקולד ריטר חלב אגוז</ItemName>
      <ManufacturerName>לא ידוע</ManufacturerName>
      <ManufactureCountry>לא ידוע</ManufactureCountry>
      <ManufacturerItemDescription>שוקולד ריטר חלב אגוז</ManufacturerItemDescription>
      <UnitQty>לא ידוע</UnitQty>
      <Quantity>100.00</Quantity>
      <UnitOfMeasure>לא ידוע</UnitOfMeasure>
      <bIsWeighted>0</bIsWeighted>
      <QtyInPackage>לא ידוע</QtyInPackage>
      <ItemPrice>19.90</ItemPrice>
      <UnitOfMeasurePrice>0.1990</UnitOfMeasurePrice>
      <AllowDiscount>1</AllowDiscount>
      <ItemStatus>1</ItemStatus>
      <ItemId>221012</ItemId>
    </Item>
    <Item>
      <PriceUpdateDate>2025-08-19 18:18:49</PriceUpdateDate>
      <ItemCode>4000417224002</ItemCode>
      <ItemType>1</ItemType>
      <ItemName>שוקולד ריטר מריר אגו</ItemName>
      <ManufacturerName>לא ידוע</ManufacturerName>
      <ManufactureCountry>לא ידוע</ManufactureCountry>
      <ManufacturerItemDescription>שוקולד ריטר מריר אגו</ManufacturerItemDescription>
      <UnitQty>לא ידוע</UnitQty>
      <Quantity>100.00</Quantity>
      <UnitOfMeasure>לא ידוע</UnitOfMeasure>
      <bIsWeighted>0</bIsWeighted>
      <QtyInPackage>לא ידוע</QtyInPackage>
      <ItemPrice>19.90</ItemPrice>
      <UnitOfMeasurePrice>0.1990</UnitOfMeasurePrice>
      <AllowDiscount>1</AllowDiscount>
      <ItemStatus>1</ItemStatus>
      <ItemId>221014</ItemId>
    </Item>
    <Item>
      <PriceUpdateDate>2025-08-26 11:43:15</PriceUpdateDate>
      <ItemCode>7290110553036</ItemCode>
      <ItemType>1</ItemType>
      <ItemName>פרכיות חלבון בטטה סג</ItemName>
      <ManufacturerName>לא ידוע</ManufacturerName>
      <ManufactureCountry>לא ידוע</ManufactureCountry>
      <ManufacturerItemDescription>פרכיות חלבון בטטה סג</ManufacturerItemDescription>
      <UnitQty>לא ידוע</UnitQty>
      <Quantity>60.00</Quantity>
      <UnitOfMeasure>לא ידוע</UnitOfMeasure>
      <bIsWeighted>0</bIsWeighted>
      <QtyInPackage>לא ידוע</QtyInPackage>
      <ItemPrice>12.90</ItemPrice>
      <UnitOfMeasurePrice>0.2150</UnitOfMeasurePrice>
      <AllowDiscount>1</AllowDiscount>
      <ItemStatus>1</ItemStatus>
      <ItemId>237308</ItemId>
    </Item>
    <Item>
      <PriceUpdateDate>2025-09-07 08:03:16</PriceUpdateDate>
      <ItemCode>7290018724606</ItemCode>
      <ItemType>1</ItemType>
      <ItemName>סודה לשתיה ללא אלומי</ItemName>
      <ManufacturerName>לא ידוע</ManufacturerName>
      <ManufactureCountry>לא ידוע</ManufactureCountry>
      <ManufacturerItemDescription>סודה לשתיה ללא אלומי</ManufacturerItemDescription>
      <UnitQty>לא ידוע</UnitQty>
      <Quantity>350.00</Quantity>
      <UnitOfMeasure>לא ידוע</UnitOfMeasure>
      <bIsWeighted>0</bIsWeighted>
      <QtyInPackage>לא ידוע</QtyInPackage>
      <ItemPrice>17.90</ItemPrice>
      <UnitOfMeasurePrice>0.0511</UnitOfMeasurePrice>
      <AllowDiscount>1</AllowDiscount>
      <ItemStatus>1</ItemStatus>
      <ItemId>254723</ItemId>
    </Item>
    <Item>
      <PriceUpdateDate>2025-09-07 10:41:18</PriceUpdateDate>
      <ItemCode>7290108350531</ItemCode>
      <ItemType>1</ItemType>
      <ItemName>סנו ספארק משאבה קלאס</ItemName>
      <ManufacturerName>לא ידוע</ManufacturerName>
      <ManufactureCountry>לא ידוע</ManufactureCountry>
      <ManufacturerItemDescription>סנו ספארק משאבה קלאס</ManufacturerItemDescription>
      <UnitQty>לא ידוע</UnitQty>
      <Quantity>1000.00</Quantity>
      <UnitOfMeasure>לא ידוע</UnitOfMeasure>
      <bIsWeighted>0</bIsWeighted>
      <QtyInPackage>לא ידוע</QtyInPackage>
      <ItemPrice>13.90</ItemPrice>
      <UnitOfMeasurePrice>0.0139</UnitOfMeasurePrice>
      <AllowDiscount>1</AllowDiscount>
      <ItemStatus>1</ItemStatus>
      <ItemId>221157</ItemId>
    </Item>
    <Item>
      <PriceUpdateDate>2025-11-10 13:28:11</PriceUpdateDate>
      <ItemCode>7290013145390</ItemCode>
      <ItemType>1</ItemType>
      <ItemName>שוקולד צ'יפס מימונס</ItemName>
      <ManufacturerName>לא ידוע</ManufacturerName>
      <ManufactureCountry>לא ידוע</ManufactureCountry>
      <ManufacturerItemDescription>שוקולד צ'יפס מימונס</ManufacturerItemDescription>
      <UnitQty>לא ידוע</UnitQty>
      <Quantity>250.00</Quantity>
      <UnitOfMeasure>לא ידוע</UnitOfMeasure>
      <bIsWeighted>0</bIsWeighted>
      <QtyInPackage>לא ידוע</QtyInPackage>
      <ItemPrice>13.90</ItemPrice>
      <UnitOfMeasurePrice>0.0556</UnitOfMeasurePrice>
      <AllowDiscount>1</AllowDiscount>
      <ItemStatus>1</ItemStatus>
      <ItemId>221225</ItemId>
    </Item>
    <Item>
      <PriceUpdateDate>2025-08-21 13:13:49</PriceUpdateDate>
      <ItemCode>7290005230813</ItemCode>
      <ItemType>1</ItemType>
      <ItemName>קערית אובלית 25 יח'</ItemName>
      <ManufacturerName>קריות זול</ManufacturerName>
      <ManufactureCountry>לא ידוע</ManufactureCountry>
      <ManufacturerItemDescription>קערית אובלית 25 יח'</ManufacturerItemDescription>
      <UnitQty>יחידה   </UnitQty>
      <Quantity>0.00</Quantity>
      <UnitOfMeasure>יחידה   </UnitOfMeasure>
      <bIsWeighted>0</bIsWeighted>
      <QtyInPackage>לא ידוע</QtyInPackage>
      <ItemPrice>6.90</ItemPrice>
      <UnitOfMeasurePrice>0.0000</UnitOfMeasurePrice>
      <AllowDiscount>1</AllowDiscount>
      <ItemStatus>1</ItemStatus>
      <ItemId>221259</ItemId>
    </Item>
    <Item>
      <PriceUpdateDate>2025-01-14 14:16:32</PriceUpdateDate>
      <ItemCode>7290000552194</ItemCode>
      <ItemType>1</ItemType>
      <ItemName>קישקע 500 גרם</ItemName>
      <ManufacturerName>קריות זול</ManufacturerName>
      <ManufactureCountry>לא ידוע</ManufactureCountry>
      <ManufacturerItemDescription>קישקע 500 גרם</ManufacturerItemDescription>
      <UnitQty>לא ידוע</UnitQty>
      <Quantity>500.00</Quantity>
      <UnitOfMeasure>לא ידוע</UnitOfMeasure>
      <bIsWeighted>0</bIsWeighted>
      <QtyInPackage>לא ידוע</QtyInPackage>
      <ItemPrice>22.90</ItemPrice>
      <UnitOfMeasurePrice>0.0458</UnitOfMeasurePrice>
      <AllowDiscount>1</AllowDiscount>
      <ItemStatus>1</ItemStatus>
      <ItemId>221275</ItemId>
    </Item>
    <Item>
      <PriceUpdateDate>2025-09-03 11:28:39</PriceUpdateDate>
      <ItemCode>7290116537351</ItemCode>
      <ItemType>1</ItemType>
      <ItemName>כריות נוגט תלמה 686</ItemName>
      <ManufacturerName>קריות זול</ManufacturerName>
      <ManufactureCountry>לא ידוע</ManufactureCountry>
      <ManufacturerItemDescription>כריות נוגט תלמה 686</ManufacturerItemDescription>
      <UnitQty>לא ידוע</UnitQty>
      <Quantity>686.00</Quantity>
      <UnitOfMeasure>לא ידוע</UnitOfMeasure>
      <bIsWeighted>0</bIsWeighted>
      <QtyInPackage>לא ידוע</QtyInPackage>
      <ItemPrice>30.90</ItemPrice>
      <UnitOfMeasurePrice>0.0450</UnitOfMeasurePrice>
      <AllowDiscount>1</AllowDiscount>
      <ItemStatus>1</ItemStatus>
      <ItemId>250721</ItemId>
    </Item>
    <Item>
      <PriceUpdateDate>2025-08-18 14:35:45</PriceUpdateDate>
      <ItemCode>4897021690947</ItemCode>
      <ItemType>1</ItemType>
      <ItemName>פלסטרים מיקס 100</ItemName>
      <ManufacturerName>פריטי המותג של יאיר</ManufacturerName>
      <ManufactureCountry>לא ידוע</ManufactureCountry>
      <ManufacturerItemDescription>פלסטרים מיקס 100</ManufacturerItemDescription>
      <UnitQty>יחידה   </UnitQty>
      <Quantity>0.00</Quantity>
      <UnitOfMeasure>יחידה   </UnitOfMeasure>
      <bIsWeighted>0</bIsWeighted>
      <QtyInPackage>לא ידוע</QtyInPackage>
      <ItemPrice>11.90</ItemPrice>
      <UnitOfMeasurePrice>0.0000</UnitOfMeasurePrice>
      <AllowDiscount>1</AllowDiscount>
      <ItemStatus>1</ItemStatus>
      <ItemId>221294</ItemId>
    </Item>
    <Item>
      <PriceUpdateDate>2025-06-26 09:35:06</PriceUpdateDate>
      <ItemCode>7290000136769</ItemCode>
      <ItemType>1</ItemType>
      <ItemName>פפסי 6*1.5ליטר</ItemName>
      <ManufacturerName>לא ידוע</ManufacturerName>
      <ManufactureCountry>לא ידוע</ManufactureCountry>
      <ManufacturerItemDescription>פפסי 6*1.5ליטר</ManufacturerItemDescription>
      <UnitQty>לא ידוע</UnitQty>
      <Quantity>9000.00</Quantity>
      <UnitOfMeasure>לא ידוע</UnitOfMeasure>
      <bIsWeighted>0</bIsWeighted>
      <QtyInPackage>לא ידוע</QtyInPackage>
      <ItemPrice>36.90</ItemPrice>
      <UnitOfMeasurePrice>0.0041</UnitOfMeasurePrice>
      <AllowDiscount>1</AllowDiscount>
      <ItemStatus>1</ItemStatus>
      <ItemId>236805</ItemId>
    </Item>
    <Item>
      <PriceUpdateDate>2025-05-07 12:51:58</PriceUpdateDate>
      <ItemCode>90162602</ItemCode>
      <ItemType>1</ItemType>
      <ItemName>רד בול קלאסי 250 מ"ל</ItemName>
      <ManufacturerName>לא ידוע</ManufacturerName>
      <ManufactureCountry>לא ידוע</ManufactureCountry>
      <ManufacturerItemDescription>רד בול קלאסי 250 מ"ל</ManufacturerItemDescription>
      <UnitQty>לא ידוע</UnitQty>
      <Quantity>250.00</Quantity>
      <UnitOfMeasure>לא ידוע</UnitOfMeasure>
      <bIsWeighted>0</bIsWeighted>
      <QtyInPackage>לא ידוע</QtyInPackage>
      <ItemPrice>7.20</ItemPrice>
      <UnitOfMeasurePrice>0.0288</UnitOfMeasurePrice>
      <AllowDiscount>1</AllowDiscount>
      <ItemStatus>1</ItemStatus>
      <ItemId>221406</ItemId>
    </Item>
    <Item>
      <PriceUpdateDate>2025-08-22 11:33:29</PriceUpdateDate>
      <ItemCode>7290000292533</ItemCode>
      <ItemType>1</ItemType>
      <ItemName>סנו ג'ל לניקוי 1ליטר</ItemName>
      <ManufacturerName>קריות זול</ManufacturerName>
      <ManufactureCountry>לא ידוע</ManufactureCountry>
      <ManufacturerItemDescription>סנו ג'ל לניקוי 1ליטר</ManufacturerItemDescription>
      <UnitQty>ליטרים</UnitQty>
      <Quantity>1.00</Quantity>
      <UnitOfMeasure>ליטר    </UnitOfMeasure>
      <bIsWeighted>0</bIsWeighted>
      <QtyInPackage>לא ידוע</QtyInPackage>
      <ItemPrice>19.50</ItemPrice>
      <UnitOfMeasurePrice>19.5000</UnitOfMeasurePrice>
      <AllowDiscount>1</AllowDiscount>
      <ItemStatus>1</ItemStatus>
      <ItemId>221413</ItemId>
    </Item>
    <Item>
      <PriceUpdateDate>2025-09-07 08:02:49</PriceUpdateDate>
      <ItemCode>7290113192478</ItemCode>
      <ItemType>1</ItemType>
      <ItemName>מלפפון 10/12במלח בינ</ItemName>
      <ManufacturerName>לא ידוע</ManufacturerName>
      <ManufactureCountry>לא ידוע</ManufactureCountry>
      <ManufacturerItemDescription>מלפפון 10/12במלח בינ</ManufacturerItemDescription>
      <UnitQty>לא ידוע</UnitQty>
      <Quantity>560.00</Quantity>
      <UnitOfMeasure>לא ידוע</UnitOfMeasure>
      <bIsWeighted>0</bIsWeighted>
      <QtyInPackage>לא ידוע</QtyInPackage>
      <ItemPrice>11.90</ItemPrice>
      <UnitOfMeasurePrice>0.0213</UnitOfMeasurePrice>
      <AllowDiscount>1</AllowDiscount>
      <ItemStatus>1</ItemStatus>
      <ItemId>231069</ItemId>
    </Item>
    <Item>
      <PriceUpdateDate>2025-09-07 08:02:49</PriceUpdateDate>
      <ItemCode>7290113192485</ItemCode>
      <ItemType>1</ItemType>
      <ItemName>מלפפון בחומץ 10-12 5</ItemName>
      <ManufacturerName>לא ידוע</ManufacturerName>
      <ManufactureCountry>לא ידוע</ManufactureCountry>
      <ManufacturerItemDescription>מלפפון בחומץ 10-12 5</ManufacturerItemDescription>
      <UnitQty>לא ידוע</UnitQty>
      <Quantity>560.00</Quantity>
      <UnitOfMeasure>לא ידוע</UnitOfMeasure>
      <bIsWeighted>0</bIsWeighted>
      <QtyInPackage>לא ידוע</QtyInPackage>
      <ItemPrice>11.90</ItemPrice>
      <UnitOfMeasurePrice>0.0213</UnitOfMeasurePrice>
      <AllowDiscount>1</AllowDiscount>
      <ItemStatus>1</ItemStatus>
      <ItemId>231071</ItemId>
    </Item>
    <Item>
      <PriceUpdateDate>2025-09-07 08:02:49</PriceUpdateDate>
      <ItemCode>7290113192492</ItemCode>
      <ItemType>1</ItemType>
      <ItemName>מלפפון בחומץ קטנים 1</ItemName>
      <ManufacturerName>לא ידוע</ManufacturerName>
      <ManufactureCountry>לא ידוע</ManufactureCountry>
      <ManufacturerItemDescription>מלפפון בחומץ קטנים 1</ManufacturerItemDescription>
      <UnitQty>לא ידוע</UnitQty>
      <Quantity>290.00</Quantity>
      <UnitOfMeasure>לא ידוע</UnitOfMeasure>
      <bIsWeighted>0</bIsWeighted>
      <QtyInPackage>לא ידוע</QtyInPackage>
      <ItemPrice>14.90</ItemPrice>
      <UnitOfMeasurePrice>0.0514</UnitOfMeasurePrice>
      <AllowDiscount>1</AllowDiscount>
      <ItemStatus>1</ItemStatus>
      <ItemId>231072</ItemId>
    </Item>
    <Item>
      <PriceUpdateDate>2025-08-31 10:12:08</PriceUpdateDate>
      <ItemCode>7290105964564</ItemCode>
      <ItemType>1</ItemType>
      <ItemName>חומוס אחלה 400 גרם</ItemName>
      <ManufacturerName>לא ידוע</ManufacturerName>
      <ManufactureCountry>לא ידוע</ManufactureCountry>
      <ManufacturerItemDescription>חומוס אחלה 400 גרם</ManufacturerItemDescription>
      <UnitQty>לא ידוע</UnitQty>
      <Quantity>400.00</Quantity>
      <UnitOfMeasure>לא ידוע</UnitOfMeasure>
      <bIsWeighted>0</bIsWeighted>
      <QtyInPackage>לא ידוע</QtyInPackage>
      <ItemPrice>10.90</ItemPrice>
      <UnitOfMeasurePrice>0.0273</UnitOfMeasurePrice>
      <AllowDiscount>1</AllowDiscount>
      <ItemStatus>1</ItemStatus>
      <ItemId>221476</ItemId>
    </Item>
    <Item>
      <PriceUpdateDate>2025-08-31 10:16:39</PriceUpdateDate>
      <ItemCode>7290016162233</ItemCode>
      <ItemType>1</ItemType>
      <ItemName>עוגיות פרימיום ממולא</ItemName>
      <ManufacturerName>לא ידוע</ManufacturerName>
      <ManufactureCountry>לא ידוע</ManufactureCountry>
      <ManufacturerItemDescription>עוגיות פרימיום ממולא</ManufacturerItemDescription>
      <UnitQty>לא ידוע</UnitQty>
      <Quantity>200.00</Quantity>
      <UnitOfMeasure>לא ידוע</UnitOfMeasure>
      <bIsWeighted>0</bIsWeighted>
      <QtyInPackage>לא ידוע</QtyInPackage>
      <ItemPrice>28.90</ItemPrice>
      <UnitOfMeasurePrice>0.1445</UnitOfMeasurePrice>
      <AllowDiscount>1</AllowDiscount>
      <ItemStatus>1</ItemStatus>
      <ItemId>231113</ItemId>
    </Item>
    <Item>
      <PriceUpdateDate>2025-08-27 09:42:19</PriceUpdateDate>
      <ItemCode>7290003976263</ItemCode>
      <ItemType>1</ItemType>
      <ItemName>די תיקן 300מ"ל טאצ'</ItemName>
      <ManufacturerName>לא ידוע</ManufacturerName>
      <ManufactureCountry>לא ידוע</ManufactureCountry>
      <ManufacturerItemDescription>די תיקן 300מ"ל טאצ'</ManufacturerItemDescription>
      <UnitQty>לא ידוע</UnitQty>
      <Quantity>300.00</Quantity>
      <UnitOfMeasure>לא ידוע</UnitOfMeasure>
      <bIsWeighted>0</bIsWeighted>
      <QtyInPackage>לא ידוע</QtyInPackage>
      <ItemPrice>18.90</ItemPrice>
      <UnitOfMeasurePrice>0.0630</UnitOfMeasurePrice>
      <AllowDiscount>1</AllowDiscount>
      <ItemStatus>1</ItemStatus>
      <ItemId>231116</ItemId>
    </Item>
    <Item>
      <PriceUpdateDate>2025-08-19 08:35:27</PriceUpdateDate>
      <ItemCode>25675301108</ItemCode>
      <ItemType>1</ItemType>
      <ItemName>מקלות חמוצים תות 50</ItemName>
      <ManufacturerName>לא ידוע</ManufacturerName>
      <ManufactureCountry>לא ידוע</ManufactureCountry>
      <ManufacturerItemDescription>מקלות חמוצים תות 50</ManufacturerItemDescription>
      <UnitQty>לא ידוע</UnitQty>
      <Quantity>50.00</Quantity>
      <UnitOfMeasure>לא ידוע</UnitOfMeasure>
      <bIsWeighted>0</bIsWeighted>
      <QtyInPackage>לא ידוע</QtyInPackage>
      <ItemPrice>10.90</ItemPrice>
      <UnitOfMeasurePrice>0.2180</UnitOfMeasurePrice>
      <AllowDiscount>1</AllowDiscount>
      <ItemStatus>1</ItemStatus>
      <ItemId>221659</ItemId>
    </Item>
    <Item>
      <PriceUpdateDate>2025-08-19 08:35:31</PriceUpdateDate>
      <ItemCode>25675301153</ItemCode>
      <ItemType>1</ItemType>
      <ItemName>מקלות חמוצים פטל 50</ItemName>
      <ManufacturerName>לא ידוע</ManufacturerName>
      <ManufactureCountry>לא ידוע</ManufactureCountry>
      <ManufacturerItemDescription>מקלות חמוצים פטל 50</ManufacturerItemDescription>
      <UnitQty>לא ידוע</UnitQty>
      <Quantity>50.00</Quantity>
      <UnitOfMeasure>לא ידוע</UnitOfMeasure>
      <bIsWeighted>0</bIsWeighted>
      <QtyInPackage>לא ידוע</QtyInPackage>
      <ItemPrice>10.90</ItemPrice>
      <UnitOfMeasurePrice>0.2180</UnitOfMeasurePrice>
      <AllowDiscount>1</AllowDiscount>
      <ItemStatus>1</ItemStatus>
      <ItemId>221660</ItemId>
    </Item>
    <Item>
      <PriceUpdateDate>2025-08-21 10:21:48</PriceUpdateDate>
      <ItemCode>7290002769316</ItemCode>
      <ItemType>1</ItemType>
      <ItemName>עוגת קראנץ 500 גרם</ItemName>
      <ManufacturerName>לא ידוע</ManufacturerName>
      <ManufactureCountry>לא ידוע</ManufactureCountry>
      <ManufacturerItemDescription>עוגת קראנץ 500 גרם</ManufacturerItemDescription>
      <UnitQty>לא ידוע</UnitQty>
      <Quantity>500.00</Quantity>
      <UnitOfMeasure>לא ידוע</UnitOfMeasure>
      <bIsWeighted>0</bIsWeighted>
      <QtyInPackage>לא ידוע</QtyInPackage>
      <ItemPrice>19.90</ItemPrice>
      <UnitOfMeasurePrice>0.0398</UnitOfMeasurePrice>
      <AllowDiscount>1</AllowDiscount>
      <ItemStatus>1</ItemStatus>
      <ItemId>221749</ItemId>
    </Item>
    <Item>
      <PriceUpdateDate>2025-08-19 11:27:45</PriceUpdateDate>
      <ItemCode>7290000364957</ItemCode>
      <ItemType>1</ItemType>
      <ItemName>נקניקיות עוף מיני מי</ItemName>
      <ManufacturerName>לא ידוע</ManufacturerName>
      <ManufactureCountry>לא ידוע</ManufactureCountry>
      <ManufacturerItemDescription>נקניקיות עוף מיני מי</ManufacturerItemDescription>
      <UnitQty>לא ידוע</UnitQty>
      <Quantity>700.00</Quantity>
      <UnitOfMeasure>לא ידוע</UnitOfMeasure>
      <bIsWeighted>0</bIsWeighted>
      <QtyInPackage>לא ידוע</QtyInPackage>
      <ItemPrice>29.90</ItemPrice>
      <UnitOfMeasurePrice>0.0427</UnitOfMeasurePrice>
      <AllowDiscount>1</AllowDiscount>
      <ItemStatus>1</ItemStatus>
      <ItemId>221760</ItemId>
    </Item>
    <Item>
      <PriceUpdateDate>2025-08-19 11:28:03</PriceUpdateDate>
      <ItemCode>7290002900566</ItemCode>
      <ItemType>1</ItemType>
      <ItemName>פסטרמה ברביקיו 360 ג</ItemName>
      <ManufacturerName>לא ידוע</ManufacturerName>
      <ManufactureCountry>לא ידוע</ManufactureCountry>
      <ManufacturerItemDescription>פסטרמה ברביקיו 360 ג</ManufacturerItemDescription>
      <UnitQty>לא ידוע</UnitQty>
      <Quantity>360.00</Quantity>
      <UnitOfMeasure>לא ידוע</UnitOfMeasure>
      <bIsWeighted>0</bIsWeighted>
      <QtyInPackage>לא ידוע</QtyInPackage>
      <ItemPrice>37.90</ItemPrice>
      <UnitOfMeasurePrice>0.1053</UnitOfMeasurePrice>
      <AllowDiscount>1</AllowDiscount>
      <ItemStatus>1</ItemStatus>
      <ItemId>221769</ItemId>
    </Item>
    <Item>
      <PriceUpdateDate>2025-08-19 11:28:26</PriceUpdateDate>
      <ItemCode>7290003229208</ItemCode>
      <ItemType>1</ItemType>
      <ItemName>פסטרמה ספרדית 360 ג</ItemName>
      <ManufacturerName>לא ידוע</ManufacturerName>
      <ManufactureCountry>לא ידוע</ManufactureCountry>
      <ManufacturerItemDescription>פסטרמה ספרדית 360 ג</ManufacturerItemDescription>
      <UnitQty>לא ידוע</UnitQty>
      <Quantity>360.00</Quantity>
      <UnitOfMeasure>לא ידוע</UnitOfMeasure>
      <bIsWeighted>0</bIsWeighted>
      <QtyInPackage>לא ידוע</QtyInPackage>
      <ItemPrice>37.90</ItemPrice>
      <UnitOfMeasurePrice>0.1053</UnitOfMeasurePrice>
      <AllowDiscount>1</AllowDiscount>
      <ItemStatus>1</ItemStatus>
      <ItemId>221770</ItemId>
    </Item>
    <Item>
      <PriceUpdateDate>2025-09-04 07:46:33</PriceUpdateDate>
      <ItemCode>7290109580623</ItemCode>
      <ItemType>1</ItemType>
      <ItemName>מאדם פרז נודלס עוף ס</ItemName>
      <ManufacturerName>לא ידוע</ManufacturerName>
      <ManufactureCountry>לא ידוע</ManufactureCountry>
      <ManufacturerItemDescription>מאדם פרז נודלס עוף ס</ManufacturerItemDescription>
      <UnitQty>לא ידוע</UnitQty>
      <Quantity>350.00</Quantity>
      <UnitOfMeasure>לא ידוע</UnitOfMeasure>
      <bIsWeighted>0</bIsWeighted>
      <QtyInPackage>לא ידוע</QtyInPackage>
      <ItemPrice>36.90</ItemPrice>
      <UnitOfMeasurePrice>0.1054</UnitOfMeasurePrice>
      <AllowDiscount>1</AllowDiscount>
      <ItemStatus>1</ItemStatus>
      <ItemId>247348</ItemId>
    </Item>
    <Item>
      <PriceUpdateDate>2025-08-31 08:42:35</PriceUpdateDate>
      <ItemCode>7290001041635</ItemCode>
      <ItemType>1</ItemType>
      <ItemName>פירורי לחם מוזהבים 4</ItemName>
      <ManufacturerName>לא ידוע</ManufacturerName>
      <ManufactureCountry>לא ידוע</ManufactureCountry>
      <ManufacturerItemDescription>פירורי לחם מוזהבים 4</ManufacturerItemDescription>
      <UnitQty>לא ידוע</UnitQty>
      <Quantity>400.00</Quantity>
      <UnitOfMeasure>לא ידוע</UnitOfMeasure>
      <bIsWeighted>0</bIsWeighted>
      <QtyInPackage>לא ידוע</QtyInPackage>
      <ItemPrice>5.90</ItemPrice>
      <UnitOfMeasurePrice>0.0148</UnitOfMeasurePrice>
      <AllowDiscount>1</AllowDiscount>
      <ItemStatus>1</ItemStatus>
      <ItemId>221865</ItemId>
    </Item>
    <Item>
      <PriceUpdateDate>2025-08-26 11:18:01</PriceUpdateDate>
      <ItemCode>7290010748884</ItemCode>
      <ItemType>1</ItemType>
      <ItemName>קרם גוף אפקטיב אינטנ</ItemName>
      <ManufacturerName>לא ידוע</ManufacturerName>
      <ManufactureCountry>לא ידוע</ManufactureCountry>
      <ManufacturerItemDescription>קרם גוף אפקטיב אינטנ</ManufacturerItemDescription>
      <UnitQty>לא ידוע</UnitQty>
      <Quantity>700.00</Quantity>
      <UnitOfMeasure>לא ידוע</UnitOfMeasure>
      <bIsWeighted>0</bIsWeighted>
      <QtyInPackage>לא ידוע</QtyInPackage>
      <ItemPrice>38.90</ItemPrice>
      <UnitOfMeasurePrice>0.0556</UnitOfMeasurePrice>
      <AllowDiscount>1</AllowDiscount>
      <ItemStatus>1</ItemStatus>
      <ItemId>221964</ItemId>
    </Item>
    <Item>
      <PriceUpdateDate>2025-08-28 10:19:09</PriceUpdateDate>
      <ItemCode>7290117266359</ItemCode>
      <ItemType>1</ItemType>
      <ItemName>קרקרים פריך ללא גלוט</ItemName>
      <ManufacturerName>לא ידוע</ManufacturerName>
      <ManufactureCountry>לא ידוע</ManufactureCountry>
      <ManufacturerItemDescription>קרקרים פריך ללא גלוט</ManufacturerItemDescription>
      <UnitQty>לא ידוע</UnitQty>
      <Quantity>100.00</Quantity>
      <UnitOfMeasure>לא ידוע</UnitOfMeasure>
      <bIsWeighted>0</bIsWeighted>
      <QtyInPackage>לא ידוע</QtyInPackage>
      <ItemPrice>10.90</ItemPrice>
      <UnitOfMeasurePrice>0.1090</UnitOfMeasurePrice>
      <AllowDiscount>1</AllowDiscount>
      <ItemStatus>1</ItemStatus>
      <ItemId>251699</ItemId>
    </Item>
    <Item>
      <PriceUpdateDate>2025-08-27 11:28:45</PriceUpdateDate>
      <ItemCode>7290012245312</ItemCode>
      <ItemType>1</ItemType>
      <ItemName>גולד ציפס אמריקאי 1.</ItemName>
      <ManufacturerName>לא ידוע</ManufacturerName>
      <ManufactureCountry>לא ידוע</ManufactureCountry>
      <ManufacturerItemDescription>גולד ציפס אמריקאי 1.</ManufacturerItemDescription>
      <UnitQty>קילוגרמים</UnitQty>
      <Quantity>1.50</Quantity>
      <UnitOfMeasure>ק"ג     </UnitOfMeasure>
      <bIsWeighted>0</bIsWeighted>
      <QtyInPackage>לא ידוע</QtyInPackage>
      <ItemPrice>25.90</ItemPrice>
      <UnitOfMeasurePrice>17.2667</UnitOfMeasurePrice>
      <AllowDiscount>1</AllowDiscount>
      <ItemStatus>1</ItemStatus>
      <ItemId>229362</ItemId>
    </Item>
    <Item>
      <PriceUpdateDate>2025-08-21 10:21:48</PriceUpdateDate>
      <ItemCode>7290002769347</ItemCode>
      <ItemType>1</ItemType>
      <ItemName>עוגיות מובחרות 500 ג</ItemName>
      <ManufacturerName>לא ידוע</ManufacturerName>
      <ManufactureCountry>לא ידוע</ManufactureCountry>
      <ManufacturerItemDescription>עוגיות מובחרות 500 ג</ManufacturerItemDescription>
      <UnitQty>לא ידוע</UnitQty>
      <Quantity>500.00</Quantity>
      <UnitOfMeasure>לא ידוע</UnitOfMeasure>
      <bIsWeighted>0</bIsWeighted>
      <QtyInPackage>לא ידוע</QtyInPackage>
      <ItemPrice>17.90</ItemPrice>
      <UnitOfMeasurePrice>0.0358</UnitOfMeasurePrice>
      <AllowDiscount>1</AllowDiscount>
      <ItemStatus>1</ItemStatus>
      <ItemId>221995</ItemId>
    </Item>
    <Item>
      <PriceUpdateDate>2021-10-14 06:16:03</PriceUpdateDate>
      <ItemCode>7290011480530</ItemCode>
      <ItemType>1</ItemType>
      <ItemName>כוסברה מהדרין</ItemName>
      <ManufacturerName>לא ידוע</ManufacturerName>
      <ManufactureCountry>ישראל</ManufactureCountry>
      <ManufacturerItemDescription>כוסברה מהדרין</ManufacturerItemDescription>
      <UnitQty>יחידה   </UnitQty>
      <Quantity>0.00</Quantity>
      <UnitOfMeasure>יחידה   </UnitOfMeasure>
      <bIsWeighted>0</bIsWeighted>
      <QtyInPackage>לא ידוע</QtyInPackage>
      <ItemPrice>5.90</ItemPrice>
      <UnitOfMeasurePrice>0.0000</UnitOfMeasurePrice>
      <AllowDiscount>1</AllowDiscount>
      <ItemStatus>1</ItemStatus>
      <ItemId>222020</ItemId>
    </Item>
    <Item>
      <PriceUpdateDate>2025-09-07 08:45:07</PriceUpdateDate>
      <ItemCode>89041081056</ItemCode>
      <ItemType>1</ItemType>
      <ItemName>שמן צ'ילי 185 מל</ItemName>
      <ManufacturerName>לא ידוע</ManufacturerName>
      <ManufactureCountry>לא ידוע</ManufactureCountry>
      <ManufacturerItemDescription>שמן צ'ילי 185 מל</ManufacturerItemDescription>
      <UnitQty>לא ידוע</UnitQty>
      <Quantity>185.00</Quantity>
      <UnitOfMeasure>לא ידוע</UnitOfMeasure>
      <bIsWeighted>0</bIsWeighted>
      <QtyInPackage>לא ידוע</QtyInPackage>
      <ItemPrice>13.90</ItemPrice>
      <UnitOfMeasurePrice>0.0751</UnitOfMeasurePrice>
      <AllowDiscount>1</AllowDiscount>
      <ItemStatus>1</ItemStatus>
      <ItemId>222026</ItemId>
    </Item>
    <Item>
      <PriceUpdateDate>2025-08-28 10:18:31</PriceUpdateDate>
      <ItemCode>7290117260081</ItemCode>
      <ItemType>1</ItemType>
      <ItemName>אורז יסמין דאווט 1 ק</ItemName>
      <ManufacturerName>לא ידוע</ManufacturerName>
      <ManufactureCountry>לא ידוע</ManufactureCountry>
      <ManufacturerItemDescription>אורז יסמין דאווט 1 ק</ManufacturerItemDescription>
      <UnitQty>לא ידוע</UnitQty>
      <Quantity>1000.00</Quantity>
      <UnitOfMeasure>לא ידוע</UnitOfMeasure>
      <bIsWeighted>0</bIsWeighted>
      <QtyInPackage>לא ידוע</QtyInPackage>
      <ItemPrice>14.90</ItemPrice>
      <UnitOfMeasurePrice>0.0149</UnitOfMeasurePrice>
      <AllowDiscount>1</AllowDiscount>
      <ItemStatus>1</ItemStatus>
      <ItemId>242842</ItemId>
    </Item>
    <Item>
      <PriceUpdateDate>2025-08-31 08:44:35</PriceUpdateDate>
      <ItemCode>7290002043225</ItemCode>
      <ItemType>1</ItemType>
      <ItemName>אקסטרה ציפס פפריקה 6</ItemName>
      <ManufacturerName>לא ידוע</ManufacturerName>
      <ManufactureCountry>לא ידוע</ManufactureCountry>
      <ManufacturerItemDescription>אקסטרה ציפס פפריקה 6</ManufacturerItemDescription>
      <UnitQty>לא ידוע</UnitQty>
      <Quantity>60.00</Quantity>
      <UnitOfMeasure>לא ידוע</UnitOfMeasure>
      <bIsWeighted>0</bIsWeighted>
      <QtyInPackage>לא ידוע</QtyInPackage>
      <ItemPrice>7.90</ItemPrice>
      <UnitOfMeasurePrice>0.1317</UnitOfMeasurePrice>
      <AllowDiscount>1</AllowDiscount>
      <ItemStatus>1</ItemStatus>
      <ItemId>250629</ItemId>
    </Item>
    <Item>
      <PriceUpdateDate>2025-09-03 13:37:26</PriceUpdateDate>
      <ItemCode>7614500010013</ItemCode>
      <ItemType>1</ItemType>
      <ItemName>טובלרון בר חלב 100 ג</ItemName>
      <ManufacturerName>לא ידוע</ManufacturerName>
      <ManufactureCountry>לא ידוע</ManufactureCountry>
      <ManufacturerItemDescription>טובלרון בר חלב 100 ג</ManufacturerItemDescription>
      <UnitQty>לא ידוע</UnitQty>
      <Quantity>100.00</Quantity>
      <UnitOfMeasure>לא ידוע</UnitOfMeasure>
      <bIsWeighted>0</bIsWeighted>
      <QtyInPackage>לא ידוע</QtyInPackage>
      <ItemPrice>12.50</ItemPrice>
      <UnitOfMeasurePrice>0.1250</UnitOfMeasurePrice>
      <AllowDiscount>1</AllowDiscount>
      <ItemStatus>1</ItemStatus>
      <ItemId>222074</ItemId>
    </Item>
    <Item>
      <PriceUpdateDate>2025-08-24 11:43:00</PriceUpdateDate>
      <ItemCode>7290012803321</ItemCode>
      <ItemType>1</ItemType>
      <ItemName>מרמולייט סוכרלוז 200</ItemName>
      <ManufacturerName>לא ידוע</ManufacturerName>
      <ManufactureCountry>לא ידוע</ManufactureCountry>
      <ManufacturerItemDescription>מרמולייט סוכרלוז 200</ManufacturerItemDescription>
      <UnitQty>לא ידוע</UnitQty>
      <Quantity>200.00</Quantity>
      <UnitOfMeasure>לא ידוע</UnitOfMeasure>
      <bIsWeighted>0</bIsWeighted>
      <QtyInPackage>לא ידוע</QtyInPackage>
      <ItemPrice>50.90</ItemPrice>
      <UnitOfMeasurePrice>0.2545</UnitOfMeasurePrice>
      <AllowDiscount>1</AllowDiscount>
      <ItemStatus>1</ItemStatus>
      <ItemId>222180</ItemId>
    </Item>
    <Item>
      <PriceUpdateDate>2025-08-26 10:50:03</PriceUpdateDate>
      <ItemCode>7290000178134</ItemCode>
      <ItemType>1</ItemType>
      <ItemName>שוקולד מריר פרה רביע</ItemName>
      <ManufacturerName>לא ידוע</ManufacturerName>
      <ManufactureCountry>לא ידוע</ManufactureCountry>
      <ManufacturerItemDescription>שוקולד מריר פרה רביע</ManufacturerItemDescription>
      <UnitQty>לא ידוע</UnitQty>
      <Quantity>400.00</Quantity>
      <UnitOfMeasure>לא ידוע</UnitOfMeasure>
      <bIsWeighted>0</bIsWeighted>
      <QtyInPackage>לא ידוע</QtyInPackage>
      <ItemPrice>28.90</ItemPrice>
      <UnitOfMeasurePrice>0.0722</UnitOfMeasurePrice>
      <AllowDiscount>1</AllowDiscount>
      <ItemStatus>1</ItemStatus>
      <ItemId>222232</ItemId>
    </Item>
    <Item>
      <PriceUpdateDate>2025-08-26 11:42:46</PriceUpdateDate>
      <ItemCode>7290107953559</ItemCode>
      <ItemType>1</ItemType>
      <ItemName>עלית טורקי לדרך 168</ItemName>
      <ManufacturerName>לא ידוע</ManufacturerName>
      <ManufactureCountry>לא ידוע</ManufactureCountry>
      <ManufacturerItemDescription>עלית טורקי לדרך 168</ManufacturerItemDescription>
      <UnitQty>לא ידוע</UnitQty>
      <Quantity>168.00</Quantity>
      <UnitOfMeasure>לא ידוע</UnitOfMeasure>
      <bIsWeighted>0</bIsWeighted>
      <QtyInPackage>לא ידוע</QtyInPackage>
      <ItemPrice>22.90</ItemPrice>
      <UnitOfMeasurePrice>0.1363</UnitOfMeasurePrice>
      <AllowDiscount>1</AllowDiscount>
      <ItemStatus>1</ItemStatus>
      <ItemId>222307</ItemId>
    </Item>
    <Item>
      <PriceUpdateDate>2025-08-20 10:20:52</PriceUpdateDate>
      <ItemCode>7290017724171</ItemCode>
      <ItemType>1</ItemType>
      <ItemName>עוגיות ריבה ללתס</ItemName>
      <ManufacturerName>לא ידוע</ManufacturerName>
      <ManufactureCountry>לא ידוע</ManufactureCountry>
      <ManufacturerItemDescription>עוגיות ריבה ללתס</ManufacturerItemDescription>
      <UnitQty>לא ידוע</UnitQty>
      <Quantity>250.00</Quantity>
      <UnitOfMeasure>לא ידוע</UnitOfMeasure>
      <bIsWeighted>0</bIsWeighted>
      <QtyInPackage>לא ידוע</QtyInPackage>
      <ItemPrice>27.90</ItemPrice>
      <UnitOfMeasurePrice>0.1116</UnitOfMeasurePrice>
      <AllowDiscount>1</AllowDiscount>
      <ItemStatus>1</ItemStatus>
      <ItemId>234992</ItemId>
    </Item>
    <Item>
      <PriceUpdateDate>2025-08-27 07:58:40</PriceUpdateDate>
      <ItemCode>7290006185501</ItemCode>
      <ItemType>1</ItemType>
      <ItemName>אל סבון ורוד פנינה ר</ItemName>
      <ManufacturerName>לא ידוע</ManufacturerName>
      <ManufactureCountry>לא ידוע</ManufactureCountry>
      <ManufacturerItemDescription>אל סבון ורוד פנינה ר</ManufacturerItemDescription>
      <UnitQty>לא ידוע</UnitQty>
      <Quantity>1000.00</Quantity>
      <UnitOfMeasure>לא ידוע</UnitOfMeasure>
      <bIsWeighted>0</bIsWeighted>
      <QtyInPackage>לא ידוע</QtyInPackage>
      <ItemPrice>14.90</ItemPrice>
      <UnitOfMeasurePrice>0.0149</UnitOfMeasurePrice>
      <AllowDiscount>1</AllowDiscount>
      <ItemStatus>1</ItemStatus>
      <ItemId>222353</ItemId>
    </Item>
    <Item>
      <PriceUpdateDate>2025-08-27 07:58:40</PriceUpdateDate>
      <ItemCode>7290010718627</ItemCode>
      <ItemType>1</ItemType>
      <ItemName>סבון נוזלי פנינה 1לי</ItemName>
      <ManufacturerName>לא ידוע</ManufacturerName>
      <ManufactureCountry>לא ידוע</ManufactureCountry>
      <ManufacturerItemDescription>סבון נוזלי פנינה 1לי</ManufacturerItemDescription>
      <UnitQty>לא ידוע</UnitQty>
      <Quantity>1000.00</Quantity>
      <UnitOfMeasure>לא ידוע</UnitOfMeasure>
      <bIsWeighted>0</bIsWeighted>
      <QtyInPackage>לא ידוע</QtyInPackage>
      <ItemPrice>14.90</ItemPrice>
      <UnitOfMeasurePrice>0.0149</UnitOfMeasurePrice>
      <AllowDiscount>1</AllowDiscount>
      <ItemStatus>1</ItemStatus>
      <ItemId>222355</ItemId>
    </Item>
    <Item>
      <PriceUpdateDate>2025-08-27 07:58:40</PriceUpdateDate>
      <ItemCode>7290010718634</ItemCode>
      <ItemType>1</ItemType>
      <ItemName>אל סבון לבן פנינה רו</ItemName>
      <ManufacturerName>לא ידוע</ManufacturerName>
      <ManufactureCountry>לא ידוע</ManufactureCountry>
      <ManufacturerItemDescription>אל סבון לבן פנינה רו</ManufacturerItemDescription>
      <UnitQty>לא ידוע</UnitQty>
      <Quantity>1000.00</Quantity>
      <UnitOfMeasure>לא ידוע</UnitOfMeasure>
      <bIsWeighted>0</bIsWeighted>
      <QtyInPackage>לא ידוע</QtyInPackage>
      <ItemPrice>14.90</ItemPrice>
      <UnitOfMeasurePrice>0.0149</UnitOfMeasurePrice>
      <AllowDiscount>1</AllowDiscount>
      <ItemStatus>1</ItemStatus>
      <ItemId>222356</ItemId>
    </Item>
    <Item>
      <PriceUpdateDate>2025-12-03 22:50:21</PriceUpdateDate>
      <ItemCode>7290112017635</ItemCode>
      <ItemType>1</ItemType>
      <ItemName>רוטב לעוף בלימון 400</ItemName>
      <ManufacturerName>לא ידוע</ManufacturerName>
      <ManufactureCountry>לא ידוע</ManufactureCountry>
      <ManufacturerItemDescription>רוטב לעוף בלימון 400</ManufacturerItemDescription>
      <UnitQty>לא ידוע</UnitQty>
      <Quantity>400.00</Quantity>
      <UnitOfMeasure>לא ידוע</UnitOfMeasure>
      <bIsWeighted>0</bIsWeighted>
      <QtyInPackage>לא ידוע</QtyInPackage>
      <ItemPrice>16.90</ItemPrice>
      <UnitOfMeasurePrice>0.0422</UnitOfMeasurePrice>
      <AllowDiscount>1</AllowDiscount>
      <ItemStatus>1</ItemStatus>
      <ItemId>256703</ItemId>
    </Item>
    <Item>
      <PriceUpdateDate>2025-09-07 10:41:12</PriceUpdateDate>
      <ItemCode>7290107280129</ItemCode>
      <ItemType>1</ItemType>
      <ItemName>שקיות אשפה חזקות 20</ItemName>
      <ManufacturerName>לא ידוע</ManufacturerName>
      <ManufactureCountry>לא ידוע</ManufactureCountry>
      <ManufacturerItemDescription>שקיות אשפה חזקות 20</ManufacturerItemDescription>
      <UnitQty>לא ידוע</UnitQty>
      <Quantity>20.00</Quantity>
      <UnitOfMeasure>לא ידוע</UnitOfMeasure>
      <bIsWeighted>0</bIsWeighted>
      <QtyInPackage>לא ידוע</QtyInPackage>
      <ItemPrice>26.90</ItemPrice>
      <UnitOfMeasurePrice>1.3450</UnitOfMeasurePrice>
      <AllowDiscount>1</AllowDiscount>
      <ItemStatus>1</ItemStatus>
      <ItemId>222547</ItemId>
    </Item>
    <Item>
      <PriceUpdateDate>2025-08-31 10:18:36</PriceUpdateDate>
      <ItemCode>7290016144086</ItemCode>
      <ItemType>1</ItemType>
      <ItemName>קמח חלה נפלאות מנופה</ItemName>
      <ManufacturerName>לא ידוע</ManufacturerName>
      <ManufactureCountry>לא ידוע</ManufactureCountry>
      <ManufacturerItemDescription>קמח חלה נפלאות מנופה</ManufacturerItemDescription>
      <UnitQty>לא ידוע</UnitQty>
      <Quantity>1000.00</Quantity>
      <UnitOfMeasure>לא ידוע</UnitOfMeasure>
      <bIsWeighted>0</bIsWeighted>
      <QtyInPackage>לא ידוע</QtyInPackage>
      <ItemPrice>9.90</ItemPrice>
      <UnitOfMeasurePrice>0.0099</UnitOfMeasurePrice>
      <AllowDiscount>1</AllowDiscount>
      <ItemStatus>1</ItemStatus>
      <ItemId>247021</ItemId>
    </Item>
    <Item>
      <PriceUpdateDate>2025-09-07 08:42:03</PriceUpdateDate>
      <ItemCode>7290019760290</ItemCode>
      <ItemType>1</ItemType>
      <ItemName>תערובת להכנת ציפוי ט</ItemName>
      <ManufacturerName>לא ידוע</ManufacturerName>
      <ManufactureCountry>לא ידוע</ManufactureCountry>
      <ManufacturerItemDescription>תערובת להכנת ציפוי ט</ManufacturerItemDescription>
      <UnitQty>לא ידוע</UnitQty>
      <Quantity>500.00</Quantity>
      <UnitOfMeasure>לא ידוע</UnitOfMeasure>
      <bIsWeighted>0</bIsWeighted>
      <QtyInPackage>לא ידוע</QtyInPackage>
      <ItemPrice>12.90</ItemPrice>
      <UnitOfMeasurePrice>0.0258</UnitOfMeasurePrice>
      <AllowDiscount>1</AllowDiscount>
      <ItemStatus>1</ItemStatus>
      <ItemId>245793</ItemId>
    </Item>
    <Item>
      <PriceUpdateDate>2025-02-26 12:20:31</PriceUpdateDate>
      <ItemCode>734896881145</ItemCode>
      <ItemType>1</ItemType>
      <ItemName>צעצועי דורון</ItemName>
      <ManufacturerName>לא ידוע</ManufacturerName>
      <ManufactureCountry>לא ידוע</ManufactureCountry>
      <ManufacturerItemDescription>צעצועי דורון</ManufacturerItemDescription>
      <UnitQty>יחידה   </UnitQty>
      <Quantity>0.00</Quantity>
      <UnitOfMeasure>יחידה   </UnitOfMeasure>
      <bIsWeighted>0</bIsWeighted>
      <QtyInPackage>לא ידוע</QtyInPackage>
      <ItemPrice>12.90</ItemPrice>
      <UnitOfMeasurePrice>0.0000</UnitOfMeasurePrice>
      <AllowDiscount>1</AllowDiscount>
      <ItemStatus>1</ItemStatus>
      <ItemId>251713</ItemId>
    </Item>
    <Item>
      <PriceUpdateDate>2025-09-03 13:38:17</PriceUpdateDate>
      <ItemCode>7290119373048</ItemCode>
      <ItemType>1</ItemType>
      <ItemName>טבלת פסק זמן ש.חלב ב</ItemName>
      <ManufacturerName>לא ידוע</ManufacturerName>
      <ManufactureCountry>לא ידוע</ManufactureCountry>
      <ManufacturerItemDescription>טבלת פסק זמן ש.חלב ב</ManufacturerItemDescription>
      <UnitQty>לא ידוע</UnitQty>
      <Quantity>100.00</Quantity>
      <UnitOfMeasure>לא ידוע</UnitOfMeasure>
      <bIsWeighted>0</bIsWeighted>
      <QtyInPackage>לא ידוע</QtyInPackage>
      <ItemPrice>11.90</ItemPrice>
      <UnitOfMeasurePrice>0.1190</UnitOfMeasurePrice>
      <AllowDiscount>1</AllowDiscount>
      <ItemStatus>1</ItemStatus>
      <ItemId>245926</ItemId>
    </Item>
    <Item>
      <PriceUpdateDate>2025-08-31 10:18:33</PriceUpdateDate>
      <ItemCode>7290019297550</ItemCode>
      <ItemType>1</ItemType>
      <ItemName>בוטנים מטוגנים בקופס</ItemName>
      <ManufacturerName>לא ידוע</ManufacturerName>
      <ManufactureCountry>לא ידוע</ManufactureCountry>
      <ManufacturerItemDescription>בוטנים מטוגנים בקופס</ManufacturerItemDescription>
      <UnitQty>לא ידוע</UnitQty>
      <Quantity>185.00</Quantity>
      <UnitOfMeasure>לא ידוע</UnitOfMeasure>
      <bIsWeighted>0</bIsWeighted>
      <QtyInPackage>לא ידוע</QtyInPackage>
      <ItemPrice>11.90</ItemPrice>
      <UnitOfMeasurePrice>0.0643</UnitOfMeasurePrice>
      <AllowDiscount>1</AllowDiscount>
      <ItemStatus>1</ItemStatus>
      <ItemId>222750</ItemId>
    </Item>
    <Item>
      <PriceUpdateDate>2025-02-26 12:20:31</PriceUpdateDate>
      <ItemCode>734896882883</ItemCode>
      <ItemType>1</ItemType>
      <ItemName>דמויות משחק</ItemName>
      <ManufacturerName>לא ידוע</ManufacturerName>
      <ManufactureCountry>לא ידוע</ManufactureCountry>
      <ManufacturerItemDescription>דמויות משחק</ManufacturerItemDescription>
      <UnitQty>יחידה   </UnitQty>
      <Quantity>0.00</Quantity>
      <UnitOfMeasure>יחידה   </UnitOfMeasure>
      <bIsWeighted>0</bIsWeighted>
      <QtyInPackage>לא ידוע</QtyInPackage>
      <ItemPrice>19.90</ItemPrice>
      <UnitOfMeasurePrice>0.0000</UnitOfMeasurePrice>
      <AllowDiscount>1</AllowDiscount>
      <ItemStatus>1</ItemStatus>
      <ItemId>251720</ItemId>
    </Item>
    <Item>
      <PriceUpdateDate>2025-02-26 12:20:31</PriceUpdateDate>
      <ItemCode>734896882944</ItemCode>
      <ItemType>1</ItemType>
      <ItemName>סט חרוזים</ItemName>
      <ManufacturerName>לא ידוע</ManufacturerName>
      <ManufactureCountry>לא ידוע</ManufactureCountry>
      <ManufacturerItemDescription>סט חרוזים</ManufacturerItemDescription>
      <UnitQty>יחידה   </UnitQty>
      <Quantity>0.00</Quantity>
      <UnitOfMeasure>יחידה   </UnitOfMeasure>
      <bIsWeighted>0</bIsWeighted>
      <QtyInPackage>לא ידוע</QtyInPackage>
      <ItemPrice>29.90</ItemPrice>
      <UnitOfMeasurePrice>0.0000</UnitOfMeasurePrice>
      <AllowDiscount>1</AllowDiscount>
      <ItemStatus>1</ItemStatus>
      <ItemId>251721</ItemId>
    </Item>
    <Item>
      <PriceUpdateDate>2025-08-20 13:23:59</PriceUpdateDate>
      <ItemCode>7290004943677</ItemCode>
      <ItemType>1</ItemType>
      <ItemName>מילוטל צ'יפס קלאסי 1</ItemName>
      <ManufacturerName>לא ידוע</ManufacturerName>
      <ManufactureCountry>לא ידוע</ManufactureCountry>
      <ManufacturerItemDescription>מילוטל צ'יפס קלאסי 1</ManufacturerItemDescription>
      <UnitQty>לא ידוע</UnitQty>
      <Quantity>1500.00</Quantity>
      <UnitOfMeasure>לא ידוע</UnitOfMeasure>
      <bIsWeighted>0</bIsWeighted>
      <QtyInPackage>לא ידוע</QtyInPackage>
      <ItemPrice>27.90</ItemPrice>
      <UnitOfMeasurePrice>0.0186</UnitOfMeasurePrice>
      <AllowDiscount>1</AllowDiscount>
      <ItemStatus>1</ItemStatus>
      <ItemId>251680</ItemId>
    </Item>
    <Item>
      <PriceUpdateDate>2025-08-19 11:44:26</PriceUpdateDate>
      <ItemCode>5201178801054</ItemCode>
      <ItemType>1</ItemType>
      <ItemName>ניוואה קרם רב שימושי</ItemName>
      <ManufacturerName>לא ידוע</ManufacturerName>
      <ManufactureCountry>לא ידוע</ManufactureCountry>
      <ManufacturerItemDescription>ניוואה קרם רב שימושי</ManufacturerItemDescription>
      <UnitQty>לא ידוע</UnitQty>
      <Quantity>250.00</Quantity>
      <UnitOfMeasure>לא ידוע</UnitOfMeasure>
      <bIsWeighted>0</bIsWeighted>
      <QtyInPackage>לא ידוע</QtyInPackage>
      <ItemPrice>34.90</ItemPrice>
      <UnitOfMeasurePrice>0.1396</UnitOfMeasurePrice>
      <AllowDiscount>1</AllowDiscount>
      <ItemStatus>1</ItemStatus>
      <ItemId>222873</ItemId>
    </Item>
    <Item>
      <PriceUpdateDate>2025-08-20 13:23:59</PriceUpdateDate>
      <ItemCode>7290004943738</ItemCode>
      <ItemType>1</ItemType>
      <ItemName>מילוטל ציפס אמריקאי</ItemName>
      <ManufacturerName>לא ידוע</ManufacturerName>
      <ManufactureCountry>לא ידוע</ManufactureCountry>
      <ManufacturerItemDescription>מילוטל ציפס אמריקאי</ManufacturerItemDescription>
      <UnitQty>לא ידוע</UnitQty>
      <Quantity>1500.00</Quantity>
      <UnitOfMeasure>לא ידוע</UnitOfMeasure>
      <bIsWeighted>0</bIsWeighted>
      <QtyInPackage>לא ידוע</QtyInPackage>
      <ItemPrice>27.90</ItemPrice>
      <UnitOfMeasurePrice>0.0186</UnitOfMeasurePrice>
      <AllowDiscount>1</AllowDiscount>
      <ItemStatus>1</ItemStatus>
      <ItemId>251682</ItemId>
    </Item>
    <Item>
      <PriceUpdateDate>2025-08-19 11:28:27</PriceUpdateDate>
      <ItemCode>7290003229222</ItemCode>
      <ItemType>1</ItemType>
      <ItemName>סלמי תה משובח 300 גר</ItemName>
      <ManufacturerName>לא ידוע</ManufacturerName>
      <ManufactureCountry>לא ידוע</ManufactureCountry>
      <ManufacturerItemDescription>סלמי תה משובח 300 גר</ManufacturerItemDescription>
      <UnitQty>לא ידוע</UnitQty>
      <Quantity>300.00</Quantity>
      <UnitOfMeasure>לא ידוע</UnitOfMeasure>
      <bIsWeighted>0</bIsWeighted>
      <QtyInPackage>לא ידוע</QtyInPackage>
      <ItemPrice>30.90</ItemPrice>
      <UnitOfMeasurePrice>0.1030</UnitOfMeasurePrice>
      <AllowDiscount>1</AllowDiscount>
      <ItemStatus>1</ItemStatus>
      <ItemId>222889</ItemId>
    </Item>
    <Item>
      <PriceUpdateDate>2025-08-18 14:32:23</PriceUpdateDate>
      <ItemCode>4015400990482</ItemCode>
      <ItemType>1</ItemType>
      <ItemName>אריאל אבקת כביסה קול</ItemName>
      <ManufacturerName>לא ידוע</ManufacturerName>
      <ManufactureCountry>לא ידוע</ManufactureCountry>
      <ManufacturerItemDescription>אריאל אבקת כביסה קול</ManufacturerItemDescription>
      <UnitQty>קילוגרמים</UnitQty>
      <Quantity>3.00</Quantity>
      <UnitOfMeasure>ק"ג     </UnitOfMeasure>
      <bIsWeighted>0</bIsWeighted>
      <QtyInPackage>לא ידוע</QtyInPackage>
      <ItemPrice>42.90</ItemPrice>
      <UnitOfMeasurePrice>14.3000</UnitOfMeasurePrice>
      <AllowDiscount>1</AllowDiscount>
      <ItemStatus>1</ItemStatus>
      <ItemId>222973</ItemId>
    </Item>
    <Item>
      <PriceUpdateDate>2025-09-03 07:32:18</PriceUpdateDate>
      <ItemCode>7290018441565</ItemCode>
      <ItemType>1</ItemType>
      <ItemName>בן&amp;גריס גלידה פיינט</ItemName>
      <ManufacturerName>לא ידוע</ManufacturerName>
      <ManufactureCountry>לא ידוע</ManufactureCountry>
      <ManufacturerItemDescription>בן&amp;גריס גלידה פיינט</ManufacturerItemDescription>
      <UnitQty>לא ידוע</UnitQty>
      <Quantity>441.00</Quantity>
      <UnitOfMeasure>לא ידוע</UnitOfMeasure>
      <bIsWeighted>0</bIsWeighted>
      <QtyInPackage>לא ידוע</QtyInPackage>
      <ItemPrice>24.90</ItemPrice>
      <UnitOfMeasurePrice>0.0565</UnitOfMeasurePrice>
      <AllowDiscount>1</AllowDiscount>
      <ItemStatus>1</ItemStatus>
      <ItemId>252178</ItemId>
    </Item>
    <Item>
      <PriceUpdateDate>2025-09-08 07:58:04</PriceUpdateDate>
      <ItemCode>7509546688923</ItemCode>
      <ItemType>1</ItemType>
      <ItemName>קולגייט מ.שיניים אדו</ItemName>
      <ManufacturerName>לא ידוע</ManufacturerName>
      <ManufactureCountry>לא ידוע</ManufactureCountry>
      <ManufacturerItemDescription>קולגייט מ.שיניים אדו</ManufacturerItemDescription>
      <UnitQty>לא ידוע</UnitQty>
      <Quantity>100.00</Quantity>
      <UnitOfMeasure>לא ידוע</UnitOfMeasure>
      <bIsWeighted>0</bIsWeighted>
      <QtyInPackage>לא ידוע</QtyInPackage>
      <ItemPrice>13.90</ItemPrice>
      <UnitOfMeasurePrice>0.1390</UnitOfMeasurePrice>
      <AllowDiscount>1</AllowDiscount>
      <ItemStatus>1</ItemStatus>
      <ItemId>252106</ItemId>
    </Item>
    <Item>
      <PriceUpdateDate>2025-08-26 11:21:53</PriceUpdateDate>
      <ItemCode>7290110328627</ItemCode>
      <ItemType>1</ItemType>
      <ItemName>יוגורט גו סמיך בננה</ItemName>
      <ManufacturerName>לא ידוע</ManufacturerName>
      <ManufactureCountry>ישראל</ManufactureCountry>
      <ManufacturerItemDescription>יוגורט גו סמיך בננה</ManufacturerItemDescription>
      <UnitQty>לא ידוע</UnitQty>
      <Quantity>200.00</Quantity>
      <UnitOfMeasure>לא ידוע</UnitOfMeasure>
      <bIsWeighted>0</bIsWeighted>
      <QtyInPackage>לא ידוע</QtyInPackage>
      <ItemPrice>7.50</ItemPrice>
      <UnitOfMeasurePrice>0.0375</UnitOfMeasurePrice>
      <AllowDiscount>1</AllowDiscount>
      <ItemStatus>1</ItemStatus>
      <ItemId>235194</ItemId>
    </Item>
    <Item>
      <PriceUpdateDate>2019-09-22 12:40:07</PriceUpdateDate>
      <ItemCode>8686868600136</ItemCode>
      <ItemType>1</ItemType>
      <ItemName>המותג אביזרי שיער</ItemName>
      <ManufacturerName>לא ידוע</ManufacturerName>
      <ManufactureCountry>לא ידוע</ManufactureCountry>
      <ManufacturerItemDescription>המותג אביזרי שיער</ManufacturerItemDescription>
      <UnitQty>יחידה   </UnitQty>
      <Quantity>0.00</Quantity>
      <UnitOfMeasure>יחידה   </UnitOfMeasure>
      <bIsWeighted>0</bIsWeighted>
      <QtyInPackage>לא ידוע</QtyInPackage>
      <ItemPrice>15.90</ItemPrice>
      <UnitOfMeasurePrice>0.0000</UnitOfMeasurePrice>
      <AllowDiscount>1</AllowDiscount>
      <ItemStatus>1</ItemStatus>
      <ItemId>223228</ItemId>
    </Item>
    <Item>
      <PriceUpdateDate>2025-09-03 11:26:16</PriceUpdateDate>
      <ItemCode>7296107000507</ItemCode>
      <ItemType>1</ItemType>
      <ItemName>מלפפון בחומץ 18-25 5</ItemName>
      <ManufacturerName>לא ידוע</ManufacturerName>
      <ManufactureCountry>לא ידוע</ManufactureCountry>
      <ManufacturerItemDescription>מלפפון בחומץ 18-25 5</ManufacturerItemDescription>
      <UnitQty>לא ידוע</UnitQty>
      <Quantity>540.00</Quantity>
      <UnitOfMeasure>לא ידוע</UnitOfMeasure>
      <bIsWeighted>0</bIsWeighted>
      <QtyInPackage>לא ידוע</QtyInPackage>
      <ItemPrice>13.90</ItemPrice>
      <UnitOfMeasurePrice>0.0257</UnitOfMeasurePrice>
      <AllowDiscount>1</AllowDiscount>
      <ItemStatus>1</ItemStatus>
      <ItemId>223061</ItemId>
    </Item>
    <Item>
      <PriceUpdateDate>2025-08-26 16:05:12</PriceUpdateDate>
      <ItemCode>7290112966445</ItemCode>
      <ItemType>1</ItemType>
      <ItemName>במבה מתוקה אסם 100 ג</ItemName>
      <ManufacturerName>לא ידוע</ManufacturerName>
      <ManufactureCountry>לא ידוע</ManufactureCountry>
      <ManufacturerItemDescription>במבה מתוקה אסם 100 ג</ManufacturerItemDescription>
      <UnitQty>לא ידוע</UnitQty>
      <Quantity>100.00</Quantity>
      <UnitOfMeasure>לא ידוע</UnitOfMeasure>
      <bIsWeighted>0</bIsWeighted>
      <QtyInPackage>לא ידוע</QtyInPackage>
      <ItemPrice>11.90</ItemPrice>
      <UnitOfMeasurePrice>0.1190</UnitOfMeasurePrice>
      <AllowDiscount>1</AllowDiscount>
      <ItemStatus>1</ItemStatus>
      <ItemId>223106</ItemId>
    </Item>
    <Item>
      <PriceUpdateDate>2025-09-08 07:55:32</PriceUpdateDate>
      <ItemCode>7290015025959</ItemCode>
      <ItemType>1</ItemType>
      <ItemName>פ.ואנס 4 יח מגבון קש</ItemName>
      <ManufacturerName>לא ידוע</ManufacturerName>
      <ManufactureCountry>לא ידוע</ManufactureCountry>
      <ManufacturerItemDescription>פ.ואנס 4 יח מגבון קש</ManufacturerItemDescription>
      <UnitQty>יחידה   </UnitQty>
      <Quantity>0.00</Quantity>
      <UnitOfMeasure>יחידה   </UnitOfMeasure>
      <bIsWeighted>0</bIsWeighted>
      <QtyInPackage>לא ידוע</QtyInPackage>
      <ItemPrice>20.90</ItemPrice>
      <UnitOfMeasurePrice>0.0000</UnitOfMeasurePrice>
      <AllowDiscount>1</AllowDiscount>
      <ItemStatus>1</ItemStatus>
      <ItemId>223115</ItemId>
    </Item>
    <Item>
      <PriceUpdateDate>2025-09-08 07:55:33</PriceUpdateDate>
      <ItemCode>7290016321661</ItemCode>
      <ItemType>1</ItemType>
      <ItemName>פ.ואנס 4 יח מגבון סנ</ItemName>
      <ManufacturerName>לא ידוע</ManufacturerName>
      <ManufactureCountry>לא ידוע</ManufactureCountry>
      <ManufacturerItemDescription>פ.ואנס 4 יח מגבון סנ</ManufacturerItemDescription>
      <UnitQty>יחידה   </UnitQty>
      <Quantity>0.00</Quantity>
      <UnitOfMeasure>יחידה   </UnitOfMeasure>
      <bIsWeighted>0</bIsWeighted>
      <QtyInPackage>לא ידוע</QtyInPackage>
      <ItemPrice>20.90</ItemPrice>
      <UnitOfMeasurePrice>0.0000</UnitOfMeasurePrice>
      <AllowDiscount>1</AllowDiscount>
      <ItemStatus>1</ItemStatus>
      <ItemId>223116</ItemId>
    </Item>
    <Item>
      <PriceUpdateDate>2025-08-31 09:58:00</PriceUpdateDate>
      <ItemCode>7290108502381</ItemCode>
      <ItemType>1</ItemType>
      <ItemName>בסיסים להכנת פיצה 48</ItemName>
      <ManufacturerName>לא ידוע</ManufacturerName>
      <ManufactureCountry>לא ידוע</ManufactureCountry>
      <ManufacturerItemDescription>בסיסים להכנת פיצה 48</ManufacturerItemDescription>
      <UnitQty>לא ידוע</UnitQty>
      <Quantity>480.00</Quantity>
      <UnitOfMeasure>לא ידוע</UnitOfMeasure>
      <bIsWeighted>0</bIsWeighted>
      <QtyInPackage>לא ידוע</QtyInPackage>
      <ItemPrice>13.90</ItemPrice>
      <UnitOfMeasurePrice>0.0290</UnitOfMeasurePrice>
      <AllowDiscount>1</AllowDiscount>
      <ItemStatus>1</ItemStatus>
      <ItemId>223168</ItemId>
    </Item>
    <Item>
      <PriceUpdateDate>2025-08-19 08:23:15</PriceUpdateDate>
      <ItemCode>4823077626203</ItemCode>
      <ItemType>1</ItemType>
      <ItemName>שוקולד רושן אוורירי</ItemName>
      <ManufacturerName>לא ידוע</ManufacturerName>
      <ManufactureCountry>לא ידוע</ManufactureCountry>
      <ManufacturerItemDescription>שוקולד רושן אוורירי</ManufacturerItemDescription>
      <UnitQty>לא ידוע</UnitQty>
      <Quantity>80.00</Quantity>
      <UnitOfMeasure>לא ידוע</UnitOfMeasure>
      <bIsWeighted>0</bIsWeighted>
      <QtyInPackage>לא ידוע</QtyInPackage>
      <ItemPrice>11.90</ItemPrice>
      <UnitOfMeasurePrice>0.1488</UnitOfMeasurePrice>
      <AllowDiscount>1</AllowDiscount>
      <ItemStatus>1</ItemStatus>
      <ItemId>223182</ItemId>
    </Item>
    <Item>
      <PriceUpdateDate>2025-08-19 08:23:16</PriceUpdateDate>
      <ItemCode>4823077626227</ItemCode>
      <ItemType>1</ItemType>
      <ItemName>שוקולד רושן אוורירי</ItemName>
      <ManufacturerName>לא ידוע</ManufacturerName>
      <ManufactureCountry>לא ידוע</ManufactureCountry>
      <ManufacturerItemDescription>שוקולד רושן אוורירי</ManufacturerItemDescription>
      <UnitQty>לא ידוע</UnitQty>
      <Quantity>80.00</Quantity>
      <UnitOfMeasure>לא ידוע</UnitOfMeasure>
      <bIsWeighted>0</bIsWeighted>
      <QtyInPackage>לא ידוע</QtyInPackage>
      <ItemPrice>11.90</ItemPrice>
      <UnitOfMeasurePrice>0.1488</UnitOfMeasurePrice>
      <AllowDiscount>1</AllowDiscount>
      <ItemStatus>1</ItemStatus>
      <ItemId>223183</ItemId>
    </Item>
    <Item>
      <PriceUpdateDate>2025-08-19 08:23:18</PriceUpdateDate>
      <ItemCode>4823077626241</ItemCode>
      <ItemType>1</ItemType>
      <ItemName>שוקולד רושן אוורירי</ItemName>
      <ManufacturerName>לא ידוע</ManufacturerName>
      <ManufactureCountry>לא ידוע</ManufactureCountry>
      <ManufacturerItemDescription>שוקולד רושן אוורירי</ManufacturerItemDescription>
      <UnitQty>לא ידוע</UnitQty>
      <Quantity>80.00</Quantity>
      <UnitOfMeasure>לא ידוע</UnitOfMeasure>
      <bIsWeighted>0</bIsWeighted>
      <QtyInPackage>לא ידוע</QtyInPackage>
      <ItemPrice>11.90</ItemPrice>
      <UnitOfMeasurePrice>0.1488</UnitOfMeasurePrice>
      <AllowDiscount>1</AllowDiscount>
      <ItemStatus>1</ItemStatus>
      <ItemId>223184</ItemId>
    </Item>
    <Item>
      <PriceUpdateDate>2025-08-19 08:23:20</PriceUpdateDate>
      <ItemCode>4823077626364</ItemCode>
      <ItemType>1</ItemType>
      <ItemName>שוקולד רושן אוורירי</ItemName>
      <ManufacturerName>לא ידוע</ManufacturerName>
      <ManufactureCountry>לא ידוע</ManufactureCountry>
      <ManufacturerItemDescription>שוקולד רושן אוורירי</ManufacturerItemDescription>
      <UnitQty>לא ידוע</UnitQty>
      <Quantity>80.00</Quantity>
      <UnitOfMeasure>לא ידוע</UnitOfMeasure>
      <bIsWeighted>0</bIsWeighted>
      <QtyInPackage>לא ידוע</QtyInPackage>
      <ItemPrice>11.90</ItemPrice>
      <UnitOfMeasurePrice>0.1488</UnitOfMeasurePrice>
      <AllowDiscount>1</AllowDiscount>
      <ItemStatus>1</ItemStatus>
      <ItemId>223185</ItemId>
    </Item>
    <Item>
      <PriceUpdateDate>2025-01-06 16:01:08</PriceUpdateDate>
      <ItemCode>6112016100064</ItemCode>
      <ItemType>1</ItemType>
      <ItemName>מגב לניקוי חלונות</ItemName>
      <ManufacturerName>לא ידוע</ManufacturerName>
      <ManufactureCountry>לא ידוע</ManufactureCountry>
      <ManufacturerItemDescription>מגב לניקוי חלונות</ManufacturerItemDescription>
      <UnitQty>יחידה   </UnitQty>
      <Quantity>0.00</Quantity>
      <UnitOfMeasure>יחידה   </UnitOfMeasure>
      <bIsWeighted>0</bIsWeighted>
      <QtyInPackage>לא ידוע</QtyInPackage>
      <ItemPrice>16.90</ItemPrice>
      <UnitOfMeasurePrice>0.0000</UnitOfMeasurePrice>
      <AllowDiscount>1</AllowDiscount>
      <ItemStatus>1</ItemStatus>
      <ItemId>223201</ItemId>
    </Item>
    <Item>
      <PriceUpdateDate>2025-01-06 16:01:19</PriceUpdateDate>
      <ItemCode>6112017105778</ItemCode>
      <ItemType>1</ItemType>
      <ItemName>מגב לריצפה 40 ס"מ</ItemName>
      <ManufacturerName>לא ידוע</ManufacturerName>
      <ManufactureCountry>לא ידוע</ManufactureCountry>
      <ManufacturerItemDescription>מגב לריצפה 40 ס"מ</ManufacturerItemDescription>
      <UnitQty>יחידה   </UnitQty>
      <Quantity>0.00</Quantity>
      <UnitOfMeasure>יחידה   </UnitOfMeasure>
      <bIsWeighted>0</bIsWeighted>
      <QtyInPackage>לא ידוע</QtyInPackage>
      <ItemPrice>22.90</ItemPrice>
      <UnitOfMeasurePrice>0.0000</UnitOfMeasurePrice>
      <AllowDiscount>1</AllowDiscount>
      <ItemStatus>1</ItemStatus>
      <ItemId>223211</ItemId>
    </Item>
    <Item>
      <PriceUpdateDate>2025-09-07 10:42:58</PriceUpdateDate>
      <ItemCode>7290111346828</ItemCode>
      <ItemType>1</ItemType>
      <ItemName>לילי טריפל אקסקלוסיב</ItemName>
      <ManufacturerName>לא ידוע</ManufacturerName>
      <ManufactureCountry>לא ידוע</ManufactureCountry>
      <ManufacturerItemDescription>לילי טריפל אקסקלוסיב</ManufacturerItemDescription>
      <UnitQty>יחידה   </UnitQty>
      <Quantity>0.00</Quantity>
      <UnitOfMeasure>יחידה   </UnitOfMeasure>
      <bIsWeighted>0</bIsWeighted>
      <QtyInPackage>לא ידוע</QtyInPackage>
      <ItemPrice>49.90</ItemPrice>
      <UnitOfMeasurePrice>0.0000</UnitOfMeasurePrice>
      <AllowDiscount>1</AllowDiscount>
      <ItemStatus>1</ItemStatus>
      <ItemId>241659</ItemId>
    </Item>
    <Item>
      <PriceUpdateDate>2025-09-04 11:56:57</PriceUpdateDate>
      <ItemCode>5061013942331</ItemCode>
      <ItemType>1</ItemType>
      <ItemName>מונסטר גרין זירו 500</ItemName>
      <ManufacturerName>לא ידוע</ManufacturerName>
      <ManufactureCountry>לא ידוע</ManufactureCountry>
      <ManufacturerItemDescription>מונסטר גרין זירו 500</ManufacturerItemDescription>
      <UnitQty>לא ידוע</UnitQty>
      <Quantity>500.00</Quantity>
      <UnitOfMeasure>לא ידוע</UnitOfMeasure>
      <bIsWeighted>0</bIsWeighted>
      <QtyInPackage>לא ידוע</QtyInPackage>
      <ItemPrice>10.50</ItemPrice>
      <UnitOfMeasurePrice>0.0210</UnitOfMeasurePrice>
      <AllowDiscount>1</AllowDiscount>
      <ItemStatus>1</ItemStatus>
      <ItemId>247751</ItemId>
    </Item>
    <Item>
      <PriceUpdateDate>2025-12-03 10:57:44</PriceUpdateDate>
      <ItemCode>4810168061494</ItemCode>
      <ItemType>1</ItemType>
      <ItemName>חתיכות פילה דג הרינג</ItemName>
      <ManufacturerName>לא ידוע</ManufacturerName>
      <ManufactureCountry>לא ידוע</ManufactureCountry>
      <ManufacturerItemDescription>חתיכות פילה דג הרינג</ManufacturerItemDescription>
      <UnitQty>לא ידוע</UnitQty>
      <Quantity>150.00</Quantity>
      <UnitOfMeasure>לא ידוע</UnitOfMeasure>
      <bIsWeighted>0</bIsWeighted>
      <QtyInPackage>לא ידוע</QtyInPackage>
      <ItemPrice>12.90</ItemPrice>
      <UnitOfMeasurePrice>0.0860</UnitOfMeasurePrice>
      <AllowDiscount>1</AllowDiscount>
      <ItemStatus>1</ItemStatus>
      <ItemId>241280</ItemId>
    </Item>
    <Item>
      <PriceUpdateDate>2025-09-07 10:41:43</PriceUpdateDate>
      <ItemCode>7290108354461</ItemCode>
      <ItemType>1</ItemType>
      <ItemName>קרליין 10 שמפו חימר</ItemName>
      <ManufacturerName>לא ידוע</ManufacturerName>
      <ManufactureCountry>לא ידוע</ManufactureCountry>
      <ManufacturerItemDescription>קרליין 10 שמפו חימר</ManufacturerItemDescription>
      <UnitQty>לא ידוע</UnitQty>
      <Quantity>700.00</Quantity>
      <UnitOfMeasure>לא ידוע</UnitOfMeasure>
      <bIsWeighted>0</bIsWeighted>
      <QtyInPackage>לא ידוע</QtyInPackage>
      <ItemPrice>15.90</ItemPrice>
      <UnitOfMeasurePrice>0.0227</UnitOfMeasurePrice>
      <AllowDiscount>1</AllowDiscount>
      <ItemStatus>1</ItemStatus>
      <ItemId>240164</ItemId>
    </Item>
    <Item>
      <PriceUpdateDate>2025-09-08 07:54:19</PriceUpdateDate>
      <ItemCode>7290015528641</ItemCode>
      <ItemType>1</ItemType>
      <ItemName>מיכל 1 ליטר ארוז 3 י</ItemName>
      <ManufacturerName>לא ידוע</ManufacturerName>
      <ManufactureCountry>לא ידוע</ManufactureCountry>
      <ManufacturerItemDescription>מיכל 1 ליטר ארוז 3 י</ManufacturerItemDescription>
      <UnitQty>יחידה   </UnitQty>
      <Quantity>0.00</Quantity>
      <UnitOfMeasure>יחידה   </UnitOfMeasure>
      <bIsWeighted>0</bIsWeighted>
      <QtyInPackage>לא ידוע</QtyInPackage>
      <ItemPrice>10.90</ItemPrice>
      <UnitOfMeasurePrice>0.0000</UnitOfMeasurePrice>
      <AllowDiscount>1</AllowDiscount>
      <ItemStatus>1</ItemStatus>
      <ItemId>223220</ItemId>
    </Item>
    <Item>
      <PriceUpdateDate>2025-09-07 10:43:23</PriceUpdateDate>
      <ItemCode>7290109921563</ItemCode>
      <ItemType>1</ItemType>
      <ItemName>יעקובי רצפות שיש מבר</ItemName>
      <ManufacturerName>לא ידוע</ManufacturerName>
      <ManufactureCountry>לא ידוע</ManufactureCountry>
      <ManufacturerItemDescription>יעקובי רצפות שיש מבר</ManufacturerItemDescription>
      <UnitQty>לא ידוע</UnitQty>
      <Quantity>1250.00</Quantity>
      <UnitOfMeasure>לא ידוע</UnitOfMeasure>
      <bIsWeighted>0</bIsWeighted>
      <QtyInPackage>לא ידוע</QtyInPackage>
      <ItemPrice>16.90</ItemPrice>
      <UnitOfMeasurePrice>0.0135</UnitOfMeasurePrice>
      <AllowDiscount>1</AllowDiscount>
      <ItemStatus>1</ItemStatus>
      <ItemId>223229</ItemId>
    </Item>
    <Item>
      <PriceUpdateDate>2025-08-31 10:26:12</PriceUpdateDate>
      <ItemCode>7290109921570</ItemCode>
      <ItemType>1</ItemType>
      <ItemName>יעקובי רצפות פרקט 1.</ItemName>
      <ManufacturerName>לא ידוע</ManufacturerName>
      <ManufactureCountry>לא ידוע</ManufactureCountry>
      <ManufacturerItemDescription>יעקובי רצפות פרקט 1.</ManufacturerItemDescription>
      <UnitQty>לא ידוע</UnitQty>
      <Quantity>1250.00</Quantity>
      <UnitOfMeasure>לא ידוע</UnitOfMeasure>
      <bIsWeighted>0</bIsWeighted>
      <QtyInPackage>לא ידוע</QtyInPackage>
      <ItemPrice>16.90</ItemPrice>
      <UnitOfMeasurePrice>0.0135</UnitOfMeasurePrice>
      <AllowDiscount>1</AllowDiscount>
      <ItemStatus>1</ItemStatus>
      <ItemId>223230</ItemId>
    </Item>
    <Item>
      <PriceUpdateDate>2025-09-07 10:43:24</PriceUpdateDate>
      <ItemCode>7290109921587</ItemCode>
      <ItemType>1</ItemType>
      <ItemName>הפי לרצפית גרנית פור</ItemName>
      <ManufacturerName>לא ידוע</ManufacturerName>
      <ManufactureCountry>לא ידוע</ManufactureCountry>
      <ManufacturerItemDescription>הפי לרצפית גרנית פור</ManufacturerItemDescription>
      <UnitQty>לא ידוע</UnitQty>
      <Quantity>1250.00</Quantity>
      <UnitOfMeasure>לא ידוע</UnitOfMeasure>
      <bIsWeighted>0</bIsWeighted>
      <QtyInPackage>לא ידוע</QtyInPackage>
      <ItemPrice>16.90</ItemPrice>
      <UnitOfMeasurePrice>0.0135</UnitOfMeasurePrice>
      <AllowDiscount>1</AllowDiscount>
      <ItemStatus>1</ItemStatus>
      <ItemId>223231</ItemId>
    </Item>
    <Item>
      <PriceUpdateDate>2025-09-08 07:54:20</PriceUpdateDate>
      <ItemCode>7290015528658</ItemCode>
      <ItemType>1</ItemType>
      <ItemName>מיכל 2 ליטר ארוז 3 י</ItemName>
      <ManufacturerName>לא ידוע</ManufacturerName>
      <ManufactureCountry>לא ידוע</ManufactureCountry>
      <ManufacturerItemDescription>מיכל 2 ליטר ארוז 3 י</ManufacturerItemDescription>
      <UnitQty>יחידה   </UnitQty>
      <Quantity>0.00</Quantity>
      <UnitOfMeasure>יחידה   </UnitOfMeasure>
      <bIsWeighted>0</bIsWeighted>
      <QtyInPackage>לא ידוע</QtyInPackage>
      <ItemPrice>10.90</ItemPrice>
      <UnitOfMeasurePrice>0.0000</UnitOfMeasurePrice>
      <AllowDiscount>1</AllowDiscount>
      <ItemStatus>1</ItemStatus>
      <ItemId>223241</ItemId>
    </Item>
    <Item>
      <PriceUpdateDate>2025-08-27 09:53:28</PriceUpdateDate>
      <ItemCode>7290002814771</ItemCode>
      <ItemType>1</ItemType>
      <ItemName>רדיד אלומניום זוגות</ItemName>
      <ManufacturerName>לא ידוע</ManufacturerName>
      <ManufactureCountry>לא ידוע</ManufactureCountry>
      <ManufacturerItemDescription>רדיד אלומניום זוגות</ManufacturerItemDescription>
      <UnitQty>יחידה   </UnitQty>
      <Quantity>0.00</Quantity>
      <UnitOfMeasure>יחידה   </UnitOfMeasure>
      <bIsWeighted>0</bIsWeighted>
      <QtyInPackage>לא ידוע</QtyInPackage>
      <ItemPrice>12.90</ItemPrice>
      <UnitOfMeasurePrice>0.0000</UnitOfMeasurePrice>
      <AllowDiscount>1</AllowDiscount>
      <ItemStatus>1</ItemStatus>
      <ItemId>254520</ItemId>
    </Item>
    <Item>
      <PriceUpdateDate>2025-09-08 07:54:20</PriceUpdateDate>
      <ItemCode>7290015528665</ItemCode>
      <ItemType>1</ItemType>
      <ItemName>מיכל 3 ליטר ארוז 2 י</ItemName>
      <ManufacturerName>לא ידוע</ManufacturerName>
      <ManufactureCountry>לא ידוע</ManufactureCountry>
      <ManufacturerItemDescription>מיכל 3 ליטר ארוז 2 י</ManufacturerItemDescription>
      <UnitQty>יחידה   </UnitQty>
      <Quantity>0.00</Quantity>
      <UnitOfMeasure>יחידה   </UnitOfMeasure>
      <bIsWeighted>0</bIsWeighted>
      <QtyInPackage>לא ידוע</QtyInPackage>
      <ItemPrice>10.90</ItemPrice>
      <UnitOfMeasurePrice>0.0000</UnitOfMeasurePrice>
      <AllowDiscount>1</AllowDiscount>
      <ItemStatus>1</ItemStatus>
      <ItemId>223242</ItemId>
    </Item>
    <Item>
      <PriceUpdateDate>2024-12-23 10:31:35</PriceUpdateDate>
      <ItemCode>7290111094613</ItemCode>
      <ItemType>1</ItemType>
      <ItemName>מגבונים לניקוי משקפי</ItemName>
      <ManufacturerName>לא ידוע</ManufacturerName>
      <ManufactureCountry>לא ידוע</ManufactureCountry>
      <ManufacturerItemDescription>מגבונים לניקוי משקפי</ManufacturerItemDescription>
      <UnitQty>יחידה   </UnitQty>
      <Quantity>0.00</Quantity>
      <UnitOfMeasure>יחידה   </UnitOfMeasure>
      <bIsWeighted>0</bIsWeighted>
      <QtyInPackage>לא ידוע</QtyInPackage>
      <ItemPrice>8.90</ItemPrice>
      <UnitOfMeasurePrice>0.0000</UnitOfMeasurePrice>
      <AllowDiscount>1</AllowDiscount>
      <ItemStatus>1</ItemStatus>
      <ItemId>223271</ItemId>
    </Item>
    <Item>
      <PriceUpdateDate>2024-12-31 12:18:44</PriceUpdateDate>
      <ItemCode>7290110324926</ItemCode>
      <ItemType>1</ItemType>
      <ItemName>משקה סויה ללא תוספת</ItemName>
      <ManufacturerName>לא ידוע</ManufacturerName>
      <ManufactureCountry>לא ידוע</ManufactureCountry>
      <ManufacturerItemDescription>משקה סויה ללא תוספת</ManufacturerItemDescription>
      <UnitQty>לא ידוע</UnitQty>
      <Quantity>1000.00</Quantity>
      <UnitOfMeasure>לא ידוע</UnitOfMeasure>
      <bIsWeighted>0</bIsWeighted>
      <QtyInPackage>לא ידוע</QtyInPackage>
      <ItemPrice>12.90</ItemPrice>
      <UnitOfMeasurePrice>0.0129</UnitOfMeasurePrice>
      <AllowDiscount>1</AllowDiscount>
      <ItemStatus>1</ItemStatus>
      <ItemId>223274</ItemId>
    </Item>
    <Item>
      <PriceUpdateDate>2025-09-03 11:29:02</PriceUpdateDate>
      <ItemCode>8717163655825</ItemCode>
      <ItemType>1</ItemType>
      <ItemName>רקסונה ספריי כותנה 1</ItemName>
      <ManufacturerName>לא ידוע</ManufacturerName>
      <ManufactureCountry>לא ידוע</ManufactureCountry>
      <ManufacturerItemDescription>רקסונה ספריי כותנה 1</ManufacturerItemDescription>
      <UnitQty>לא ידוע</UnitQty>
      <Quantity>150.00</Quantity>
      <UnitOfMeasure>לא ידוע</UnitOfMeasure>
      <bIsWeighted>0</bIsWeighted>
      <QtyInPackage>לא ידוע</QtyInPackage>
      <ItemPrice>19.90</ItemPrice>
      <UnitOfMeasurePrice>0.1327</UnitOfMeasurePrice>
      <AllowDiscount>1</AllowDiscount>
      <ItemStatus>1</ItemStatus>
      <ItemId>223276</ItemId>
    </Item>
    <Item>
      <PriceUpdateDate>2025-08-26 11:13:22</PriceUpdateDate>
      <ItemCode>7290112341679</ItemCode>
      <ItemType>1</ItemType>
      <ItemName>אקטיביה יוגורט 3% דנ</ItemName>
      <ManufacturerName>לא ידוע</ManufacturerName>
      <ManufactureCountry>לא ידוע</ManufactureCountry>
      <ManufacturerItemDescription>אקטיביה יוגורט 3% דנ</ManufacturerItemDescription>
      <UnitQty>לא ידוע</UnitQty>
      <Quantity>150.00</Quantity>
      <UnitOfMeasure>לא ידוע</UnitOfMeasure>
      <bIsWeighted>0</bIsWeighted>
      <QtyInPackage>לא ידוע</QtyInPackage>
      <ItemPrice>5.90</ItemPrice>
      <UnitOfMeasurePrice>0.0393</UnitOfMeasurePrice>
      <AllowDiscount>1</AllowDiscount>
      <ItemStatus>1</ItemStatus>
      <ItemId>223284</ItemId>
    </Item>
    <Item>
      <PriceUpdateDate>2025-08-26 11:13:24</PriceUpdateDate>
      <ItemCode>7290112341686</ItemCode>
      <ItemType>1</ItemType>
      <ItemName>אקטיביה 3% מארז שמינ</ItemName>
      <ManufacturerName>לא ידוע</ManufacturerName>
      <ManufactureCountry>לא ידוע</ManufactureCountry>
      <ManufacturerItemDescription>אקטיביה 3% מארז שמינ</ManufacturerItemDescription>
      <UnitQty>לא ידוע</UnitQty>
      <Quantity>1200.00</Quantity>
      <UnitOfMeasure>לא ידוע</UnitOfMeasure>
      <bIsWeighted>0</bIsWeighted>
      <QtyInPackage>לא ידוע</QtyInPackage>
      <ItemPrice>26.90</ItemPrice>
      <UnitOfMeasurePrice>0.0224</UnitOfMeasurePrice>
      <AllowDiscount>1</AllowDiscount>
      <ItemStatus>1</ItemStatus>
      <ItemId>223288</ItemId>
    </Item>
    <Item>
      <PriceUpdateDate>2020-04-12 08:10:03</PriceUpdateDate>
      <ItemCode>7290112342362</ItemCode>
      <ItemType>1</ItemType>
      <ItemName>אקטיביה 3% 150 גר</ItemName>
      <ManufacturerName>לא ידוע</ManufacturerName>
      <ManufactureCountry>לא ידוע</ManufactureCountry>
      <ManufacturerItemDescription>אקטיביה 3% 150 גר</ManufacturerItemDescription>
      <UnitQty>לא ידוע</UnitQty>
      <Quantity>1200.00</Quantity>
      <UnitOfMeasure>לא ידוע</UnitOfMeasure>
      <bIsWeighted>0</bIsWeighted>
      <QtyInPackage>לא ידוע</QtyInPackage>
      <ItemPrice>2.70</ItemPrice>
      <UnitOfMeasurePrice>0.0023</UnitOfMeasurePrice>
      <AllowDiscount>1</AllowDiscount>
      <ItemStatus>1</ItemStatus>
      <ItemId>223291</ItemId>
    </Item>
    <Item>
      <PriceUpdateDate>2025-08-26 10:48:13</PriceUpdateDate>
      <ItemCode>5711953106583</ItemCode>
      <ItemType>1</ItemType>
      <ItemName>גבינת שמנת טבעי ארלה</ItemName>
      <ManufacturerName>לא ידוע</ManufacturerName>
      <ManufactureCountry>לא ידוע</ManufactureCountry>
      <ManufacturerItemDescription>גבינת שמנת טבעי ארלה</ManufacturerItemDescription>
      <UnitQty>לא ידוע</UnitQty>
      <Quantity>200.00</Quantity>
      <UnitOfMeasure>לא ידוע</UnitOfMeasure>
      <bIsWeighted>0</bIsWeighted>
      <QtyInPackage>לא ידוע</QtyInPackage>
      <ItemPrice>18.90</ItemPrice>
      <UnitOfMeasurePrice>0.0945</UnitOfMeasurePrice>
      <AllowDiscount>1</AllowDiscount>
      <ItemStatus>1</ItemStatus>
      <ItemId>223301</ItemId>
    </Item>
    <Item>
      <PriceUpdateDate>2025-08-26 10:48:13</PriceUpdateDate>
      <ItemCode>5711953106590</ItemCode>
      <ItemType>1</ItemType>
      <ItemName>גבינת שמנת שום ארלה</ItemName>
      <ManufacturerName>לא ידוע</ManufacturerName>
      <ManufactureCountry>לא ידוע</ManufactureCountry>
      <ManufacturerItemDescription>גבינת שמנת שום ארלה</ManufacturerItemDescription>
      <UnitQty>לא ידוע</UnitQty>
      <Quantity>200.00</Quantity>
      <UnitOfMeasure>לא ידוע</UnitOfMeasure>
      <bIsWeighted>0</bIsWeighted>
      <QtyInPackage>לא ידוע</QtyInPackage>
      <ItemPrice>18.90</ItemPrice>
      <UnitOfMeasurePrice>0.0945</UnitOfMeasurePrice>
      <AllowDiscount>1</AllowDiscount>
      <ItemStatus>1</ItemStatus>
      <ItemId>223302</ItemId>
    </Item>
    <Item>
      <PriceUpdateDate>2025-08-21 11:27:52</PriceUpdateDate>
      <ItemCode>7290000453415</ItemCode>
      <ItemType>1</ItemType>
      <ItemName>בצק עלים שמרית מצונן</ItemName>
      <ManufacturerName>לא ידוע</ManufacturerName>
      <ManufactureCountry>לא ידוע</ManufactureCountry>
      <ManufacturerItemDescription>בצק עלים שמרית מצונן</ManufacturerItemDescription>
      <UnitQty>לא ידוע</UnitQty>
      <Quantity>300.00</Quantity>
      <UnitOfMeasure>לא ידוע</UnitOfMeasure>
      <bIsWeighted>0</bIsWeighted>
      <QtyInPackage>לא ידוע</QtyInPackage>
      <ItemPrice>18.90</ItemPrice>
      <UnitOfMeasurePrice>0.0630</UnitOfMeasurePrice>
      <AllowDiscount>1</AllowDiscount>
      <ItemStatus>1</ItemStatus>
      <ItemId>223305</ItemId>
    </Item>
    <Item>
      <PriceUpdateDate>2025-08-21 11:27:52</PriceUpdateDate>
      <ItemCode>7290000453422</ItemCode>
      <ItemType>1</ItemType>
      <ItemName>בצק פילו שמרית מצונן</ItemName>
      <ManufacturerName>לא ידוע</ManufacturerName>
      <ManufactureCountry>לא ידוע</ManufactureCountry>
      <ManufacturerItemDescription>בצק פילו שמרית מצונן</ManufacturerItemDescription>
      <UnitQty>לא ידוע</UnitQty>
      <Quantity>300.00</Quantity>
      <UnitOfMeasure>לא ידוע</UnitOfMeasure>
      <bIsWeighted>0</bIsWeighted>
      <QtyInPackage>לא ידוע</QtyInPackage>
      <ItemPrice>18.90</ItemPrice>
      <UnitOfMeasurePrice>0.0630</UnitOfMeasurePrice>
      <AllowDiscount>1</AllowDiscount>
      <ItemStatus>1</ItemStatus>
      <ItemId>223306</ItemId>
    </Item>
    <Item>
      <PriceUpdateDate>2025-08-26 11:45:09</PriceUpdateDate>
      <ItemCode>7290112336637</ItemCode>
      <ItemType>1</ItemType>
      <ItemName>מאסט סוכריות ללס יוג</ItemName>
      <ManufacturerName>לא ידוע</ManufacturerName>
      <ManufactureCountry>לא ידוע</ManufactureCountry>
      <ManufacturerItemDescription>מאסט סוכריות ללס יוג</ManufacturerItemDescription>
      <UnitQty>לא ידוע</UnitQty>
      <Quantity>80.00</Quantity>
      <UnitOfMeasure>לא ידוע</UnitOfMeasure>
      <bIsWeighted>0</bIsWeighted>
      <QtyInPackage>לא ידוע</QtyInPackage>
      <ItemPrice>10.50</ItemPrice>
      <UnitOfMeasurePrice>0.1313</UnitOfMeasurePrice>
      <AllowDiscount>1</AllowDiscount>
      <ItemStatus>1</ItemStatus>
      <ItemId>223327</ItemId>
    </Item>
    <Item>
      <PriceUpdateDate>2025-08-26 11:45:10</PriceUpdateDate>
      <ItemCode>7290112336644</ItemCode>
      <ItemType>1</ItemType>
      <ItemName>סוכריות ללס לימון 80</ItemName>
      <ManufacturerName>לא ידוע</ManufacturerName>
      <ManufactureCountry>לא ידוע</ManufactureCountry>
      <ManufacturerItemDescription>סוכריות ללס לימון 80</ManufacturerItemDescription>
      <UnitQty>לא ידוע</UnitQty>
      <Quantity>80.00</Quantity>
      <UnitOfMeasure>לא ידוע</UnitOfMeasure>
      <bIsWeighted>0</bIsWeighted>
      <QtyInPackage>לא ידוע</QtyInPackage>
      <ItemPrice>10.50</ItemPrice>
      <UnitOfMeasurePrice>0.1313</UnitOfMeasurePrice>
      <AllowDiscount>1</AllowDiscount>
      <ItemStatus>1</ItemStatus>
      <ItemId>223328</ItemId>
    </Item>
    <Item>
      <PriceUpdateDate>2025-08-26 11:45:13</PriceUpdateDate>
      <ItemCode>7290112337474</ItemCode>
      <ItemType>1</ItemType>
      <ItemName>סוכריות מאסט פטל לימ</ItemName>
      <ManufacturerName>לא ידוע</ManufacturerName>
      <ManufactureCountry>לא ידוע</ManufactureCountry>
      <ManufacturerItemDescription>סוכריות מאסט פטל לימ</ManufacturerItemDescription>
      <UnitQty>לא ידוע</UnitQty>
      <Quantity>80.00</Quantity>
      <UnitOfMeasure>לא ידוע</UnitOfMeasure>
      <bIsWeighted>0</bIsWeighted>
      <QtyInPackage>לא ידוע</QtyInPackage>
      <ItemPrice>10.50</ItemPrice>
      <UnitOfMeasurePrice>0.1313</UnitOfMeasurePrice>
      <AllowDiscount>1</AllowDiscount>
      <ItemStatus>1</ItemStatus>
      <ItemId>223329</ItemId>
    </Item>
    <Item>
      <PriceUpdateDate>2025-08-26 11:45:10</PriceUpdateDate>
      <ItemCode>7290112336651</ItemCode>
      <ItemType>1</ItemType>
      <ItemName>מאסט סוכריות ריבת חל</ItemName>
      <ManufacturerName>לא ידוע</ManufacturerName>
      <ManufactureCountry>לא ידוע</ManufactureCountry>
      <ManufacturerItemDescription>מאסט סוכריות ריבת חל</ManufacturerItemDescription>
      <UnitQty>לא ידוע</UnitQty>
      <Quantity>80.00</Quantity>
      <UnitOfMeasure>לא ידוע</UnitOfMeasure>
      <bIsWeighted>0</bIsWeighted>
      <QtyInPackage>לא ידוע</QtyInPackage>
      <ItemPrice>10.50</ItemPrice>
      <UnitOfMeasurePrice>0.1313</UnitOfMeasurePrice>
      <AllowDiscount>1</AllowDiscount>
      <ItemStatus>1</ItemStatus>
      <ItemId>223330</ItemId>
    </Item>
    <Item>
      <PriceUpdateDate>2025-08-26 11:45:13</PriceUpdateDate>
      <ItemCode>7290112337481</ItemCode>
      <ItemType>1</ItemType>
      <ItemName>סוכריות ללס קפה 80גר</ItemName>
      <ManufacturerName>לא ידוע</ManufacturerName>
      <ManufactureCountry>לא ידוע</ManufactureCountry>
      <ManufacturerItemDescription>סוכריות ללס קפה 80גר</ManufacturerItemDescription>
      <UnitQty>לא ידוע</UnitQty>
      <Quantity>80.00</Quantity>
      <UnitOfMeasure>לא ידוע</UnitOfMeasure>
      <bIsWeighted>0</bIsWeighted>
      <QtyInPackage>לא ידוע</QtyInPackage>
      <ItemPrice>10.50</ItemPrice>
      <UnitOfMeasurePrice>0.1313</UnitOfMeasurePrice>
      <AllowDiscount>1</AllowDiscount>
      <ItemStatus>1</ItemStatus>
      <ItemId>223331</ItemId>
    </Item>
    <Item>
      <PriceUpdateDate>2025-09-07 10:42:47</PriceUpdateDate>
      <ItemCode>7290111341984</ItemCode>
      <ItemType>1</ItemType>
      <ItemName>לילי נייר טואלט לח מ</ItemName>
      <ManufacturerName>לא ידוע</ManufacturerName>
      <ManufactureCountry>לא ידוע</ManufactureCountry>
      <ManufacturerItemDescription>לילי נייר טואלט לח מ</ManufacturerItemDescription>
      <UnitQty>יחידה   </UnitQty>
      <Quantity>0.00</Quantity>
      <UnitOfMeasure>יחידה   </UnitOfMeasure>
      <bIsWeighted>0</bIsWeighted>
      <QtyInPackage>לא ידוע</QtyInPackage>
      <ItemPrice>23.90</ItemPrice>
      <UnitOfMeasurePrice>0.0000</UnitOfMeasurePrice>
      <AllowDiscount>1</AllowDiscount>
      <ItemStatus>1</ItemStatus>
      <ItemId>223359</ItemId>
    </Item>
    <Item>
      <PriceUpdateDate>2025-08-20 11:44:26</PriceUpdateDate>
      <ItemCode>7290000498034</ItemCode>
      <ItemType>1</ItemType>
      <ItemName>לחם מקמח כוסמין מלא</ItemName>
      <ManufacturerName>לא ידוע</ManufacturerName>
      <ManufactureCountry>לא ידוע</ManufactureCountry>
      <ManufacturerItemDescription>לחם מקמח כוסמין מלא</ManufacturerItemDescription>
      <UnitQty>לא ידוע</UnitQty>
      <Quantity>750.00</Quantity>
      <UnitOfMeasure>לא ידוע</UnitOfMeasure>
      <bIsWeighted>0</bIsWeighted>
      <QtyInPackage>לא ידוע</QtyInPackage>
      <ItemPrice>18.90</ItemPrice>
      <UnitOfMeasurePrice>0.0252</UnitOfMeasurePrice>
      <AllowDiscount>1</AllowDiscount>
      <ItemStatus>1</ItemStatus>
      <ItemId>223367</ItemId>
    </Item>
    <Item>
      <PriceUpdateDate>2025-08-20 11:44:38</PriceUpdateDate>
      <ItemCode>7290004685447</ItemCode>
      <ItemType>1</ItemType>
      <ItemName>לחמניות כוסמין 6יח ש</ItemName>
      <ManufacturerName>לא ידוע</ManufacturerName>
      <ManufactureCountry>לא ידוע</ManufactureCountry>
      <ManufacturerItemDescription>לחמניות כוסמין 6יח ש</ManufacturerItemDescription>
      <UnitQty>לא ידוע</UnitQty>
      <Quantity>450.00</Quantity>
      <UnitOfMeasure>לא ידוע</UnitOfMeasure>
      <bIsWeighted>0</bIsWeighted>
      <QtyInPackage>לא ידוע</QtyInPackage>
      <ItemPrice>16.90</ItemPrice>
      <UnitOfMeasurePrice>0.0376</UnitOfMeasurePrice>
      <AllowDiscount>1</AllowDiscount>
      <ItemStatus>1</ItemStatus>
      <ItemId>223368</ItemId>
    </Item>
    <Item>
      <PriceUpdateDate>2025-08-31 08:47:42</PriceUpdateDate>
      <ItemCode>7290000909387</ItemCode>
      <ItemType>1</ItemType>
      <ItemName>ניוקי תפו"א 1 ק"ג הא</ItemName>
      <ManufacturerName>לא ידוע</ManufacturerName>
      <ManufactureCountry>לא ידוע</ManufactureCountry>
      <ManufacturerItemDescription>ניוקי תפו"א 1 ק"ג הא</ManufacturerItemDescription>
      <UnitQty>לא ידוע</UnitQty>
      <Quantity>1000.00</Quantity>
      <UnitOfMeasure>לא ידוע</UnitOfMeasure>
      <bIsWeighted>0</bIsWeighted>
      <QtyInPackage>לא ידוע</QtyInPackage>
      <ItemPrice>12.90</ItemPrice>
      <UnitOfMeasurePrice>0.0129</UnitOfMeasurePrice>
      <AllowDiscount>1</AllowDiscount>
      <ItemStatus>1</ItemStatus>
      <ItemId>223371</ItemId>
    </Item>
    <Item>
      <PriceUpdateDate>2025-09-03 14:12:08</PriceUpdateDate>
      <ItemCode>7290109842745</ItemCode>
      <ItemType>1</ItemType>
      <ItemName>בירה מולר 500 מ"ל בק</ItemName>
      <ManufacturerName>לא ידוע</ManufacturerName>
      <ManufactureCountry>לא ידוע</ManufactureCountry>
      <ManufacturerItemDescription>בירה מולר 500 מ"ל בק</ManufacturerItemDescription>
      <UnitQty>לא ידוע</UnitQty>
      <Quantity>500.00</Quantity>
      <UnitOfMeasure>לא ידוע</UnitOfMeasure>
      <bIsWeighted>0</bIsWeighted>
      <QtyInPackage>לא ידוע</QtyInPackage>
      <ItemPrice>5.90</ItemPrice>
      <UnitOfMeasurePrice>0.0118</UnitOfMeasurePrice>
      <AllowDiscount>1</AllowDiscount>
      <ItemStatus>1</ItemStatus>
      <ItemId>223380</ItemId>
    </Item>
    <Item>
      <PriceUpdateDate>2025-08-31 14:05:57</PriceUpdateDate>
      <ItemCode>7290016150711</ItemCode>
      <ItemType>1</ItemType>
      <ItemName>נוזל קוקוס אבאל 400</ItemName>
      <ManufacturerName>לא ידוע</ManufacturerName>
      <ManufactureCountry>לא ידוע</ManufactureCountry>
      <ManufacturerItemDescription>נוזל קוקוס אבאל 400</ManufacturerItemDescription>
      <UnitQty>לא ידוע</UnitQty>
      <Quantity>400.00</Quantity>
      <UnitOfMeasure>לא ידוע</UnitOfMeasure>
      <bIsWeighted>0</bIsWeighted>
      <QtyInPackage>לא ידוע</QtyInPackage>
      <ItemPrice>8.90</ItemPrice>
      <UnitOfMeasurePrice>0.0223</UnitOfMeasurePrice>
      <AllowDiscount>1</AllowDiscount>
      <ItemStatus>1</ItemStatus>
      <ItemId>223415</ItemId>
    </Item>
    <Item>
      <PriceUpdateDate>2025-09-07 08:04:41</PriceUpdateDate>
      <ItemCode>8691058141238</ItemCode>
      <ItemType>1</ItemType>
      <ItemName>ערמונים שלמים 100 גר</ItemName>
      <ManufacturerName>לא ידוע</ManufacturerName>
      <ManufactureCountry>לא ידוע</ManufactureCountry>
      <ManufacturerItemDescription>ערמונים שלמים 100 גר</ManufacturerItemDescription>
      <UnitQty>לא ידוע</UnitQty>
      <Quantity>100.00</Quantity>
      <UnitOfMeasure>לא ידוע</UnitOfMeasure>
      <bIsWeighted>0</bIsWeighted>
      <QtyInPackage>לא ידוע</QtyInPackage>
      <ItemPrice>6.90</ItemPrice>
      <UnitOfMeasurePrice>0.0690</UnitOfMeasurePrice>
      <AllowDiscount>1</AllowDiscount>
      <ItemStatus>1</ItemStatus>
      <ItemId>223419</ItemId>
    </Item>
    <Item>
      <PriceUpdateDate>2025-10-19 08:38:53</PriceUpdateDate>
      <ItemCode>8001090899224</ItemCode>
      <ItemType>1</ItemType>
      <ItemName>תחבושות אולוויז פלטי</ItemName>
      <ManufacturerName>לא ידוע</ManufacturerName>
      <ManufactureCountry>לא ידוע</ManufactureCountry>
      <ManufacturerItemDescription>תחבושות אולוויז פלטי</ManufacturerItemDescription>
      <UnitQty>יחידה   </UnitQty>
      <Quantity>0.00</Quantity>
      <UnitOfMeasure>יחידה   </UnitOfMeasure>
      <bIsWeighted>0</bIsWeighted>
      <QtyInPackage>לא ידוע</QtyInPackage>
      <ItemPrice>22.90</ItemPrice>
      <UnitOfMeasurePrice>0.0000</UnitOfMeasurePrice>
      <AllowDiscount>1</AllowDiscount>
      <ItemStatus>1</ItemStatus>
      <ItemId>223436</ItemId>
    </Item>
    <Item>
      <PriceUpdateDate>2025-10-19 08:38:54</PriceUpdateDate>
      <ItemCode>8001090899255</ItemCode>
      <ItemType>1</ItemType>
      <ItemName>תחבושות אולוויז פלטי</ItemName>
      <ManufacturerName>לא ידוע</ManufacturerName>
      <ManufactureCountry>לא ידוע</ManufactureCountry>
      <ManufacturerItemDescription>תחבושות אולוויז פלטי</ManufacturerItemDescription>
      <UnitQty>יחידה   </UnitQty>
      <Quantity>0.00</Quantity>
      <UnitOfMeasure>יחידה   </UnitOfMeasure>
      <bIsWeighted>0</bIsWeighted>
      <QtyInPackage>לא ידוע</QtyInPackage>
      <ItemPrice>22.90</ItemPrice>
      <UnitOfMeasurePrice>0.0000</UnitOfMeasurePrice>
      <AllowDiscount>1</AllowDiscount>
      <ItemStatus>1</ItemStatus>
      <ItemId>223437</ItemId>
    </Item>
    <Item>
      <PriceUpdateDate>2025-10-19 08:38:54</PriceUpdateDate>
      <ItemCode>8001090899286</ItemCode>
      <ItemType>1</ItemType>
      <ItemName>אולוויז תחבושות פלטי</ItemName>
      <ManufacturerName>לא ידוע</ManufacturerName>
      <ManufactureCountry>לא ידוע</ManufactureCountry>
      <ManufacturerItemDescription>אולוויז תחבושות פלטי</ManufacturerItemDescription>
      <UnitQty>יחידה   </UnitQty>
      <Quantity>0.00</Quantity>
      <UnitOfMeasure>יחידה   </UnitOfMeasure>
      <bIsWeighted>0</bIsWeighted>
      <QtyInPackage>לא ידוע</QtyInPackage>
      <ItemPrice>22.90</ItemPrice>
      <UnitOfMeasurePrice>0.0000</UnitOfMeasurePrice>
      <AllowDiscount>1</AllowDiscount>
      <ItemStatus>1</ItemStatus>
      <ItemId>223438</ItemId>
    </Item>
    <Item>
      <PriceUpdateDate>2025-08-18 11:13:07</PriceUpdateDate>
      <ItemCode>3574661487328</ItemCode>
      <ItemType>1</ItemType>
      <ItemName>קרפרי תחתוניות רגיל</ItemName>
      <ManufacturerName>לא ידוע</ManufacturerName>
      <ManufactureCountry>לא ידוע</ManufactureCountry>
      <ManufacturerItemDescription>קרפרי תחתוניות רגיל</ManufacturerItemDescription>
      <UnitQty>יחידה   </UnitQty>
      <Quantity>0.00</Quantity>
      <UnitOfMeasure>יחידה   </UnitOfMeasure>
      <bIsWeighted>0</bIsWeighted>
      <QtyInPackage>לא ידוע</QtyInPackage>
      <ItemPrice>17.90</ItemPrice>
      <UnitOfMeasurePrice>0.0000</UnitOfMeasurePrice>
      <AllowDiscount>1</AllowDiscount>
      <ItemStatus>1</ItemStatus>
      <ItemId>223442</ItemId>
    </Item>
    <Item>
      <PriceUpdateDate>2025-08-18 11:13:07</PriceUpdateDate>
      <ItemCode>3574661487618</ItemCode>
      <ItemType>1</ItemType>
      <ItemName>קרפרי תחתוניות מקסי</ItemName>
      <ManufacturerName>לא ידוע</ManufacturerName>
      <ManufactureCountry>לא ידוע</ManufactureCountry>
      <ManufacturerItemDescription>קרפרי תחתוניות מקסי</ManufacturerItemDescription>
      <UnitQty>יחידה   </UnitQty>
      <Quantity>0.00</Quantity>
      <UnitOfMeasure>יחידה   </UnitOfMeasure>
      <bIsWeighted>0</bIsWeighted>
      <QtyInPackage>לא ידוע</QtyInPackage>
      <ItemPrice>17.90</ItemPrice>
      <UnitOfMeasurePrice>0.0000</UnitOfMeasurePrice>
      <AllowDiscount>1</AllowDiscount>
      <ItemStatus>1</ItemStatus>
      <ItemId>223444</ItemId>
    </Item>
    <Item>
      <PriceUpdateDate>2025-08-18 11:13:08</PriceUpdateDate>
      <ItemCode>3574661487625</ItemCode>
      <ItemType>1</ItemType>
      <ItemName>קרפרי תחתוניות מקסי</ItemName>
      <ManufacturerName>לא ידוע</ManufacturerName>
      <ManufactureCountry>לא ידוע</ManufactureCountry>
      <ManufacturerItemDescription>קרפרי תחתוניות מקסי</ManufacturerItemDescription>
      <UnitQty>יחידה   </UnitQty>
      <Quantity>0.00</Quantity>
      <UnitOfMeasure>יחידה   </UnitOfMeasure>
      <bIsWeighted>0</bIsWeighted>
      <QtyInPackage>לא ידוע</QtyInPackage>
      <ItemPrice>17.90</ItemPrice>
      <UnitOfMeasurePrice>0.0000</UnitOfMeasurePrice>
      <AllowDiscount>1</AllowDiscount>
      <ItemStatus>1</ItemStatus>
      <ItemId>223445</ItemId>
    </Item>
    <Item>
      <PriceUpdateDate>2025-08-18 11:13:08</PriceUpdateDate>
      <ItemCode>3574661500355</ItemCode>
      <ItemType>1</ItemType>
      <ItemName>קרפרי תחתוניות לונג</ItemName>
      <ManufacturerName>לא ידוע</ManufacturerName>
      <ManufactureCountry>לא ידוע</ManufactureCountry>
      <ManufacturerItemDescription>קרפרי תחתוניות לונג</ManufacturerItemDescription>
      <UnitQty>יחידה   </UnitQty>
      <Quantity>0.00</Quantity>
      <UnitOfMeasure>יחידה   </UnitOfMeasure>
      <bIsWeighted>0</bIsWeighted>
      <QtyInPackage>לא ידוע</QtyInPackage>
      <ItemPrice>17.90</ItemPrice>
      <UnitOfMeasurePrice>0.0000</UnitOfMeasurePrice>
      <AllowDiscount>1</AllowDiscount>
      <ItemStatus>1</ItemStatus>
      <ItemId>223446</ItemId>
    </Item>
    <Item>
      <PriceUpdateDate>2025-08-26 12:48:03</PriceUpdateDate>
      <ItemCode>7290112002136</ItemCode>
      <ItemType>1</ItemType>
      <ItemName>קולון ג'ל כחול מרוכז</ItemName>
      <ManufacturerName>לא ידוע</ManufacturerName>
      <ManufactureCountry>לא ידוע</ManufactureCountry>
      <ManufacturerItemDescription>קולון ג'ל כחול מרוכז</ManufacturerItemDescription>
      <UnitQty>ליטרים</UnitQty>
      <Quantity>4.00</Quantity>
      <UnitOfMeasure>ליטר    </UnitOfMeasure>
      <bIsWeighted>0</bIsWeighted>
      <QtyInPackage>לא ידוע</QtyInPackage>
      <ItemPrice>41.90</ItemPrice>
      <UnitOfMeasurePrice>10.4750</UnitOfMeasurePrice>
      <AllowDiscount>1</AllowDiscount>
      <ItemStatus>1</ItemStatus>
      <ItemId>223492</ItemId>
    </Item>
    <Item>
      <PriceUpdateDate>2025-08-26 12:48:03</PriceUpdateDate>
      <ItemCode>7290112002143</ItemCode>
      <ItemType>1</ItemType>
      <ItemName>קולון ג'ל סגול בניחו</ItemName>
      <ManufacturerName>לא ידוע</ManufacturerName>
      <ManufactureCountry>לא ידוע</ManufactureCountry>
      <ManufacturerItemDescription>קולון ג'ל סגול בניחו</ManufacturerItemDescription>
      <UnitQty>ליטרים</UnitQty>
      <Quantity>4.00</Quantity>
      <UnitOfMeasure>ליטר    </UnitOfMeasure>
      <bIsWeighted>0</bIsWeighted>
      <QtyInPackage>לא ידוע</QtyInPackage>
      <ItemPrice>41.90</ItemPrice>
      <UnitOfMeasurePrice>10.4750</UnitOfMeasurePrice>
      <AllowDiscount>1</AllowDiscount>
      <ItemStatus>1</ItemStatus>
      <ItemId>223493</ItemId>
    </Item>
    <Item>
      <PriceUpdateDate>2025-08-26 12:48:03</PriceUpdateDate>
      <ItemCode>7290112002167</ItemCode>
      <ItemType>1</ItemType>
      <ItemName>קולון ג'ל ירוק בניחו</ItemName>
      <ManufacturerName>לא ידוע</ManufacturerName>
      <ManufactureCountry>לא ידוע</ManufactureCountry>
      <ManufacturerItemDescription>קולון ג'ל ירוק בניחו</ManufacturerItemDescription>
      <UnitQty>לא ידוע</UnitQty>
      <Quantity>4000.00</Quantity>
      <UnitOfMeasure>לא ידוע</UnitOfMeasure>
      <bIsWeighted>0</bIsWeighted>
      <QtyInPackage>לא ידוע</QtyInPackage>
      <ItemPrice>41.90</ItemPrice>
      <UnitOfMeasurePrice>0.0105</UnitOfMeasurePrice>
      <AllowDiscount>1</AllowDiscount>
      <ItemStatus>1</ItemStatus>
      <ItemId>223495</ItemId>
    </Item>
    <Item>
      <PriceUpdateDate>2025-08-26 11:21:04</PriceUpdateDate>
      <ItemCode>7290110324872</ItemCode>
      <ItemType>1</ItemType>
      <ItemName>גבינה צהובה גלבוע 5%</ItemName>
      <ManufacturerName>לא ידוע</ManufacturerName>
      <ManufactureCountry>לא ידוע</ManufactureCountry>
      <ManufacturerItemDescription>גבינה צהובה גלבוע 5%</ManufacturerItemDescription>
      <UnitQty>לא ידוע</UnitQty>
      <Quantity>200.00</Quantity>
      <UnitOfMeasure>לא ידוע</UnitOfMeasure>
      <bIsWeighted>0</bIsWeighted>
      <QtyInPackage>לא ידוע</QtyInPackage>
      <ItemPrice>22.20</ItemPrice>
      <UnitOfMeasurePrice>0.1110</UnitOfMeasurePrice>
      <AllowDiscount>1</AllowDiscount>
      <ItemStatus>1</ItemStatus>
      <ItemId>223515</ItemId>
    </Item>
    <Item>
      <PriceUpdateDate>2025-08-26 11:21:07</PriceUpdateDate>
      <ItemCode>7290110325312</ItemCode>
      <ItemType>1</ItemType>
      <ItemName>מעדן גו סויה בטעם תו</ItemName>
      <ManufacturerName>לא ידוע</ManufacturerName>
      <ManufactureCountry>לא ידוע</ManufactureCountry>
      <ManufacturerItemDescription>מעדן גו סויה בטעם תו</ManufacturerItemDescription>
      <UnitQty>לא ידוע</UnitQty>
      <Quantity>200.00</Quantity>
      <UnitOfMeasure>לא ידוע</UnitOfMeasure>
      <bIsWeighted>0</bIsWeighted>
      <QtyInPackage>לא ידוע</QtyInPackage>
      <ItemPrice>7.50</ItemPrice>
      <UnitOfMeasurePrice>0.0375</UnitOfMeasurePrice>
      <AllowDiscount>1</AllowDiscount>
      <ItemStatus>1</ItemStatus>
      <ItemId>223522</ItemId>
    </Item>
    <Item>
      <PriceUpdateDate>2025-08-26 11:21:55</PriceUpdateDate>
      <ItemCode>7290110328764</ItemCode>
      <ItemType>1</ItemType>
      <ItemName>יוגורט גו סמיך תות 0</ItemName>
      <ManufacturerName>לא ידוע</ManufacturerName>
      <ManufactureCountry>ישראל</ManufactureCountry>
      <ManufacturerItemDescription>יוגורט גו סמיך תות 0</ManufacturerItemDescription>
      <UnitQty>לא ידוע</UnitQty>
      <Quantity>200.00</Quantity>
      <UnitOfMeasure>לא ידוע</UnitOfMeasure>
      <bIsWeighted>0</bIsWeighted>
      <QtyInPackage>לא ידוע</QtyInPackage>
      <ItemPrice>7.50</ItemPrice>
      <UnitOfMeasurePrice>0.0375</UnitOfMeasurePrice>
      <AllowDiscount>1</AllowDiscount>
      <ItemStatus>1</ItemStatus>
      <ItemId>235195</ItemId>
    </Item>
    <Item>
      <PriceUpdateDate>2025-08-20 11:44:34</PriceUpdateDate>
      <ItemCode>7290004033712</ItemCode>
      <ItemType>1</ItemType>
      <ItemName>לחם עננים מקמח מלא 7</ItemName>
      <ManufacturerName>קריות זול</ManufacturerName>
      <ManufactureCountry>לא ידוע</ManufactureCountry>
      <ManufacturerItemDescription>לחם עננים מקמח מלא 7</ManufacturerItemDescription>
      <UnitQty>לא ידוע</UnitQty>
      <Quantity>750.00</Quantity>
      <UnitOfMeasure>לא ידוע</UnitOfMeasure>
      <bIsWeighted>0</bIsWeighted>
      <QtyInPackage>לא ידוע</QtyInPackage>
      <ItemPrice>17.90</ItemPrice>
      <UnitOfMeasurePrice>0.0239</UnitOfMeasurePrice>
      <AllowDiscount>1</AllowDiscount>
      <ItemStatus>1</ItemStatus>
      <ItemId>235018</ItemId>
    </Item>
    <Item>
      <PriceUpdateDate>2025-08-31 09:58:09</PriceUpdateDate>
      <ItemCode>7290108504699</ItemCode>
      <ItemType>1</ItemType>
      <ItemName>ויליפוד נתחי טונה בש</ItemName>
      <ManufacturerName>לא ידוע</ManufacturerName>
      <ManufactureCountry>לא ידוע</ManufactureCountry>
      <ManufacturerItemDescription>ויליפוד נתחי טונה בש</ManufacturerItemDescription>
      <UnitQty>לא ידוע</UnitQty>
      <Quantity>640.00</Quantity>
      <UnitOfMeasure>לא ידוע</UnitOfMeasure>
      <bIsWeighted>0</bIsWeighted>
      <QtyInPackage>לא ידוע</QtyInPackage>
      <ItemPrice>24.90</ItemPrice>
      <UnitOfMeasurePrice>0.0389</UnitOfMeasurePrice>
      <AllowDiscount>1</AllowDiscount>
      <ItemStatus>1</ItemStatus>
      <ItemId>223595</ItemId>
    </Item>
    <Item>
      <PriceUpdateDate>2025-09-03 11:27:39</PriceUpdateDate>
      <ItemCode>7290112495037</ItemCode>
      <ItemType>1</ItemType>
      <ItemName>קוקומן כדורים דגני ב</ItemName>
      <ManufacturerName>לא ידוע</ManufacturerName>
      <ManufactureCountry>לא ידוע</ManufactureCountry>
      <ManufacturerItemDescription>קוקומן כדורים דגני ב</ManufacturerItemDescription>
      <UnitQty>לא ידוע</UnitQty>
      <Quantity>375.00</Quantity>
      <UnitOfMeasure>לא ידוע</UnitOfMeasure>
      <bIsWeighted>0</bIsWeighted>
      <QtyInPackage>לא ידוע</QtyInPackage>
      <ItemPrice>26.90</ItemPrice>
      <UnitOfMeasurePrice>0.0717</UnitOfMeasurePrice>
      <AllowDiscount>1</AllowDiscount>
      <ItemStatus>1</ItemStatus>
      <ItemId>223617</ItemId>
    </Item>
    <Item>
      <PriceUpdateDate>2025-09-03 11:27:40</PriceUpdateDate>
      <ItemCode>7290112495143</ItemCode>
      <ItemType>1</ItemType>
      <ItemName>קוקטייל מלוח 300גר</ItemName>
      <ManufacturerName>לא ידוע</ManufacturerName>
      <ManufactureCountry>לא ידוע</ManufactureCountry>
      <ManufacturerItemDescription>קוקטייל מלוח 300גר</ManufacturerItemDescription>
      <UnitQty>לא ידוע</UnitQty>
      <Quantity>300.00</Quantity>
      <UnitOfMeasure>לא ידוע</UnitOfMeasure>
      <bIsWeighted>0</bIsWeighted>
      <QtyInPackage>לא ידוע</QtyInPackage>
      <ItemPrice>18.90</ItemPrice>
      <UnitOfMeasurePrice>0.0630</UnitOfMeasurePrice>
      <AllowDiscount>1</AllowDiscount>
      <ItemStatus>1</ItemStatus>
      <ItemId>223620</ItemId>
    </Item>
    <Item>
      <PriceUpdateDate>2025-09-03 11:27:40</PriceUpdateDate>
      <ItemCode>7290112495150</ItemCode>
      <ItemType>1</ItemType>
      <ItemName>נשנושים עגול מלוח 30</ItemName>
      <ManufacturerName>לא ידוע</ManufacturerName>
      <ManufactureCountry>לא ידוע</ManufactureCountry>
      <ManufacturerItemDescription>נשנושים עגול מלוח 30</ManufacturerItemDescription>
      <UnitQty>לא ידוע</UnitQty>
      <Quantity>300.00</Quantity>
      <UnitOfMeasure>לא ידוע</UnitOfMeasure>
      <bIsWeighted>0</bIsWeighted>
      <QtyInPackage>לא ידוע</QtyInPackage>
      <ItemPrice>18.90</ItemPrice>
      <UnitOfMeasurePrice>0.0630</UnitOfMeasurePrice>
      <AllowDiscount>1</AllowDiscount>
      <ItemStatus>1</ItemStatus>
      <ItemId>223621</ItemId>
    </Item>
    <Item>
      <PriceUpdateDate>2025-04-20 07:42:39</PriceUpdateDate>
      <ItemCode>7290112494238</ItemCode>
      <ItemType>1</ItemType>
      <ItemName>קליק כדורים חלב תפזו</ItemName>
      <ManufacturerName>לא ידוע</ManufacturerName>
      <ManufactureCountry>לא ידוע</ManufactureCountry>
      <ManufacturerItemDescription>קליק כדורים חלב תפזו</ManufacturerItemDescription>
      <UnitQty>לא ידוע</UnitQty>
      <Quantity>65.00</Quantity>
      <UnitOfMeasure>לא ידוע</UnitOfMeasure>
      <bIsWeighted>0</bIsWeighted>
      <QtyInPackage>לא ידוע</QtyInPackage>
      <ItemPrice>8.50</ItemPrice>
      <UnitOfMeasurePrice>0.1308</UnitOfMeasurePrice>
      <AllowDiscount>1</AllowDiscount>
      <ItemStatus>1</ItemStatus>
      <ItemId>223623</ItemId>
    </Item>
    <Item>
      <PriceUpdateDate>2025-09-03 11:27:40</PriceUpdateDate>
      <ItemCode>7290112495105</ItemCode>
      <ItemType>1</ItemType>
      <ItemName>נשנושים שמנת בצל 260</ItemName>
      <ManufacturerName>קריות זול</ManufacturerName>
      <ManufactureCountry>לא ידוע</ManufactureCountry>
      <ManufacturerItemDescription>נשנושים שמנת בצל 260</ManufacturerItemDescription>
      <UnitQty>לא ידוע</UnitQty>
      <Quantity>260.00</Quantity>
      <UnitOfMeasure>לא ידוע</UnitOfMeasure>
      <bIsWeighted>0</bIsWeighted>
      <QtyInPackage>לא ידוע</QtyInPackage>
      <ItemPrice>17.90</ItemPrice>
      <UnitOfMeasurePrice>0.0688</UnitOfMeasurePrice>
      <AllowDiscount>1</AllowDiscount>
      <ItemStatus>1</ItemStatus>
      <ItemId>223624</ItemId>
    </Item>
    <Item>
      <PriceUpdateDate>2025-09-03 11:27:40</PriceUpdateDate>
      <ItemCode>7290112495112</ItemCode>
      <ItemType>1</ItemType>
      <ItemName>נשנושים זעתר 260גר</ItemName>
      <ManufacturerName>קריות זול</ManufacturerName>
      <ManufactureCountry>לא ידוע</ManufactureCountry>
      <ManufacturerItemDescription>נשנושים זעתר 260גר</ManufacturerItemDescription>
      <UnitQty>לא ידוע</UnitQty>
      <Quantity>260.00</Quantity>
      <UnitOfMeasure>לא ידוע</UnitOfMeasure>
      <bIsWeighted>0</bIsWeighted>
      <QtyInPackage>לא ידוע</QtyInPackage>
      <ItemPrice>17.90</ItemPrice>
      <UnitOfMeasurePrice>0.0688</UnitOfMeasurePrice>
      <AllowDiscount>1</AllowDiscount>
      <ItemStatus>1</ItemStatus>
      <ItemId>223625</ItemId>
    </Item>
    <Item>
      <PriceUpdateDate>2025-04-20 07:42:39</PriceUpdateDate>
      <ItemCode>7290112494221</ItemCode>
      <ItemType>1</ItemType>
      <ItemName>קליק ביסקוויט תפזורת</ItemName>
      <ManufacturerName>לא ידוע</ManufacturerName>
      <ManufactureCountry>לא ידוע</ManufactureCountry>
      <ManufacturerItemDescription>קליק ביסקוויט תפזורת</ManufacturerItemDescription>
      <UnitQty>לא ידוע</UnitQty>
      <Quantity>65.00</Quantity>
      <UnitOfMeasure>לא ידוע</UnitOfMeasure>
      <bIsWeighted>0</bIsWeighted>
      <QtyInPackage>לא ידוע</QtyInPackage>
      <ItemPrice>8.50</ItemPrice>
      <UnitOfMeasurePrice>0.1308</UnitOfMeasurePrice>
      <AllowDiscount>1</AllowDiscount>
      <ItemStatus>1</ItemStatus>
      <ItemId>223629</ItemId>
    </Item>
    <Item>
      <PriceUpdateDate>2025-04-20 07:42:40</PriceUpdateDate>
      <ItemCode>7290112494283</ItemCode>
      <ItemType>1</ItemType>
      <ItemName>קליק מעורב חום לבן ת</ItemName>
      <ManufacturerName>לא ידוע</ManufacturerName>
      <ManufactureCountry>לא ידוע</ManufactureCountry>
      <ManufacturerItemDescription>קליק מעורב חום לבן ת</ManufacturerItemDescription>
      <UnitQty>לא ידוע</UnitQty>
      <Quantity>65.00</Quantity>
      <UnitOfMeasure>לא ידוע</UnitOfMeasure>
      <bIsWeighted>0</bIsWeighted>
      <QtyInPackage>לא ידוע</QtyInPackage>
      <ItemPrice>8.50</ItemPrice>
      <UnitOfMeasurePrice>0.1308</UnitOfMeasurePrice>
      <AllowDiscount>1</AllowDiscount>
      <ItemStatus>1</ItemStatus>
      <ItemId>223632</ItemId>
    </Item>
    <Item>
      <PriceUpdateDate>2025-04-20 07:42:40</PriceUpdateDate>
      <ItemCode>7290112494290</ItemCode>
      <ItemType>1</ItemType>
      <ItemName>קליק עוגי תפזורת 65ג</ItemName>
      <ManufacturerName>לא ידוע</ManufacturerName>
      <ManufactureCountry>לא ידוע</ManufactureCountry>
      <ManufacturerItemDescription>קליק עוגי תפזורת 65ג</ManufacturerItemDescription>
      <UnitQty>לא ידוע</UnitQty>
      <Quantity>65.00</Quantity>
      <UnitOfMeasure>לא ידוע</UnitOfMeasure>
      <bIsWeighted>0</bIsWeighted>
      <QtyInPackage>לא ידוע</QtyInPackage>
      <ItemPrice>8.50</ItemPrice>
      <UnitOfMeasurePrice>0.1308</UnitOfMeasurePrice>
      <AllowDiscount>1</AllowDiscount>
      <ItemStatus>1</ItemStatus>
      <ItemId>223633</ItemId>
    </Item>
    <Item>
      <PriceUpdateDate>2025-09-08 07:57:30</PriceUpdateDate>
      <ItemCode>8719200997998</ItemCode>
      <ItemType>1</ItemType>
      <ItemName>בלו בנד לבישול וטיגו</ItemName>
      <ManufacturerName>לא ידוע</ManufacturerName>
      <ManufactureCountry>לא ידוע</ManufactureCountry>
      <ManufacturerItemDescription>בלו בנד לבישול וטיגו</ManufacturerItemDescription>
      <UnitQty>לא ידוע</UnitQty>
      <Quantity>200.00</Quantity>
      <UnitOfMeasure>לא ידוע</UnitOfMeasure>
      <bIsWeighted>0</bIsWeighted>
      <QtyInPackage>לא ידוע</QtyInPackage>
      <ItemPrice>6.90</ItemPrice>
      <UnitOfMeasurePrice>0.0345</UnitOfMeasurePrice>
      <AllowDiscount>1</AllowDiscount>
      <ItemStatus>1</ItemStatus>
      <ItemId>223639</ItemId>
    </Item>
    <Item>
      <PriceUpdateDate>2025-09-08 07:57:30</PriceUpdateDate>
      <ItemCode>8719200998001</ItemCode>
      <ItemType>1</ItemType>
      <ItemName>בלו בנד בלי מלח 200ג</ItemName>
      <ManufacturerName>לא ידוע</ManufacturerName>
      <ManufactureCountry>לא ידוע</ManufactureCountry>
      <ManufacturerItemDescription>בלו בנד בלי מלח 200ג</ManufacturerItemDescription>
      <UnitQty>לא ידוע</UnitQty>
      <Quantity>200.00</Quantity>
      <UnitOfMeasure>לא ידוע</UnitOfMeasure>
      <bIsWeighted>0</bIsWeighted>
      <QtyInPackage>לא ידוע</QtyInPackage>
      <ItemPrice>6.90</ItemPrice>
      <UnitOfMeasurePrice>0.0345</UnitOfMeasurePrice>
      <AllowDiscount>1</AllowDiscount>
      <ItemStatus>1</ItemStatus>
      <ItemId>223640</ItemId>
    </Item>
    <Item>
      <PriceUpdateDate>2025-09-08 07:57:30</PriceUpdateDate>
      <ItemCode>8719200998018</ItemCode>
      <ItemType>1</ItemType>
      <ItemName>מרגרינה מחמאה בטעם ח</ItemName>
      <ManufacturerName>לא ידוע</ManufacturerName>
      <ManufactureCountry>לא ידוע</ManufactureCountry>
      <ManufacturerItemDescription>מרגרינה מחמאה בטעם ח</ManufacturerItemDescription>
      <UnitQty>לא ידוע</UnitQty>
      <Quantity>200.00</Quantity>
      <UnitOfMeasure>לא ידוע</UnitOfMeasure>
      <bIsWeighted>0</bIsWeighted>
      <QtyInPackage>לא ידוע</QtyInPackage>
      <ItemPrice>6.90</ItemPrice>
      <UnitOfMeasurePrice>0.0345</UnitOfMeasurePrice>
      <AllowDiscount>1</AllowDiscount>
      <ItemStatus>1</ItemStatus>
      <ItemId>223641</ItemId>
    </Item>
    <Item>
      <PriceUpdateDate>2025-09-08 07:57:30</PriceUpdateDate>
      <ItemCode>8719200998049</ItemCode>
      <ItemType>1</ItemType>
      <ItemName>מזולה בטעם טבעי 250ג</ItemName>
      <ManufacturerName>קריות זול</ManufacturerName>
      <ManufactureCountry>לא ידוע</ManufactureCountry>
      <ManufacturerItemDescription>מזולה בטעם טבעי 250ג</ManufacturerItemDescription>
      <UnitQty>לא ידוע</UnitQty>
      <Quantity>250.00</Quantity>
      <UnitOfMeasure>לא ידוע</UnitOfMeasure>
      <bIsWeighted>0</bIsWeighted>
      <QtyInPackage>לא ידוע</QtyInPackage>
      <ItemPrice>10.90</ItemPrice>
      <UnitOfMeasurePrice>0.0436</UnitOfMeasurePrice>
      <AllowDiscount>1</AllowDiscount>
      <ItemStatus>1</ItemStatus>
      <ItemId>223643</ItemId>
    </Item>
    <Item>
      <PriceUpdateDate>2025-09-03 15:31:03</PriceUpdateDate>
      <ItemCode>8719200998094</ItemCode>
      <ItemType>1</ItemType>
      <ItemName>מזולה אפייה ללא מלח</ItemName>
      <ManufacturerName>לא ידוע</ManufacturerName>
      <ManufactureCountry>לא ידוע</ManufactureCountry>
      <ManufacturerItemDescription>מזולה אפייה ללא מלח</ManufacturerItemDescription>
      <UnitQty>לא ידוע</UnitQty>
      <Quantity>200.00</Quantity>
      <UnitOfMeasure>לא ידוע</UnitOfMeasure>
      <bIsWeighted>0</bIsWeighted>
      <QtyInPackage>לא ידוע</QtyInPackage>
      <ItemPrice>7.90</ItemPrice>
      <UnitOfMeasurePrice>0.0395</UnitOfMeasurePrice>
      <AllowDiscount>1</AllowDiscount>
      <ItemStatus>1</ItemStatus>
      <ItemId>223644</ItemId>
    </Item>
    <Item>
      <PriceUpdateDate>2025-09-08 07:57:30</PriceUpdateDate>
      <ItemCode>8719200998032</ItemCode>
      <ItemType>1</ItemType>
      <ItemName>מזולה בטעם חמאה 250ג</ItemName>
      <ManufacturerName>לא ידוע</ManufacturerName>
      <ManufactureCountry>לא ידוע</ManufactureCountry>
      <ManufacturerItemDescription>מזולה בטעם חמאה 250ג</ManufacturerItemDescription>
      <UnitQty>לא ידוע</UnitQty>
      <Quantity>250.00</Quantity>
      <UnitOfMeasure>לא ידוע</UnitOfMeasure>
      <bIsWeighted>0</bIsWeighted>
      <QtyInPackage>לא ידוע</QtyInPackage>
      <ItemPrice>12.50</ItemPrice>
      <UnitOfMeasurePrice>0.0500</UnitOfMeasurePrice>
      <AllowDiscount>1</AllowDiscount>
      <ItemStatus>1</ItemStatus>
      <ItemId>223646</ItemId>
    </Item>
    <Item>
      <PriceUpdateDate>2025-08-31 10:13:13</PriceUpdateDate>
      <ItemCode>7290015324533</ItemCode>
      <ItemType>1</ItemType>
      <ItemName>רוזמרין מיכל גדול 55</ItemName>
      <ManufacturerName>לא ידוע</ManufacturerName>
      <ManufactureCountry>לא ידוע</ManufactureCountry>
      <ManufacturerItemDescription>רוזמרין מיכל גדול 55</ManufacturerItemDescription>
      <UnitQty>לא ידוע</UnitQty>
      <Quantity>55.00</Quantity>
      <UnitOfMeasure>לא ידוע</UnitOfMeasure>
      <bIsWeighted>0</bIsWeighted>
      <QtyInPackage>לא ידוע</QtyInPackage>
      <ItemPrice>11.90</ItemPrice>
      <UnitOfMeasurePrice>0.2164</UnitOfMeasurePrice>
      <AllowDiscount>1</AllowDiscount>
      <ItemStatus>1</ItemStatus>
      <ItemId>223681</ItemId>
    </Item>
    <Item>
      <PriceUpdateDate>2025-08-31 10:13:14</PriceUpdateDate>
      <ItemCode>7290015324564</ItemCode>
      <ItemType>1</ItemType>
      <ItemName>כוסברה טחונה מיכל גד</ItemName>
      <ManufacturerName>לא ידוע</ManufacturerName>
      <ManufactureCountry>לא ידוע</ManufactureCountry>
      <ManufacturerItemDescription>כוסברה טחונה מיכל גד</ManufacturerItemDescription>
      <UnitQty>לא ידוע</UnitQty>
      <Quantity>70.00</Quantity>
      <UnitOfMeasure>לא ידוע</UnitOfMeasure>
      <bIsWeighted>0</bIsWeighted>
      <QtyInPackage>לא ידוע</QtyInPackage>
      <ItemPrice>11.90</ItemPrice>
      <UnitOfMeasurePrice>0.1700</UnitOfMeasurePrice>
      <AllowDiscount>1</AllowDiscount>
      <ItemStatus>1</ItemStatus>
      <ItemId>223683</ItemId>
    </Item>
    <Item>
      <PriceUpdateDate>2025-08-31 08:42:26</PriceUpdateDate>
      <ItemCode>7290014217140</ItemCode>
      <ItemType>1</ItemType>
      <ItemName>תבלין ראס אל חנות 10</ItemName>
      <ManufacturerName>לא ידוע</ManufacturerName>
      <ManufactureCountry>לא ידוע</ManufactureCountry>
      <ManufacturerItemDescription>תבלין ראס אל חנות 10</ManufacturerItemDescription>
      <UnitQty>לא ידוע</UnitQty>
      <Quantity>100.00</Quantity>
      <UnitOfMeasure>לא ידוע</UnitOfMeasure>
      <bIsWeighted>0</bIsWeighted>
      <QtyInPackage>לא ידוע</QtyInPackage>
      <ItemPrice>12.90</ItemPrice>
      <UnitOfMeasurePrice>0.1290</UnitOfMeasurePrice>
      <AllowDiscount>1</AllowDiscount>
      <ItemStatus>1</ItemStatus>
      <ItemId>223684</ItemId>
    </Item>
    <Item>
      <PriceUpdateDate>2025-08-31 10:13:14</PriceUpdateDate>
      <ItemCode>7290015324557</ItemCode>
      <ItemType>1</ItemType>
      <ItemName>בהרט לבישול מיכל גדו</ItemName>
      <ManufacturerName>לא ידוע</ManufacturerName>
      <ManufactureCountry>לא ידוע</ManufactureCountry>
      <ManufacturerItemDescription>בהרט לבישול מיכל גדו</ManufacturerItemDescription>
      <UnitQty>לא ידוע</UnitQty>
      <Quantity>80.00</Quantity>
      <UnitOfMeasure>לא ידוע</UnitOfMeasure>
      <bIsWeighted>0</bIsWeighted>
      <QtyInPackage>לא ידוע</QtyInPackage>
      <ItemPrice>11.90</ItemPrice>
      <UnitOfMeasurePrice>0.1488</UnitOfMeasurePrice>
      <AllowDiscount>1</AllowDiscount>
      <ItemStatus>1</ItemStatus>
      <ItemId>223685</ItemId>
    </Item>
    <Item>
      <PriceUpdateDate>2025-04-20 07:41:56</PriceUpdateDate>
      <ItemCode>7622210464729</ItemCode>
      <ItemType>1</ItemType>
      <ItemName>אוראו גולדן 154 גרם</ItemName>
      <ManufacturerName>לא ידוע</ManufacturerName>
      <ManufactureCountry>לא ידוע</ManufactureCountry>
      <ManufacturerItemDescription>אוראו גולדן 154 גרם</ManufacturerItemDescription>
      <UnitQty>לא ידוע</UnitQty>
      <Quantity>154.00</Quantity>
      <UnitOfMeasure>לא ידוע</UnitOfMeasure>
      <bIsWeighted>0</bIsWeighted>
      <QtyInPackage>לא ידוע</QtyInPackage>
      <ItemPrice>8.90</ItemPrice>
      <UnitOfMeasurePrice>0.0578</UnitOfMeasurePrice>
      <AllowDiscount>1</AllowDiscount>
      <ItemStatus>1</ItemStatus>
      <ItemId>223708</ItemId>
    </Item>
    <Item>
      <PriceUpdateDate>2025-08-27 09:42:08</PriceUpdateDate>
      <ItemCode>7290001245729</ItemCode>
      <ItemType>1</ItemType>
      <ItemName>ג'ל כביסה ירוק 3ל טא</ItemName>
      <ManufacturerName>לא ידוע</ManufacturerName>
      <ManufactureCountry>לא ידוע</ManufactureCountry>
      <ManufacturerItemDescription>ג'ל כביסה ירוק 3ל טא</ManufacturerItemDescription>
      <UnitQty>ליטרים</UnitQty>
      <Quantity>3.00</Quantity>
      <UnitOfMeasure>ליטר    </UnitOfMeasure>
      <bIsWeighted>0</bIsWeighted>
      <QtyInPackage>לא ידוע</QtyInPackage>
      <ItemPrice>20.90</ItemPrice>
      <UnitOfMeasurePrice>6.9667</UnitOfMeasurePrice>
      <AllowDiscount>1</AllowDiscount>
      <ItemStatus>1</ItemStatus>
      <ItemId>223711</ItemId>
    </Item>
    <Item>
      <PriceUpdateDate>2025-08-27 09:42:17</PriceUpdateDate>
      <ItemCode>7290001246634</ItemCode>
      <ItemType>1</ItemType>
      <ItemName>נוזל אסלות 1 ליטר טא</ItemName>
      <ManufacturerName>לא ידוע</ManufacturerName>
      <ManufactureCountry>לא ידוע</ManufactureCountry>
      <ManufacturerItemDescription>נוזל אסלות 1 ליטר טא</ManufacturerItemDescription>
      <UnitQty>ליטרים</UnitQty>
      <Quantity>1.00</Quantity>
      <UnitOfMeasure>ליטר    </UnitOfMeasure>
      <bIsWeighted>0</bIsWeighted>
      <QtyInPackage>לא ידוע</QtyInPackage>
      <ItemPrice>8.90</ItemPrice>
      <UnitOfMeasurePrice>8.9000</UnitOfMeasurePrice>
      <AllowDiscount>1</AllowDiscount>
      <ItemStatus>1</ItemStatus>
      <ItemId>223716</ItemId>
    </Item>
    <Item>
      <PriceUpdateDate>2025-08-27 09:42:14</PriceUpdateDate>
      <ItemCode>7290001246221</ItemCode>
      <ItemType>1</ItemType>
      <ItemName>תרסיס מטהר אוויר לימ</ItemName>
      <ManufacturerName>לא ידוע</ManufacturerName>
      <ManufactureCountry>לא ידוע</ManufactureCountry>
      <ManufacturerItemDescription>תרסיס מטהר אוויר לימ</ManufacturerItemDescription>
      <UnitQty>לא ידוע</UnitQty>
      <Quantity>300.00</Quantity>
      <UnitOfMeasure>לא ידוע</UnitOfMeasure>
      <bIsWeighted>0</bIsWeighted>
      <QtyInPackage>לא ידוע</QtyInPackage>
      <ItemPrice>6.90</ItemPrice>
      <UnitOfMeasurePrice>0.0230</UnitOfMeasurePrice>
      <AllowDiscount>1</AllowDiscount>
      <ItemStatus>1</ItemStatus>
      <ItemId>223728</ItemId>
    </Item>
    <Item>
      <PriceUpdateDate>2025-08-27 09:42:18</PriceUpdateDate>
      <ItemCode>7290001246825</ItemCode>
      <ItemType>1</ItemType>
      <ItemName>ג'ל כביסה ירוק 5 ליט</ItemName>
      <ManufacturerName>לא ידוע</ManufacturerName>
      <ManufactureCountry>לא ידוע</ManufactureCountry>
      <ManufacturerItemDescription>ג'ל כביסה ירוק 5 ליט</ManufacturerItemDescription>
      <UnitQty>ליטרים</UnitQty>
      <Quantity>5.00</Quantity>
      <UnitOfMeasure>ליטר    </UnitOfMeasure>
      <bIsWeighted>0</bIsWeighted>
      <QtyInPackage>לא ידוע</QtyInPackage>
      <ItemPrice>27.90</ItemPrice>
      <UnitOfMeasurePrice>5.5800</UnitOfMeasurePrice>
      <AllowDiscount>1</AllowDiscount>
      <ItemStatus>1</ItemStatus>
      <ItemId>223735</ItemId>
    </Item>
    <Item>
      <PriceUpdateDate>2025-08-26 11:54:00</PriceUpdateDate>
      <ItemCode>7290114310239</ItemCode>
      <ItemType>1</ItemType>
      <ItemName>חלב נטול לקטוז מועשר</ItemName>
      <ManufacturerName>לא ידוע</ManufacturerName>
      <ManufactureCountry>לא ידוע</ManufactureCountry>
      <ManufacturerItemDescription>חלב נטול לקטוז מועשר</ManufacturerItemDescription>
      <UnitQty>לא ידוע</UnitQty>
      <Quantity>1500.00</Quantity>
      <UnitOfMeasure>לא ידוע</UnitOfMeasure>
      <bIsWeighted>0</bIsWeighted>
      <QtyInPackage>לא ידוע</QtyInPackage>
      <ItemPrice>15.50</ItemPrice>
      <UnitOfMeasurePrice>0.0103</UnitOfMeasurePrice>
      <AllowDiscount>1</AllowDiscount>
      <ItemStatus>1</ItemStatus>
      <ItemId>239370</ItemId>
    </Item>
    <Item>
      <PriceUpdateDate>2025-08-28 12:43:17</PriceUpdateDate>
      <ItemCode>7290108503746</ItemCode>
      <ItemType>1</ItemType>
      <ItemName>חמאה מלוחה 200גר</ItemName>
      <ManufacturerName>לא ידוע</ManufacturerName>
      <ManufactureCountry>לא ידוע</ManufactureCountry>
      <ManufacturerItemDescription>חמאה מלוחה 200גר</ManufacturerItemDescription>
      <UnitQty>לא ידוע</UnitQty>
      <Quantity>200.00</Quantity>
      <UnitOfMeasure>לא ידוע</UnitOfMeasure>
      <bIsWeighted>0</bIsWeighted>
      <QtyInPackage>לא ידוע</QtyInPackage>
      <ItemPrice>19.50</ItemPrice>
      <UnitOfMeasurePrice>0.0975</UnitOfMeasurePrice>
      <AllowDiscount>1</AllowDiscount>
      <ItemStatus>1</ItemStatus>
      <ItemId>223792</ItemId>
    </Item>
    <Item>
      <PriceUpdateDate>2025-09-08 07:55:18</PriceUpdateDate>
      <ItemCode>7290112192882</ItemCode>
      <ItemType>1</ItemType>
      <ItemName>סנסודיין משחת שיניים</ItemName>
      <ManufacturerName>לא ידוע</ManufacturerName>
      <ManufactureCountry>לא ידוע</ManufactureCountry>
      <ManufacturerItemDescription>סנסודיין משחת שיניים</ManufacturerItemDescription>
      <UnitQty>לא ידוע</UnitQty>
      <Quantity>75.00</Quantity>
      <UnitOfMeasure>לא ידוע</UnitOfMeasure>
      <bIsWeighted>0</bIsWeighted>
      <QtyInPackage>לא ידוע</QtyInPackage>
      <ItemPrice>31.90</ItemPrice>
      <UnitOfMeasurePrice>0.4253</UnitOfMeasurePrice>
      <AllowDiscount>1</AllowDiscount>
      <ItemStatus>1</ItemStatus>
      <ItemId>223957</ItemId>
    </Item>
    <Item>
      <PriceUpdateDate>2025-09-08 07:59:46</PriceUpdateDate>
      <ItemCode>8121300206946</ItemCode>
      <ItemType>1</ItemType>
      <ItemName>טרוביה- סטיביה ממתיק</ItemName>
      <ManufacturerName>לא ידוע</ManufacturerName>
      <ManufactureCountry>לא ידוע</ManufactureCountry>
      <ManufacturerItemDescription>טרוביה- סטיביה ממתיק</ManufacturerItemDescription>
      <UnitQty>לא ידוע</UnitQty>
      <Quantity>80.00</Quantity>
      <UnitOfMeasure>לא ידוע</UnitOfMeasure>
      <bIsWeighted>0</bIsWeighted>
      <QtyInPackage>לא ידוע</QtyInPackage>
      <ItemPrice>30.90</ItemPrice>
      <UnitOfMeasurePrice>0.3862</UnitOfMeasurePrice>
      <AllowDiscount>1</AllowDiscount>
      <ItemStatus>1</ItemStatus>
      <ItemId>223959</ItemId>
    </Item>
    <Item>
      <PriceUpdateDate>2025-09-08 07:58:19</PriceUpdateDate>
      <ItemCode>8423207210287</ItemCode>
      <ItemType>1</ItemType>
      <ItemName>סלים דליס שוקולד לבן</ItemName>
      <ManufacturerName>לא ידוע</ManufacturerName>
      <ManufactureCountry>לא ידוע</ManufactureCountry>
      <ManufacturerItemDescription>סלים דליס שוקולד לבן</ManufacturerItemDescription>
      <UnitQty>לא ידוע</UnitQty>
      <Quantity>120.00</Quantity>
      <UnitOfMeasure>לא ידוע</UnitOfMeasure>
      <bIsWeighted>0</bIsWeighted>
      <QtyInPackage>לא ידוע</QtyInPackage>
      <ItemPrice>15.90</ItemPrice>
      <UnitOfMeasurePrice>0.1325</UnitOfMeasurePrice>
      <AllowDiscount>1</AllowDiscount>
      <ItemStatus>1</ItemStatus>
      <ItemId>223968</ItemId>
    </Item>
    <Item>
      <PriceUpdateDate>2025-08-26 11:15:24</PriceUpdateDate>
      <ItemCode>7290110329815</ItemCode>
      <ItemType>1</ItemType>
      <ItemName>סויה ביו מתיקות מעוד</ItemName>
      <ManufacturerName>לא ידוע</ManufacturerName>
      <ManufactureCountry>לא ידוע</ManufactureCountry>
      <ManufacturerItemDescription>סויה ביו מתיקות מעוד</ManufacturerItemDescription>
      <UnitQty>לא ידוע</UnitQty>
      <Quantity>150.00</Quantity>
      <UnitOfMeasure>לא ידוע</UnitOfMeasure>
      <bIsWeighted>0</bIsWeighted>
      <QtyInPackage>לא ידוע</QtyInPackage>
      <ItemPrice>5.80</ItemPrice>
      <UnitOfMeasurePrice>0.0387</UnitOfMeasurePrice>
      <AllowDiscount>1</AllowDiscount>
      <ItemStatus>1</ItemStatus>
      <ItemId>237144</ItemId>
    </Item>
    <Item>
      <PriceUpdateDate>2025-06-30 16:16:23</PriceUpdateDate>
      <ItemCode>7290000136776</ItemCode>
      <ItemType>1</ItemType>
      <ItemName>פפסי זירו 6*1.5ליטר</ItemName>
      <ManufacturerName>לא ידוע</ManufacturerName>
      <ManufactureCountry>לא ידוע</ManufactureCountry>
      <ManufacturerItemDescription>פפסי זירו 6*1.5ליטר</ManufacturerItemDescription>
      <UnitQty>לא ידוע</UnitQty>
      <Quantity>9000.00</Quantity>
      <UnitOfMeasure>לא ידוע</UnitOfMeasure>
      <bIsWeighted>0</bIsWeighted>
      <QtyInPackage>לא ידוע</QtyInPackage>
      <ItemPrice>36.90</ItemPrice>
      <UnitOfMeasurePrice>0.0041</UnitOfMeasurePrice>
      <AllowDiscount>1</AllowDiscount>
      <ItemStatus>1</ItemStatus>
      <ItemId>236806</ItemId>
    </Item>
    <Item>
      <PriceUpdateDate>2025-09-07 10:42:55</PriceUpdateDate>
      <ItemCode>7290111346088</ItemCode>
      <ItemType>1</ItemType>
      <ItemName>נייר טואלט מולט 30 ג</ItemName>
      <ManufacturerName>לא ידוע</ManufacturerName>
      <ManufactureCountry>לא ידוע</ManufactureCountry>
      <ManufacturerItemDescription>נייר טואלט מולט 30 ג</ManufacturerItemDescription>
      <UnitQty>יחידה   </UnitQty>
      <Quantity>0.00</Quantity>
      <UnitOfMeasure>יחידה   </UnitOfMeasure>
      <bIsWeighted>0</bIsWeighted>
      <QtyInPackage>לא ידוע</QtyInPackage>
      <ItemPrice>31.90</ItemPrice>
      <UnitOfMeasurePrice>0.0000</UnitOfMeasurePrice>
      <AllowDiscount>1</AllowDiscount>
      <ItemStatus>1</ItemStatus>
      <ItemId>246620</ItemId>
    </Item>
    <Item>
      <PriceUpdateDate>2025-09-03 11:27:35</PriceUpdateDate>
      <ItemCode>7290112492982</ItemCode>
      <ItemType>1</ItemType>
      <ItemName>קנור א.מרק פטריות רכ</ItemName>
      <ManufacturerName>לא ידוע</ManufacturerName>
      <ManufactureCountry>לא ידוע</ManufactureCountry>
      <ManufacturerItemDescription>קנור א.מרק פטריות רכ</ManufacturerItemDescription>
      <UnitQty>לא ידוע</UnitQty>
      <Quantity>400.00</Quantity>
      <UnitOfMeasure>לא ידוע</UnitOfMeasure>
      <bIsWeighted>0</bIsWeighted>
      <QtyInPackage>לא ידוע</QtyInPackage>
      <ItemPrice>32.90</ItemPrice>
      <UnitOfMeasurePrice>0.0822</UnitOfMeasurePrice>
      <AllowDiscount>1</AllowDiscount>
      <ItemStatus>1</ItemStatus>
      <ItemId>224048</ItemId>
    </Item>
    <Item>
      <PriceUpdateDate>2025-08-18 11:35:39</PriceUpdateDate>
      <ItemCode>59079798</ItemCode>
      <ItemType>1</ItemType>
      <ItemName>רקסונה רול און שאור</ItemName>
      <ManufacturerName>לא ידוע</ManufacturerName>
      <ManufactureCountry>לא ידוע</ManufactureCountry>
      <ManufacturerItemDescription>רקסונה רול און שאור</ManufacturerItemDescription>
      <UnitQty>לא ידוע</UnitQty>
      <Quantity>50.00</Quantity>
      <UnitOfMeasure>לא ידוע</UnitOfMeasure>
      <bIsWeighted>0</bIsWeighted>
      <QtyInPackage>לא ידוע</QtyInPackage>
      <ItemPrice>17.50</ItemPrice>
      <UnitOfMeasurePrice>0.3500</UnitOfMeasurePrice>
      <AllowDiscount>1</AllowDiscount>
      <ItemStatus>1</ItemStatus>
      <ItemId>224049</ItemId>
    </Item>
    <Item>
      <PriceUpdateDate>2025-09-03 11:27:32</PriceUpdateDate>
      <ItemCode>7290112492531</ItemCode>
      <ItemType>1</ItemType>
      <ItemName>מרכך לשיער רגיל 700</ItemName>
      <ManufacturerName>לא ידוע</ManufacturerName>
      <ManufactureCountry>לא ידוע</ManufactureCountry>
      <ManufacturerItemDescription>מרכך לשיער רגיל 700</ManufacturerItemDescription>
      <UnitQty>לא ידוע</UnitQty>
      <Quantity>700.00</Quantity>
      <UnitOfMeasure>לא ידוע</UnitOfMeasure>
      <bIsWeighted>0</bIsWeighted>
      <QtyInPackage>לא ידוע</QtyInPackage>
      <ItemPrice>15.90</ItemPrice>
      <UnitOfMeasurePrice>0.0227</UnitOfMeasurePrice>
      <AllowDiscount>1</AllowDiscount>
      <ItemStatus>1</ItemStatus>
      <ItemId>224050</ItemId>
    </Item>
    <Item>
      <PriceUpdateDate>2025-09-03 11:27:33</PriceUpdateDate>
      <ItemCode>7290112492647</ItemCode>
      <ItemType>1</ItemType>
      <ItemName>פינוק שמפו לגבר 3 ב1</ItemName>
      <ManufacturerName>לא ידוע</ManufacturerName>
      <ManufactureCountry>לא ידוע</ManufactureCountry>
      <ManufacturerItemDescription>פינוק שמפו לגבר 3 ב1</ManufacturerItemDescription>
      <UnitQty>לא ידוע</UnitQty>
      <Quantity>700.00</Quantity>
      <UnitOfMeasure>לא ידוע</UnitOfMeasure>
      <bIsWeighted>0</bIsWeighted>
      <QtyInPackage>לא ידוע</QtyInPackage>
      <ItemPrice>15.90</ItemPrice>
      <UnitOfMeasurePrice>0.0227</UnitOfMeasurePrice>
      <AllowDiscount>1</AllowDiscount>
      <ItemStatus>1</ItemStatus>
      <ItemId>224059</ItemId>
    </Item>
    <Item>
      <PriceUpdateDate>2025-09-03 11:27:33</PriceUpdateDate>
      <ItemCode>7290112492630</ItemCode>
      <ItemType>1</ItemType>
      <ItemName>שמפו 3ב1 לגבר פינוק</ItemName>
      <ManufacturerName>לא ידוע</ManufacturerName>
      <ManufactureCountry>לא ידוע</ManufactureCountry>
      <ManufacturerItemDescription>שמפו 3ב1 לגבר פינוק</ManufacturerItemDescription>
      <UnitQty>לא ידוע</UnitQty>
      <Quantity>700.00</Quantity>
      <UnitOfMeasure>לא ידוע</UnitOfMeasure>
      <bIsWeighted>0</bIsWeighted>
      <QtyInPackage>לא ידוע</QtyInPackage>
      <ItemPrice>15.90</ItemPrice>
      <UnitOfMeasurePrice>0.0227</UnitOfMeasurePrice>
      <AllowDiscount>1</AllowDiscount>
      <ItemStatus>1</ItemStatus>
      <ItemId>224060</ItemId>
    </Item>
    <Item>
      <PriceUpdateDate>2025-12-29 14:55:31</PriceUpdateDate>
      <ItemCode>7290112493934</ItemCode>
      <ItemType>1</ItemType>
      <ItemName>קרמיסימו וניל 1.33 ל</ItemName>
      <ManufacturerName>לא ידוע</ManufacturerName>
      <ManufactureCountry>לא ידוע</ManufactureCountry>
      <ManufacturerItemDescription>קרמיסימו וניל 1.33 ל</ManufacturerItemDescription>
      <UnitQty>לא ידוע</UnitQty>
      <Quantity>1330.00</Quantity>
      <UnitOfMeasure>לא ידוע</UnitOfMeasure>
      <bIsWeighted>0</bIsWeighted>
      <QtyInPackage>לא ידוע</QtyInPackage>
      <ItemPrice>27.90</ItemPrice>
      <UnitOfMeasurePrice>0.0210</UnitOfMeasurePrice>
      <AllowDiscount>1</AllowDiscount>
      <ItemStatus>1</ItemStatus>
      <ItemId>224062</ItemId>
    </Item>
    <Item>
      <PriceUpdateDate>2025-08-31 10:16:11</PriceUpdateDate>
      <ItemCode>7290019400226</ItemCode>
      <ItemType>1</ItemType>
      <ItemName>מיאסי 220 גרם</ItemName>
      <ManufacturerName>פריטי המותג של יאיר</ManufacturerName>
      <ManufactureCountry>לא ידוע</ManufactureCountry>
      <ManufacturerItemDescription>מיאסי 220 גרם</ManufacturerItemDescription>
      <UnitQty>לא ידוע</UnitQty>
      <Quantity>220.00</Quantity>
      <UnitOfMeasure>לא ידוע</UnitOfMeasure>
      <bIsWeighted>0</bIsWeighted>
      <QtyInPackage>לא ידוע</QtyInPackage>
      <ItemPrice>15.90</ItemPrice>
      <UnitOfMeasurePrice>0.0723</UnitOfMeasurePrice>
      <AllowDiscount>1</AllowDiscount>
      <ItemStatus>1</ItemStatus>
      <ItemId>245982</ItemId>
    </Item>
    <Item>
      <PriceUpdateDate>2025-08-19 11:31:06</PriceUpdateDate>
      <ItemCode>7290000318905</ItemCode>
      <ItemType>1</ItemType>
      <ItemName>סלמי קוניאק 300 גרם</ItemName>
      <ManufacturerName>קריות זול</ManufacturerName>
      <ManufactureCountry>לא ידוע</ManufactureCountry>
      <ManufacturerItemDescription>סלמי קוניאק 300 גרם</ManufacturerItemDescription>
      <UnitQty>לא ידוע</UnitQty>
      <Quantity>300.00</Quantity>
      <UnitOfMeasure>לא ידוע</UnitOfMeasure>
      <bIsWeighted>0</bIsWeighted>
      <QtyInPackage>לא ידוע</QtyInPackage>
      <ItemPrice>38.90</ItemPrice>
      <UnitOfMeasurePrice>0.1297</UnitOfMeasurePrice>
      <AllowDiscount>1</AllowDiscount>
      <ItemStatus>1</ItemStatus>
      <ItemId>252179</ItemId>
    </Item>
    <Item>
      <PriceUpdateDate>2025-08-26 11:14:29</PriceUpdateDate>
      <ItemCode>7290119375356</ItemCode>
      <ItemType>1</ItemType>
      <ItemName>דנונה מולטי קולגן 20</ItemName>
      <ManufacturerName>לא ידוע</ManufacturerName>
      <ManufactureCountry>לא ידוע</ManufactureCountry>
      <ManufacturerItemDescription>דנונה מולטי קולגן 20</ManufacturerItemDescription>
      <UnitQty>לא ידוע</UnitQty>
      <Quantity>200.00</Quantity>
      <UnitOfMeasure>לא ידוע</UnitOfMeasure>
      <bIsWeighted>0</bIsWeighted>
      <QtyInPackage>לא ידוע</QtyInPackage>
      <ItemPrice>6.50</ItemPrice>
      <UnitOfMeasurePrice>0.0325</UnitOfMeasurePrice>
      <AllowDiscount>1</AllowDiscount>
      <ItemStatus>1</ItemStatus>
      <ItemId>251141</ItemId>
    </Item>
    <Item>
      <PriceUpdateDate>2024-01-01 11:16:58</PriceUpdateDate>
      <ItemCode>7290000002774</ItemCode>
      <ItemType>1</ItemType>
      <ItemName>טחון בשר טרי</ItemName>
      <ManufacturerName>לא ידוע</ManufacturerName>
      <ManufactureCountry>לא ידוע</ManufactureCountry>
      <ManufacturerItemDescription>טחון בשר טרי</ManufacturerItemDescription>
      <UnitQty>קילוגרמים</UnitQty>
      <Quantity>1.00</Quantity>
      <UnitOfMeasure>ק"ג</UnitOfMeasure>
      <bIsWeighted>1</bIsWeighted>
      <QtyInPackage>לא ידוע</QtyInPackage>
      <ItemPrice>69.90</ItemPrice>
      <UnitOfMeasurePrice>69.9000</UnitOfMeasurePrice>
      <AllowDiscount>1</AllowDiscount>
      <ItemStatus>1</ItemStatus>
      <ItemId>240818</ItemId>
    </Item>
    <Item>
      <PriceUpdateDate>2025-11-02 11:36:18</PriceUpdateDate>
      <ItemCode>7290110557478</ItemCode>
      <ItemType>1</ItemType>
      <ItemName>אחלה חומוס גלילי 600</ItemName>
      <ManufacturerName>לא ידוע</ManufacturerName>
      <ManufactureCountry>לא ידוע</ManufactureCountry>
      <ManufacturerItemDescription>אחלה חומוס גלילי 600</ManufacturerItemDescription>
      <UnitQty>לא ידוע</UnitQty>
      <Quantity>600.00</Quantity>
      <UnitOfMeasure>לא ידוע</UnitOfMeasure>
      <bIsWeighted>0</bIsWeighted>
      <QtyInPackage>לא ידוע</QtyInPackage>
      <ItemPrice>15.50</ItemPrice>
      <UnitOfMeasurePrice>0.0258</UnitOfMeasurePrice>
      <AllowDiscount>1</AllowDiscount>
      <ItemStatus>1</ItemStatus>
      <ItemId>238125</ItemId>
    </Item>
    <Item>
      <PriceUpdateDate>2025-08-27 11:29:52</PriceUpdateDate>
      <ItemCode>7290015172219</ItemCode>
      <ItemType>1</ItemType>
      <ItemName>גיוזה עוף פקאן דים ס</ItemName>
      <ManufacturerName>לא ידוע</ManufacturerName>
      <ManufactureCountry>לא ידוע</ManufactureCountry>
      <ManufacturerItemDescription>גיוזה עוף פקאן דים ס</ManufacturerItemDescription>
      <UnitQty>לא ידוע</UnitQty>
      <Quantity>270.00</Quantity>
      <UnitOfMeasure>לא ידוע</UnitOfMeasure>
      <bIsWeighted>0</bIsWeighted>
      <QtyInPackage>לא ידוע</QtyInPackage>
      <ItemPrice>34.90</ItemPrice>
      <UnitOfMeasurePrice>0.1293</UnitOfMeasurePrice>
      <AllowDiscount>1</AllowDiscount>
      <ItemStatus>1</ItemStatus>
      <ItemId>246225</ItemId>
    </Item>
    <Item>
      <PriceUpdateDate>2025-08-26 16:05:30</PriceUpdateDate>
      <ItemCode>7290115205312</ItemCode>
      <ItemType>1</ItemType>
      <ItemName>פיטנס קרקר דק זיתים</ItemName>
      <ManufacturerName>לא ידוע</ManufacturerName>
      <ManufactureCountry>לא ידוע</ManufactureCountry>
      <ManufacturerItemDescription>פיטנס קרקר דק זיתים</ManufacturerItemDescription>
      <UnitQty>לא ידוע</UnitQty>
      <Quantity>140.00</Quantity>
      <UnitOfMeasure>לא ידוע</UnitOfMeasure>
      <bIsWeighted>0</bIsWeighted>
      <QtyInPackage>לא ידוע</QtyInPackage>
      <ItemPrice>14.50</ItemPrice>
      <UnitOfMeasurePrice>0.1036</UnitOfMeasurePrice>
      <AllowDiscount>1</AllowDiscount>
      <ItemStatus>1</ItemStatus>
      <ItemId>238070</ItemId>
    </Item>
    <Item>
      <PriceUpdateDate>2025-09-08 07:58:39</PriceUpdateDate>
      <ItemCode>8718951689756</ItemCode>
      <ItemType>1</ItemType>
      <ItemName>קולגייט משחת שיניים</ItemName>
      <ManufacturerName>לא ידוע</ManufacturerName>
      <ManufactureCountry>לא ידוע</ManufactureCountry>
      <ManufacturerItemDescription>קולגייט משחת שיניים</ManufacturerItemDescription>
      <UnitQty>לא ידוע</UnitQty>
      <Quantity>100.00</Quantity>
      <UnitOfMeasure>לא ידוע</UnitOfMeasure>
      <bIsWeighted>0</bIsWeighted>
      <QtyInPackage>לא ידוע</QtyInPackage>
      <ItemPrice>21.90</ItemPrice>
      <UnitOfMeasurePrice>0.2190</UnitOfMeasurePrice>
      <AllowDiscount>1</AllowDiscount>
      <ItemStatus>1</ItemStatus>
      <ItemId>254741</ItemId>
    </Item>
    <Item>
      <PriceUpdateDate>2025-11-16 13:43:30</PriceUpdateDate>
      <ItemCode>7290111010279</ItemCode>
      <ItemType>1</ItemType>
      <ItemName>שלישיית מגבונים סן ר</ItemName>
      <ManufacturerName>פריטי המותג של יאיר</ManufacturerName>
      <ManufactureCountry>לא ידוע</ManufactureCountry>
      <ManufacturerItemDescription>שלישיית מגבונים סן ר</ManufacturerItemDescription>
      <UnitQty>יחידה   </UnitQty>
      <Quantity>0.00</Quantity>
      <UnitOfMeasure>יחידה   </UnitOfMeasure>
      <bIsWeighted>0</bIsWeighted>
      <QtyInPackage>לא ידוע</QtyInPackage>
      <ItemPrice>15.90</ItemPrice>
      <UnitOfMeasurePrice>0.0000</UnitOfMeasurePrice>
      <AllowDiscount>1</AllowDiscount>
      <ItemStatus>1</ItemStatus>
      <ItemId>224112</ItemId>
    </Item>
    <Item>
      <PriceUpdateDate>2025-08-21 12:21:51</PriceUpdateDate>
      <ItemCode>7290102399796</ItemCode>
      <ItemType>1</ItemType>
      <ItemName>מולר אקטיב 25 יוגורט</ItemName>
      <ManufacturerName>לא ידוע</ManufacturerName>
      <ManufactureCountry>לא ידוע</ManufactureCountry>
      <ManufacturerItemDescription>מולר אקטיב 25 יוגורט</ManufacturerItemDescription>
      <UnitQty>לא ידוע</UnitQty>
      <Quantity>200.00</Quantity>
      <UnitOfMeasure>לא ידוע</UnitOfMeasure>
      <bIsWeighted>0</bIsWeighted>
      <QtyInPackage>לא ידוע</QtyInPackage>
      <ItemPrice>7.80</ItemPrice>
      <UnitOfMeasurePrice>0.0390</UnitOfMeasurePrice>
      <AllowDiscount>1</AllowDiscount>
      <ItemStatus>1</ItemStatus>
      <ItemId>224126</ItemId>
    </Item>
    <Item>
      <PriceUpdateDate>2025-08-21 12:21:51</PriceUpdateDate>
      <ItemCode>7290102399802</ItemCode>
      <ItemType>1</ItemType>
      <ItemName>מולר אקטיב יוגורט 20</ItemName>
      <ManufacturerName>לא ידוע</ManufacturerName>
      <ManufactureCountry>לא ידוע</ManufactureCountry>
      <ManufacturerItemDescription>מולר אקטיב יוגורט 20</ManufacturerItemDescription>
      <UnitQty>לא ידוע</UnitQty>
      <Quantity>200.00</Quantity>
      <UnitOfMeasure>לא ידוע</UnitOfMeasure>
      <bIsWeighted>0</bIsWeighted>
      <QtyInPackage>לא ידוע</QtyInPackage>
      <ItemPrice>7.80</ItemPrice>
      <UnitOfMeasurePrice>0.0390</UnitOfMeasurePrice>
      <AllowDiscount>1</AllowDiscount>
      <ItemStatus>1</ItemStatus>
      <ItemId>224128</ItemId>
    </Item>
    <Item>
      <PriceUpdateDate>2025-09-08 07:57:24</PriceUpdateDate>
      <ItemCode>8711000371244</ItemCode>
      <ItemType>1</ItemType>
      <ItemName>גקובס קפסולות קפה אס</ItemName>
      <ManufacturerName>לא ידוע</ManufacturerName>
      <ManufactureCountry>לא ידוע</ManufactureCountry>
      <ManufacturerItemDescription>גקובס קפסולות קפה אס</ManufacturerItemDescription>
      <UnitQty>לא ידוע</UnitQty>
      <Quantity>52.00</Quantity>
      <UnitOfMeasure>לא ידוע</UnitOfMeasure>
      <bIsWeighted>0</bIsWeighted>
      <QtyInPackage>לא ידוע</QtyInPackage>
      <ItemPrice>18.90</ItemPrice>
      <UnitOfMeasurePrice>0.3635</UnitOfMeasurePrice>
      <AllowDiscount>1</AllowDiscount>
      <ItemStatus>1</ItemStatus>
      <ItemId>224130</ItemId>
    </Item>
    <Item>
      <PriceUpdateDate>2025-09-07 10:42:49</PriceUpdateDate>
      <ItemCode>7290111342738</ItemCode>
      <ItemType>1</ItemType>
      <ItemName>לילי נייר טואלט לח ק</ItemName>
      <ManufacturerName>לא ידוע</ManufacturerName>
      <ManufactureCountry>לא ידוע</ManufactureCountry>
      <ManufacturerItemDescription>לילי נייר טואלט לח ק</ManufacturerItemDescription>
      <UnitQty>יחידה   </UnitQty>
      <Quantity>0.00</Quantity>
      <UnitOfMeasure>יחידה   </UnitOfMeasure>
      <bIsWeighted>0</bIsWeighted>
      <QtyInPackage>לא ידוע</QtyInPackage>
      <ItemPrice>23.90</ItemPrice>
      <UnitOfMeasurePrice>0.0000</UnitOfMeasurePrice>
      <AllowDiscount>1</AllowDiscount>
      <ItemStatus>1</ItemStatus>
      <ItemId>224139</ItemId>
    </Item>
    <Item>
      <PriceUpdateDate>2025-09-03 11:27:35</PriceUpdateDate>
      <ItemCode>7290112492999</ItemCode>
      <ItemType>1</ItemType>
      <ItemName>מרק טעם עוף קנור בד"</ItemName>
      <ManufacturerName>לא ידוע</ManufacturerName>
      <ManufactureCountry>לא ידוע</ManufactureCountry>
      <ManufacturerItemDescription>מרק טעם עוף קנור בד"</ManufacturerItemDescription>
      <UnitQty>לא ידוע</UnitQty>
      <Quantity>400.00</Quantity>
      <UnitOfMeasure>לא ידוע</UnitOfMeasure>
      <bIsWeighted>0</bIsWeighted>
      <QtyInPackage>לא ידוע</QtyInPackage>
      <ItemPrice>21.90</ItemPrice>
      <UnitOfMeasurePrice>0.0547</UnitOfMeasurePrice>
      <AllowDiscount>1</AllowDiscount>
      <ItemStatus>1</ItemStatus>
      <ItemId>224140</ItemId>
    </Item>
    <Item>
      <PriceUpdateDate>2025-09-03 11:27:37</PriceUpdateDate>
      <ItemCode>7290112494801</ItemCode>
      <ItemType>1</ItemType>
      <ItemName>בדין גל כביסה לבנה ו</ItemName>
      <ManufacturerName>לא ידוע</ManufacturerName>
      <ManufactureCountry>לא ידוע</ManufactureCountry>
      <ManufacturerItemDescription>בדין גל כביסה לבנה ו</ManufacturerItemDescription>
      <UnitQty>ליטרים</UnitQty>
      <Quantity>2.50</Quantity>
      <UnitOfMeasure>ליטר    </UnitOfMeasure>
      <bIsWeighted>0</bIsWeighted>
      <QtyInPackage>לא ידוע</QtyInPackage>
      <ItemPrice>38.90</ItemPrice>
      <UnitOfMeasurePrice>15.5600</UnitOfMeasurePrice>
      <AllowDiscount>1</AllowDiscount>
      <ItemStatus>1</ItemStatus>
      <ItemId>224144</ItemId>
    </Item>
    <Item>
      <PriceUpdateDate>2025-08-26 16:05:16</PriceUpdateDate>
      <ItemCode>7290112967572</ItemCode>
      <ItemType>1</ItemType>
      <ItemName>רוטב ברבקיו אוסם 290</ItemName>
      <ManufacturerName>לא ידוע</ManufacturerName>
      <ManufactureCountry>לא ידוע</ManufactureCountry>
      <ManufacturerItemDescription>רוטב ברבקיו אוסם 290</ManufacturerItemDescription>
      <UnitQty>לא ידוע</UnitQty>
      <Quantity>290.00</Quantity>
      <UnitOfMeasure>לא ידוע</UnitOfMeasure>
      <bIsWeighted>0</bIsWeighted>
      <QtyInPackage>לא ידוע</QtyInPackage>
      <ItemPrice>16.50</ItemPrice>
      <UnitOfMeasurePrice>0.0569</UnitOfMeasurePrice>
      <AllowDiscount>1</AllowDiscount>
      <ItemStatus>1</ItemStatus>
      <ItemId>224152</ItemId>
    </Item>
    <Item>
      <PriceUpdateDate>2025-08-26 16:05:06</PriceUpdateDate>
      <ItemCode>7290112965141</ItemCode>
      <ItemType>1</ItemType>
      <ItemName>תבשיל פתיתים אפויים</ItemName>
      <ManufacturerName>לא ידוע</ManufacturerName>
      <ManufactureCountry>לא ידוע</ManufactureCountry>
      <ManufacturerItemDescription>תבשיל פתיתים אפויים</ManufacturerItemDescription>
      <UnitQty>לא ידוע</UnitQty>
      <Quantity>130.00</Quantity>
      <UnitOfMeasure>לא ידוע</UnitOfMeasure>
      <bIsWeighted>0</bIsWeighted>
      <QtyInPackage>לא ידוע</QtyInPackage>
      <ItemPrice>13.90</ItemPrice>
      <UnitOfMeasurePrice>0.1069</UnitOfMeasurePrice>
      <AllowDiscount>1</AllowDiscount>
      <ItemStatus>1</ItemStatus>
      <ItemId>224156</ItemId>
    </Item>
    <Item>
      <PriceUpdateDate>2025-08-26 16:05:07</PriceUpdateDate>
      <ItemCode>7290112965325</ItemCode>
      <ItemType>1</ItemType>
      <ItemName>תבשיל אורז ספרדי אסם</ItemName>
      <ManufacturerName>לא ידוע</ManufacturerName>
      <ManufactureCountry>לא ידוע</ManufactureCountry>
      <ManufacturerItemDescription>תבשיל אורז ספרדי אסם</ManufacturerItemDescription>
      <UnitQty>לא ידוע</UnitQty>
      <Quantity>140.00</Quantity>
      <UnitOfMeasure>לא ידוע</UnitOfMeasure>
      <bIsWeighted>0</bIsWeighted>
      <QtyInPackage>לא ידוע</QtyInPackage>
      <ItemPrice>14.90</ItemPrice>
      <UnitOfMeasurePrice>0.1064</UnitOfMeasurePrice>
      <AllowDiscount>1</AllowDiscount>
      <ItemStatus>1</ItemStatus>
      <ItemId>224158</ItemId>
    </Item>
    <Item>
      <PriceUpdateDate>2025-08-26 16:05:11</PriceUpdateDate>
      <ItemCode>7290112966124</ItemCode>
      <ItemType>1</ItemType>
      <ItemName>פתי בר מופחת סוכר אס</ItemName>
      <ManufacturerName>לא ידוע</ManufacturerName>
      <ManufactureCountry>לא ידוע</ManufactureCountry>
      <ManufacturerItemDescription>פתי בר מופחת סוכר אס</ManufacturerItemDescription>
      <UnitQty>לא ידוע</UnitQty>
      <Quantity>500.00</Quantity>
      <UnitOfMeasure>לא ידוע</UnitOfMeasure>
      <bIsWeighted>0</bIsWeighted>
      <QtyInPackage>לא ידוע</QtyInPackage>
      <ItemPrice>15.90</ItemPrice>
      <UnitOfMeasurePrice>0.0318</UnitOfMeasurePrice>
      <AllowDiscount>1</AllowDiscount>
      <ItemStatus>1</ItemStatus>
      <ItemId>224176</ItemId>
    </Item>
    <Item>
      <PriceUpdateDate>2025-08-26 16:05:13</PriceUpdateDate>
      <ItemCode>7290112966766</ItemCode>
      <ItemType>1</ItemType>
      <ItemName>טחינה באלדי חציל עגב</ItemName>
      <ManufacturerName>לא ידוע</ManufacturerName>
      <ManufactureCountry>לא ידוע</ManufactureCountry>
      <ManufacturerItemDescription>טחינה באלדי חציל עגב</ManufacturerItemDescription>
      <UnitQty>לא ידוע</UnitQty>
      <Quantity>350.00</Quantity>
      <UnitOfMeasure>לא ידוע</UnitOfMeasure>
      <bIsWeighted>0</bIsWeighted>
      <QtyInPackage>לא ידוע</QtyInPackage>
      <ItemPrice>18.90</ItemPrice>
      <UnitOfMeasurePrice>0.0540</UnitOfMeasurePrice>
      <AllowDiscount>1</AllowDiscount>
      <ItemStatus>1</ItemStatus>
      <ItemId>224190</ItemId>
    </Item>
    <Item>
      <PriceUpdateDate>2025-08-26 16:06:14</PriceUpdateDate>
      <ItemCode>7613034146656</ItemCode>
      <ItemType>1</ItemType>
      <ItemName>פורינה מיני בוגר בקר</ItemName>
      <ManufacturerName>לא ידוע</ManufacturerName>
      <ManufactureCountry>לא ידוע</ManufactureCountry>
      <ManufacturerItemDescription>פורינה מיני בוגר בקר</ManufacturerItemDescription>
      <UnitQty>לא ידוע</UnitQty>
      <Quantity>1500.00</Quantity>
      <UnitOfMeasure>לא ידוע</UnitOfMeasure>
      <bIsWeighted>0</bIsWeighted>
      <QtyInPackage>לא ידוע</QtyInPackage>
      <ItemPrice>62.90</ItemPrice>
      <UnitOfMeasurePrice>0.0419</UnitOfMeasurePrice>
      <AllowDiscount>1</AllowDiscount>
      <ItemStatus>1</ItemStatus>
      <ItemId>224195</ItemId>
    </Item>
    <Item>
      <PriceUpdateDate>2025-08-26 11:13:28</PriceUpdateDate>
      <ItemCode>7290112344724</ItemCode>
      <ItemType>1</ItemType>
      <ItemName>מילקי בטעם שוקולד בל</ItemName>
      <ManufacturerName>לא ידוע</ManufacturerName>
      <ManufactureCountry>לא ידוע</ManufactureCountry>
      <ManufacturerItemDescription>מילקי בטעם שוקולד בל</ManufacturerItemDescription>
      <UnitQty>לא ידוע</UnitQty>
      <Quantity>133.00</Quantity>
      <UnitOfMeasure>לא ידוע</UnitOfMeasure>
      <bIsWeighted>0</bIsWeighted>
      <QtyInPackage>לא ידוע</QtyInPackage>
      <ItemPrice>3.90</ItemPrice>
      <UnitOfMeasurePrice>0.0293</UnitOfMeasurePrice>
      <AllowDiscount>1</AllowDiscount>
      <ItemStatus>1</ItemStatus>
      <ItemId>224241</ItemId>
    </Item>
    <Item>
      <PriceUpdateDate>2025-08-19 11:31:00</PriceUpdateDate>
      <ItemCode>7290000318400</ItemCode>
      <ItemType>1</ItemType>
      <ItemName>פסטרמה בקר בסגנון רו</ItemName>
      <ManufacturerName>קריות זול</ManufacturerName>
      <ManufactureCountry>לא ידוע</ManufactureCountry>
      <ManufacturerItemDescription>פסטרמה בקר בסגנון רו</ManufacturerItemDescription>
      <UnitQty>לא ידוע</UnitQty>
      <Quantity>250.00</Quantity>
      <UnitOfMeasure>לא ידוע</UnitOfMeasure>
      <bIsWeighted>0</bIsWeighted>
      <QtyInPackage>לא ידוע</QtyInPackage>
      <ItemPrice>38.90</ItemPrice>
      <UnitOfMeasurePrice>0.1556</UnitOfMeasurePrice>
      <AllowDiscount>1</AllowDiscount>
      <ItemStatus>1</ItemStatus>
      <ItemId>224344</ItemId>
    </Item>
    <Item>
      <PriceUpdateDate>2025-12-23 07:16:27</PriceUpdateDate>
      <ItemCode>7290006199027</ItemCode>
      <ItemType>1</ItemType>
      <ItemName>שמיניית גלידל וניל מ</ItemName>
      <ManufacturerName>לא ידוע</ManufacturerName>
      <ManufactureCountry>לא ידוע</ManufactureCountry>
      <ManufacturerItemDescription>שמיניית גלידל וניל מ</ManufacturerItemDescription>
      <UnitQty>לא ידוע</UnitQty>
      <Quantity>8.00</Quantity>
      <UnitOfMeasure>לא ידוע</UnitOfMeasure>
      <bIsWeighted>0</bIsWeighted>
      <QtyInPackage>לא ידוע</QtyInPackage>
      <ItemPrice>38.90</ItemPrice>
      <UnitOfMeasurePrice>4.8625</UnitOfMeasurePrice>
      <AllowDiscount>1</AllowDiscount>
      <ItemStatus>1</ItemStatus>
      <ItemId>224484</ItemId>
    </Item>
    <Item>
      <PriceUpdateDate>2025-08-19 11:25:04</PriceUpdateDate>
      <ItemCode>7290004030018</ItemCode>
      <ItemType>1</ItemType>
      <ItemName>מיץ לימון סחוט לסלטי</ItemName>
      <ManufacturerName>לא ידוע</ManufacturerName>
      <ManufactureCountry>לא ידוע</ManufactureCountry>
      <ManufacturerItemDescription>מיץ לימון סחוט לסלטי</ManufacturerItemDescription>
      <UnitQty>לא ידוע</UnitQty>
      <Quantity>500.00</Quantity>
      <UnitOfMeasure>לא ידוע</UnitOfMeasure>
      <bIsWeighted>0</bIsWeighted>
      <QtyInPackage>לא ידוע</QtyInPackage>
      <ItemPrice>9.60</ItemPrice>
      <UnitOfMeasurePrice>0.0192</UnitOfMeasurePrice>
      <AllowDiscount>1</AllowDiscount>
      <ItemStatus>1</ItemStatus>
      <ItemId>224490</ItemId>
    </Item>
    <Item>
      <PriceUpdateDate>2025-08-31 08:42:32</PriceUpdateDate>
      <ItemCode>7290001041130</ItemCode>
      <ItemType>1</ItemType>
      <ItemName>ממרח תמרים 450 גרם</ItemName>
      <ManufacturerName>לא ידוע</ManufacturerName>
      <ManufactureCountry>לא ידוע</ManufactureCountry>
      <ManufacturerItemDescription>ממרח תמרים 450 גרם</ManufacturerItemDescription>
      <UnitQty>לא ידוע</UnitQty>
      <Quantity>450.00</Quantity>
      <UnitOfMeasure>לא ידוע</UnitOfMeasure>
      <bIsWeighted>0</bIsWeighted>
      <QtyInPackage>לא ידוע</QtyInPackage>
      <ItemPrice>7.90</ItemPrice>
      <UnitOfMeasurePrice>0.0176</UnitOfMeasurePrice>
      <AllowDiscount>1</AllowDiscount>
      <ItemStatus>1</ItemStatus>
      <ItemId>224553</ItemId>
    </Item>
    <Item>
      <PriceUpdateDate>2025-12-03 22:50:21</PriceUpdateDate>
      <ItemCode>7290112017697</ItemCode>
      <ItemType>1</ItemType>
      <ItemName>רוטב שזיפים 400 מ"ל</ItemName>
      <ManufacturerName>לא ידוע</ManufacturerName>
      <ManufactureCountry>לא ידוע</ManufactureCountry>
      <ManufacturerItemDescription>רוטב שזיפים 400 מ"ל</ManufacturerItemDescription>
      <UnitQty>לא ידוע</UnitQty>
      <Quantity>400.00</Quantity>
      <UnitOfMeasure>לא ידוע</UnitOfMeasure>
      <bIsWeighted>0</bIsWeighted>
      <QtyInPackage>לא ידוע</QtyInPackage>
      <ItemPrice>16.90</ItemPrice>
      <UnitOfMeasurePrice>0.0422</UnitOfMeasurePrice>
      <AllowDiscount>1</AllowDiscount>
      <ItemStatus>1</ItemStatus>
      <ItemId>256704</ItemId>
    </Item>
    <Item>
      <PriceUpdateDate>2025-08-19 18:19:37</PriceUpdateDate>
      <ItemCode>7290013389077</ItemCode>
      <ItemType>1</ItemType>
      <ItemName>טורטיית קמח חיטה שיש</ItemName>
      <ManufacturerName>לא ידוע</ManufacturerName>
      <ManufactureCountry>לא ידוע</ManufactureCountry>
      <ManufacturerItemDescription>טורטיית קמח חיטה שיש</ManufacturerItemDescription>
      <UnitQty>לא ידוע</UnitQty>
      <Quantity>420.00</Quantity>
      <UnitOfMeasure>לא ידוע</UnitOfMeasure>
      <bIsWeighted>0</bIsWeighted>
      <QtyInPackage>לא ידוע</QtyInPackage>
      <ItemPrice>10.90</ItemPrice>
      <UnitOfMeasurePrice>0.0260</UnitOfMeasurePrice>
      <AllowDiscount>1</AllowDiscount>
      <ItemStatus>1</ItemStatus>
      <ItemId>224595</ItemId>
    </Item>
    <Item>
      <PriceUpdateDate>2025-09-07 08:02:49</PriceUpdateDate>
      <ItemCode>7290113192508</ItemCode>
      <ItemType>1</ItemType>
      <ItemName>מלפפון במלח קטנים 13</ItemName>
      <ManufacturerName>לא ידוע</ManufacturerName>
      <ManufactureCountry>לא ידוע</ManufactureCountry>
      <ManufacturerItemDescription>מלפפון במלח קטנים 13</ManufacturerItemDescription>
      <UnitQty>לא ידוע</UnitQty>
      <Quantity>320.00</Quantity>
      <UnitOfMeasure>לא ידוע</UnitOfMeasure>
      <bIsWeighted>0</bIsWeighted>
      <QtyInPackage>לא ידוע</QtyInPackage>
      <ItemPrice>14.90</ItemPrice>
      <UnitOfMeasurePrice>0.0466</UnitOfMeasurePrice>
      <AllowDiscount>1</AllowDiscount>
      <ItemStatus>1</ItemStatus>
      <ItemId>231073</ItemId>
    </Item>
    <Item>
      <PriceUpdateDate>2025-09-07 08:02:50</PriceUpdateDate>
      <ItemCode>7290113192522</ItemCode>
      <ItemType>1</ItemType>
      <ItemName>מלפפון 18/25בחומץ קט</ItemName>
      <ManufacturerName>לא ידוע</ManufacturerName>
      <ManufactureCountry>לא ידוע</ManufactureCountry>
      <ManufacturerItemDescription>מלפפון 18/25בחומץ קט</ManufacturerItemDescription>
      <UnitQty>לא ידוע</UnitQty>
      <Quantity>290.00</Quantity>
      <UnitOfMeasure>לא ידוע</UnitOfMeasure>
      <bIsWeighted>0</bIsWeighted>
      <QtyInPackage>לא ידוע</QtyInPackage>
      <ItemPrice>15.90</ItemPrice>
      <UnitOfMeasurePrice>0.0548</UnitOfMeasurePrice>
      <AllowDiscount>1</AllowDiscount>
      <ItemStatus>1</ItemStatus>
      <ItemId>231078</ItemId>
    </Item>
    <Item>
      <PriceUpdateDate>2025-09-08 08:14:12</PriceUpdateDate>
      <ItemCode>7297534055542</ItemCode>
      <ItemType>1</ItemType>
      <ItemName>מטריה נשים סיליקון צ</ItemName>
      <ManufacturerName>לא ידוע</ManufacturerName>
      <ManufactureCountry>לא ידוע</ManufactureCountry>
      <ManufacturerItemDescription>מטריה נשים סיליקון צ</ManufacturerItemDescription>
      <UnitQty>יחידה   </UnitQty>
      <Quantity>0.00</Quantity>
      <UnitOfMeasure>יחידה   </UnitOfMeasure>
      <bIsWeighted>0</bIsWeighted>
      <QtyInPackage>לא ידוע</QtyInPackage>
      <ItemPrice>39.90</ItemPrice>
      <UnitOfMeasurePrice>0.0000</UnitOfMeasurePrice>
      <AllowDiscount>1</AllowDiscount>
      <ItemStatus>1</ItemStatus>
      <ItemId>249392</ItemId>
    </Item>
    <Item>
      <PriceUpdateDate>2025-09-07 08:02:50</PriceUpdateDate>
      <ItemCode>7290113192539</ItemCode>
      <ItemType>1</ItemType>
      <ItemName>מלפפון 7/9 במלח בית</ItemName>
      <ManufacturerName>לא ידוע</ManufacturerName>
      <ManufactureCountry>לא ידוע</ManufactureCountry>
      <ManufacturerItemDescription>מלפפון 7/9 במלח בית</ManufacturerItemDescription>
      <UnitQty>לא ידוע</UnitQty>
      <Quantity>320.00</Quantity>
      <UnitOfMeasure>לא ידוע</UnitOfMeasure>
      <bIsWeighted>0</bIsWeighted>
      <QtyInPackage>לא ידוע</QtyInPackage>
      <ItemPrice>9.90</ItemPrice>
      <UnitOfMeasurePrice>0.0309</UnitOfMeasurePrice>
      <AllowDiscount>1</AllowDiscount>
      <ItemStatus>1</ItemStatus>
      <ItemId>231079</ItemId>
    </Item>
    <Item>
      <PriceUpdateDate>2025-08-26 14:36:51</PriceUpdateDate>
      <ItemCode>7290004737443</ItemCode>
      <ItemType>1</ItemType>
      <ItemName>קוקטייל פירות ויליפו</ItemName>
      <ManufacturerName>לא ידוע</ManufacturerName>
      <ManufactureCountry>לא ידוע</ManufactureCountry>
      <ManufacturerItemDescription>קוקטייל פירות ויליפו</ManufacturerItemDescription>
      <UnitQty>לא ידוע</UnitQty>
      <Quantity>820.00</Quantity>
      <UnitOfMeasure>לא ידוע</UnitOfMeasure>
      <bIsWeighted>0</bIsWeighted>
      <QtyInPackage>לא ידוע</QtyInPackage>
      <ItemPrice>11.90</ItemPrice>
      <UnitOfMeasurePrice>0.0145</UnitOfMeasurePrice>
      <AllowDiscount>1</AllowDiscount>
      <ItemStatus>1</ItemStatus>
      <ItemId>224823</ItemId>
    </Item>
    <Item>
      <PriceUpdateDate>2025-08-26 11:21:56</PriceUpdateDate>
      <ItemCode>7290110328788</ItemCode>
      <ItemType>1</ItemType>
      <ItemName>יוגורט גו סמיך אפרסק</ItemName>
      <ManufacturerName>לא ידוע</ManufacturerName>
      <ManufactureCountry>ישראל</ManufactureCountry>
      <ManufacturerItemDescription>יוגורט גו סמיך אפרסק</ManufacturerItemDescription>
      <UnitQty>לא ידוע</UnitQty>
      <Quantity>200.00</Quantity>
      <UnitOfMeasure>לא ידוע</UnitOfMeasure>
      <bIsWeighted>0</bIsWeighted>
      <QtyInPackage>לא ידוע</QtyInPackage>
      <ItemPrice>7.50</ItemPrice>
      <UnitOfMeasurePrice>0.0375</UnitOfMeasurePrice>
      <AllowDiscount>1</AllowDiscount>
      <ItemStatus>1</ItemStatus>
      <ItemId>235197</ItemId>
    </Item>
    <Item>
      <PriceUpdateDate>2025-11-20 09:48:58</PriceUpdateDate>
      <ItemCode>7622210117762</ItemCode>
      <ItemType>1</ItemType>
      <ItemName>שוקולד BOUCHEE קוטדו</ItemName>
      <ManufacturerName>לא ידוע</ManufacturerName>
      <ManufactureCountry>לא ידוע</ManufactureCountry>
      <ManufacturerItemDescription>שוקולד BOUCHEE קוטדו</ManufacturerItemDescription>
      <UnitQty>לא ידוע</UnitQty>
      <Quantity>200.00</Quantity>
      <UnitOfMeasure>לא ידוע</UnitOfMeasure>
      <bIsWeighted>0</bIsWeighted>
      <QtyInPackage>לא ידוע</QtyInPackage>
      <ItemPrice>23.90</ItemPrice>
      <UnitOfMeasurePrice>0.1195</UnitOfMeasurePrice>
      <AllowDiscount>1</AllowDiscount>
      <ItemStatus>1</ItemStatus>
      <ItemId>224926</ItemId>
    </Item>
    <Item>
      <PriceUpdateDate>2025-10-22 07:37:39</PriceUpdateDate>
      <ItemCode>8008343200424</ItemCode>
      <ItemType>1</ItemType>
      <ItemName>פסטה רומו קונקילי רי</ItemName>
      <ManufacturerName>לא ידוע</ManufacturerName>
      <ManufactureCountry>לא ידוע</ManufactureCountry>
      <ManufacturerItemDescription>פסטה רומו קונקילי רי</ManufacturerItemDescription>
      <UnitQty>לא ידוע</UnitQty>
      <Quantity>500.00</Quantity>
      <UnitOfMeasure>לא ידוע</UnitOfMeasure>
      <bIsWeighted>0</bIsWeighted>
      <QtyInPackage>לא ידוע</QtyInPackage>
      <ItemPrice>9.90</ItemPrice>
      <UnitOfMeasurePrice>0.0198</UnitOfMeasurePrice>
      <AllowDiscount>1</AllowDiscount>
      <ItemStatus>1</ItemStatus>
      <ItemId>224937</ItemId>
    </Item>
    <Item>
      <PriceUpdateDate>2025-08-26 11:13:59</PriceUpdateDate>
      <ItemCode>7290115678222</ItemCode>
      <ItemType>1</ItemType>
      <ItemName>יוגורט יווני 6.5% שו</ItemName>
      <ManufacturerName>לא ידוע</ManufacturerName>
      <ManufactureCountry>לא ידוע</ManufactureCountry>
      <ManufacturerItemDescription>יוגורט יווני 6.5% שו</ManufacturerItemDescription>
      <UnitQty>לא ידוע</UnitQty>
      <Quantity>1040.00</Quantity>
      <UnitOfMeasure>לא ידוע</UnitOfMeasure>
      <bIsWeighted>0</bIsWeighted>
      <QtyInPackage>לא ידוע</QtyInPackage>
      <ItemPrice>28.90</ItemPrice>
      <UnitOfMeasurePrice>0.0278</UnitOfMeasurePrice>
      <AllowDiscount>1</AllowDiscount>
      <ItemStatus>1</ItemStatus>
      <ItemId>235003</ItemId>
    </Item>
    <Item>
      <PriceUpdateDate>2025-08-31 10:00:54</PriceUpdateDate>
      <ItemCode>7290111350719</ItemCode>
      <ItemType>1</ItemType>
      <ItemName>נאצ׳וס בסגנון מסעדות</ItemName>
      <ManufacturerName>לא ידוע</ManufacturerName>
      <ManufactureCountry>לא ידוע</ManufactureCountry>
      <ManufacturerItemDescription>נאצ׳וס בסגנון מסעדות</ManufacturerItemDescription>
      <UnitQty>לא ידוע</UnitQty>
      <Quantity>322.00</Quantity>
      <UnitOfMeasure>לא ידוע</UnitOfMeasure>
      <bIsWeighted>0</bIsWeighted>
      <QtyInPackage>לא ידוע</QtyInPackage>
      <ItemPrice>21.90</ItemPrice>
      <UnitOfMeasurePrice>0.0680</UnitOfMeasurePrice>
      <AllowDiscount>1</AllowDiscount>
      <ItemStatus>1</ItemStatus>
      <ItemId>235037</ItemId>
    </Item>
    <Item>
      <PriceUpdateDate>2025-12-23 07:16:21</PriceUpdateDate>
      <ItemCode>7290106571792</ItemCode>
      <ItemType>1</ItemType>
      <ItemName>ויטמינציק קרחון ענבי</ItemName>
      <ManufacturerName>לא ידוע</ManufacturerName>
      <ManufactureCountry>לא ידוע</ManufactureCountry>
      <ManufacturerItemDescription>ויטמינציק קרחון ענבי</ManufacturerItemDescription>
      <UnitQty>יחידה   </UnitQty>
      <Quantity>0.00</Quantity>
      <UnitOfMeasure>יחידה   </UnitOfMeasure>
      <bIsWeighted>0</bIsWeighted>
      <QtyInPackage>לא ידוע</QtyInPackage>
      <ItemPrice>3.50</ItemPrice>
      <UnitOfMeasurePrice>0.0000</UnitOfMeasurePrice>
      <AllowDiscount>1</AllowDiscount>
      <ItemStatus>1</ItemStatus>
      <ItemId>225413</ItemId>
    </Item>
    <Item>
      <PriceUpdateDate>2025-09-03 07:19:59</PriceUpdateDate>
      <ItemCode>7290109355504</ItemCode>
      <ItemType>1</ItemType>
      <ItemName>קראנץ' וניל ליבת נוג</ItemName>
      <ManufacturerName>לא ידוע</ManufacturerName>
      <ManufactureCountry>לא ידוע</ManufactureCountry>
      <ManufacturerItemDescription>קראנץ' וניל ליבת נוג</ManufacturerItemDescription>
      <UnitQty>לא ידוע</UnitQty>
      <Quantity>100.00</Quantity>
      <UnitOfMeasure>לא ידוע</UnitOfMeasure>
      <bIsWeighted>0</bIsWeighted>
      <QtyInPackage>לא ידוע</QtyInPackage>
      <ItemPrice>13.90</ItemPrice>
      <UnitOfMeasurePrice>0.1390</UnitOfMeasurePrice>
      <AllowDiscount>1</AllowDiscount>
      <ItemStatus>1</ItemStatus>
      <ItemId>225440</ItemId>
    </Item>
    <Item>
      <PriceUpdateDate>2024-12-31 12:19:00</PriceUpdateDate>
      <ItemCode>7290110115180</ItemCode>
      <ItemType>1</ItemType>
      <ItemName>נביעות 1.5 ליטר</ItemName>
      <ManufacturerName>לא ידוע</ManufacturerName>
      <ManufactureCountry>לא ידוע</ManufactureCountry>
      <ManufacturerItemDescription>נביעות 1.5 ליטר</ManufacturerItemDescription>
      <UnitQty>לא ידוע</UnitQty>
      <Quantity>1500.00</Quantity>
      <UnitOfMeasure>לא ידוע</UnitOfMeasure>
      <bIsWeighted>0</bIsWeighted>
      <QtyInPackage>לא ידוע</QtyInPackage>
      <ItemPrice>3.50</ItemPrice>
      <UnitOfMeasurePrice>0.0023</UnitOfMeasurePrice>
      <AllowDiscount>1</AllowDiscount>
      <ItemStatus>1</ItemStatus>
      <ItemId>237073</ItemId>
    </Item>
    <Item>
      <PriceUpdateDate>2025-08-31 10:16:12</PriceUpdateDate>
      <ItemCode>7290019400325</ItemCode>
      <ItemType>1</ItemType>
      <ItemName>אפונה מטוגננת 220 גר</ItemName>
      <ManufacturerName>פריטי המותג של יאיר</ManufacturerName>
      <ManufactureCountry>לא ידוע</ManufactureCountry>
      <ManufacturerItemDescription>אפונה מטוגננת 220 גר</ManufacturerItemDescription>
      <UnitQty>לא ידוע</UnitQty>
      <Quantity>220.00</Quantity>
      <UnitOfMeasure>לא ידוע</UnitOfMeasure>
      <bIsWeighted>0</bIsWeighted>
      <QtyInPackage>לא ידוע</QtyInPackage>
      <ItemPrice>14.90</ItemPrice>
      <UnitOfMeasurePrice>0.0677</UnitOfMeasurePrice>
      <AllowDiscount>1</AllowDiscount>
      <ItemStatus>1</ItemStatus>
      <ItemId>245983</ItemId>
    </Item>
    <Item>
      <PriceUpdateDate>2025-08-19 08:16:43</PriceUpdateDate>
      <ItemCode>3073781199918</ItemCode>
      <ItemType>1</ItemType>
      <ItemName>בייבי בל 100גר</ItemName>
      <ManufacturerName>לא ידוע</ManufacturerName>
      <ManufactureCountry>לא ידוע</ManufactureCountry>
      <ManufacturerItemDescription>בייבי בל 100גר</ManufacturerItemDescription>
      <UnitQty>לא ידוע</UnitQty>
      <Quantity>100.00</Quantity>
      <UnitOfMeasure>לא ידוע</UnitOfMeasure>
      <bIsWeighted>0</bIsWeighted>
      <QtyInPackage>לא ידוע</QtyInPackage>
      <ItemPrice>26.90</ItemPrice>
      <UnitOfMeasurePrice>0.2690</UnitOfMeasurePrice>
      <AllowDiscount>1</AllowDiscount>
      <ItemStatus>1</ItemStatus>
      <ItemId>245394</ItemId>
    </Item>
    <Item>
      <PriceUpdateDate>2025-08-26 11:47:50</PriceUpdateDate>
      <ItemCode>72963746</ItemCode>
      <ItemType>1</ItemType>
      <ItemName>שמנת חמוצה 15% 200מ"</ItemName>
      <ManufacturerName>קריות זול</ManufacturerName>
      <ManufactureCountry>לא ידוע</ManufactureCountry>
      <ManufacturerItemDescription>שמנת חמוצה 15% 200מ"</ManufacturerItemDescription>
      <UnitQty>לא ידוע</UnitQty>
      <Quantity>200.00</Quantity>
      <UnitOfMeasure>לא ידוע</UnitOfMeasure>
      <bIsWeighted>0</bIsWeighted>
      <QtyInPackage>לא ידוע</QtyInPackage>
      <ItemPrice>2.81</ItemPrice>
      <UnitOfMeasurePrice>0.0141</UnitOfMeasurePrice>
      <AllowDiscount>1</AllowDiscount>
      <ItemStatus>1</ItemStatus>
      <ItemId>226023</ItemId>
    </Item>
    <Item>
      <PriceUpdateDate>2025-09-04 11:57:01</PriceUpdateDate>
      <ItemCode>7290001247723</ItemCode>
      <ItemType>1</ItemType>
      <ItemName>ספרינג נקטר תות בננה</ItemName>
      <ManufacturerName>לא ידוע</ManufacturerName>
      <ManufactureCountry>לא ידוע</ManufactureCountry>
      <ManufacturerItemDescription>ספרינג נקטר תות בננה</ManufacturerItemDescription>
      <UnitQty>לא ידוע</UnitQty>
      <Quantity>330.00</Quantity>
      <UnitOfMeasure>לא ידוע</UnitOfMeasure>
      <bIsWeighted>0</bIsWeighted>
      <QtyInPackage>לא ידוע</QtyInPackage>
      <ItemPrice>7.90</ItemPrice>
      <UnitOfMeasurePrice>0.0239</UnitOfMeasurePrice>
      <AllowDiscount>1</AllowDiscount>
      <ItemStatus>1</ItemStatus>
      <ItemId>226301</ItemId>
    </Item>
    <Item>
      <PriceUpdateDate>2025-08-21 13:13:47</PriceUpdateDate>
      <ItemCode>7290005230066</ItemCode>
      <ItemType>1</ItemType>
      <ItemName>צלחת לפתן 25 יח' פאל</ItemName>
      <ManufacturerName>לא ידוע</ManufacturerName>
      <ManufactureCountry>לא ידוע</ManufactureCountry>
      <ManufacturerItemDescription>צלחת לפתן 25 יח' פאל</ManufacturerItemDescription>
      <UnitQty>יחידה   </UnitQty>
      <Quantity>0.00</Quantity>
      <UnitOfMeasure>יחידה   </UnitOfMeasure>
      <bIsWeighted>0</bIsWeighted>
      <QtyInPackage>לא ידוע</QtyInPackage>
      <ItemPrice>5.90</ItemPrice>
      <UnitOfMeasurePrice>0.0000</UnitOfMeasurePrice>
      <AllowDiscount>1</AllowDiscount>
      <ItemStatus>1</ItemStatus>
      <ItemId>226587</ItemId>
    </Item>
    <Item>
      <PriceUpdateDate>2025-08-20 12:24:17</PriceUpdateDate>
      <ItemCode>7290018540831</ItemCode>
      <ItemType>1</ItemType>
      <ItemName>ארטיזנל לחם מחמצת חי</ItemName>
      <ManufacturerName>לא ידוע</ManufacturerName>
      <ManufactureCountry>לא ידוע</ManufactureCountry>
      <ManufacturerItemDescription>ארטיזנל לחם מחמצת חי</ManufacturerItemDescription>
      <UnitQty>לא ידוע</UnitQty>
      <Quantity>500.00</Quantity>
      <UnitOfMeasure>לא ידוע</UnitOfMeasure>
      <bIsWeighted>0</bIsWeighted>
      <QtyInPackage>לא ידוע</QtyInPackage>
      <ItemPrice>21.90</ItemPrice>
      <UnitOfMeasurePrice>0.0438</UnitOfMeasurePrice>
      <AllowDiscount>1</AllowDiscount>
      <ItemStatus>1</ItemStatus>
      <ItemId>243034</ItemId>
    </Item>
    <Item>
      <PriceUpdateDate>2025-08-21 13:13:25</PriceUpdateDate>
      <ItemCode>7290002348061</ItemCode>
      <ItemType>1</ItemType>
      <ItemName>פטריות שמפניון חתוכו</ItemName>
      <ManufacturerName>לא ידוע</ManufacturerName>
      <ManufactureCountry>לא ידוע</ManufactureCountry>
      <ManufacturerItemDescription>פטריות שמפניון חתוכו</ManufacturerItemDescription>
      <UnitQty>לא ידוע</UnitQty>
      <Quantity>400.00</Quantity>
      <UnitOfMeasure>לא ידוע</UnitOfMeasure>
      <bIsWeighted>0</bIsWeighted>
      <QtyInPackage>לא ידוע</QtyInPackage>
      <ItemPrice>7.90</ItemPrice>
      <UnitOfMeasurePrice>0.0198</UnitOfMeasurePrice>
      <AllowDiscount>1</AllowDiscount>
      <ItemStatus>1</ItemStatus>
      <ItemId>226627</ItemId>
    </Item>
    <Item>
      <PriceUpdateDate>2025-08-21 13:13:52</PriceUpdateDate>
      <ItemCode>7290008345576</ItemCode>
      <ItemType>1</ItemType>
      <ItemName>איקרה ביתית לבנה 300</ItemName>
      <ManufacturerName>קריות זול</ManufacturerName>
      <ManufactureCountry>לא ידוע</ManufactureCountry>
      <ManufacturerItemDescription>איקרה ביתית לבנה 300</ManufacturerItemDescription>
      <UnitQty>לא ידוע</UnitQty>
      <Quantity>300.00</Quantity>
      <UnitOfMeasure>לא ידוע</UnitOfMeasure>
      <bIsWeighted>0</bIsWeighted>
      <QtyInPackage>לא ידוע</QtyInPackage>
      <ItemPrice>21.90</ItemPrice>
      <UnitOfMeasurePrice>0.0730</UnitOfMeasurePrice>
      <AllowDiscount>1</AllowDiscount>
      <ItemStatus>1</ItemStatus>
      <ItemId>226634</ItemId>
    </Item>
    <Item>
      <PriceUpdateDate>2025-08-21 13:13:52</PriceUpdateDate>
      <ItemCode>7290008345583</ItemCode>
      <ItemType>1</ItemType>
      <ItemName>איקרה ביתית ורודה 30</ItemName>
      <ManufacturerName>קריות זול</ManufacturerName>
      <ManufactureCountry>לא ידוע</ManufactureCountry>
      <ManufacturerItemDescription>איקרה ביתית ורודה 30</ManufacturerItemDescription>
      <UnitQty>לא ידוע</UnitQty>
      <Quantity>300.00</Quantity>
      <UnitOfMeasure>לא ידוע</UnitOfMeasure>
      <bIsWeighted>0</bIsWeighted>
      <QtyInPackage>לא ידוע</QtyInPackage>
      <ItemPrice>21.90</ItemPrice>
      <UnitOfMeasurePrice>0.0730</UnitOfMeasurePrice>
      <AllowDiscount>1</AllowDiscount>
      <ItemStatus>1</ItemStatus>
      <ItemId>226635</ItemId>
    </Item>
    <Item>
      <PriceUpdateDate>2025-08-20 08:36:12</PriceUpdateDate>
      <ItemCode>7290013156921</ItemCode>
      <ItemType>1</ItemType>
      <ItemName>עוג.אצבע מתוקות ללא</ItemName>
      <ManufacturerName>לא ידוע</ManufacturerName>
      <ManufactureCountry>לא ידוע</ManufactureCountry>
      <ManufacturerItemDescription>עוג.אצבע מתוקות ללא</ManufacturerItemDescription>
      <UnitQty>לא ידוע</UnitQty>
      <Quantity>350.00</Quantity>
      <UnitOfMeasure>לא ידוע</UnitOfMeasure>
      <bIsWeighted>0</bIsWeighted>
      <QtyInPackage>לא ידוע</QtyInPackage>
      <ItemPrice>19.90</ItemPrice>
      <UnitOfMeasurePrice>0.0569</UnitOfMeasurePrice>
      <AllowDiscount>1</AllowDiscount>
      <ItemStatus>1</ItemStatus>
      <ItemId>235010</ItemId>
    </Item>
    <Item>
      <PriceUpdateDate>2025-08-19 08:35:27</PriceUpdateDate>
      <ItemCode>25675301092</ItemCode>
      <ItemType>1</ItemType>
      <ItemName>מקלות חמצוצים צבעוני</ItemName>
      <ManufacturerName>לא ידוע</ManufacturerName>
      <ManufactureCountry>לא ידוע</ManufactureCountry>
      <ManufacturerItemDescription>מקלות חמצוצים צבעוני</ManufacturerItemDescription>
      <UnitQty>לא ידוע</UnitQty>
      <Quantity>50.00</Quantity>
      <UnitOfMeasure>לא ידוע</UnitOfMeasure>
      <bIsWeighted>0</bIsWeighted>
      <QtyInPackage>לא ידוע</QtyInPackage>
      <ItemPrice>10.90</ItemPrice>
      <UnitOfMeasurePrice>0.2180</UnitOfMeasurePrice>
      <AllowDiscount>1</AllowDiscount>
      <ItemStatus>1</ItemStatus>
      <ItemId>227103</ItemId>
    </Item>
    <Item>
      <PriceUpdateDate>2025-09-08 07:59:49</PriceUpdateDate>
      <ItemCode>8410104045111</ItemCode>
      <ItemType>1</ItemType>
      <ItemName>פיניש מלח למדיח 2 ק"</ItemName>
      <ManufacturerName>לא ידוע</ManufacturerName>
      <ManufactureCountry>לא ידוע</ManufactureCountry>
      <ManufacturerItemDescription>פיניש מלח למדיח 2 ק"</ManufacturerItemDescription>
      <UnitQty>לא ידוע</UnitQty>
      <Quantity>2000.00</Quantity>
      <UnitOfMeasure>לא ידוע</UnitOfMeasure>
      <bIsWeighted>0</bIsWeighted>
      <QtyInPackage>לא ידוע</QtyInPackage>
      <ItemPrice>20.90</ItemPrice>
      <UnitOfMeasurePrice>0.0104</UnitOfMeasurePrice>
      <AllowDiscount>1</AllowDiscount>
      <ItemStatus>1</ItemStatus>
      <ItemId>227202</ItemId>
    </Item>
    <Item>
      <PriceUpdateDate>2025-08-21 13:13:46</PriceUpdateDate>
      <ItemCode>7290004324605</ItemCode>
      <ItemType>1</ItemType>
      <ItemName>מון בלאן רוקפור 120ג</ItemName>
      <ManufacturerName>לא ידוע</ManufacturerName>
      <ManufactureCountry>לא ידוע</ManufactureCountry>
      <ManufacturerItemDescription>מון בלאן רוקפור 120ג</ManufacturerItemDescription>
      <UnitQty>לא ידוע</UnitQty>
      <Quantity>120.00</Quantity>
      <UnitOfMeasure>לא ידוע</UnitOfMeasure>
      <bIsWeighted>0</bIsWeighted>
      <QtyInPackage>לא ידוע</QtyInPackage>
      <ItemPrice>15.90</ItemPrice>
      <UnitOfMeasurePrice>0.1325</UnitOfMeasurePrice>
      <AllowDiscount>1</AllowDiscount>
      <ItemStatus>1</ItemStatus>
      <ItemId>227329</ItemId>
    </Item>
    <Item>
      <PriceUpdateDate>2025-09-07 10:42:50</PriceUpdateDate>
      <ItemCode>7290111343117</ItemCode>
      <ItemType>1</ItemType>
      <ItemName>קלינקס לושן סופט פק</ItemName>
      <ManufacturerName>לא ידוע</ManufacturerName>
      <ManufactureCountry>לא ידוע</ManufactureCountry>
      <ManufacturerItemDescription>קלינקס לושן סופט פק</ManufacturerItemDescription>
      <UnitQty>יחידה   </UnitQty>
      <Quantity>0.00</Quantity>
      <UnitOfMeasure>יחידה   </UnitOfMeasure>
      <bIsWeighted>0</bIsWeighted>
      <QtyInPackage>לא ידוע</QtyInPackage>
      <ItemPrice>17.90</ItemPrice>
      <UnitOfMeasurePrice>0.0000</UnitOfMeasurePrice>
      <AllowDiscount>1</AllowDiscount>
      <ItemStatus>1</ItemStatus>
      <ItemId>234443</ItemId>
    </Item>
    <Item>
      <PriceUpdateDate>2025-09-08 07:56:53</PriceUpdateDate>
      <ItemCode>7290020188731</ItemCode>
      <ItemType>1</ItemType>
      <ItemName>גל כביסה+מרכך מס 14</ItemName>
      <ManufacturerName>לא ידוע</ManufacturerName>
      <ManufactureCountry>לא ידוע</ManufactureCountry>
      <ManufacturerItemDescription>גל כביסה+מרכך מס 14</ManufacturerItemDescription>
      <UnitQty>לא ידוע</UnitQty>
      <Quantity>2000.00</Quantity>
      <UnitOfMeasure>לא ידוע</UnitOfMeasure>
      <bIsWeighted>0</bIsWeighted>
      <QtyInPackage>לא ידוע</QtyInPackage>
      <ItemPrice>41.90</ItemPrice>
      <UnitOfMeasurePrice>0.0209</UnitOfMeasurePrice>
      <AllowDiscount>1</AllowDiscount>
      <ItemStatus>1</ItemStatus>
      <ItemId>254309</ItemId>
    </Item>
    <Item>
      <PriceUpdateDate>2025-08-26 11:49:27</PriceUpdateDate>
      <ItemCode>7290116934402</ItemCode>
      <ItemType>1</ItemType>
      <ItemName>יוגורט חלבון גו 20גר</ItemName>
      <ManufacturerName>לא ידוע</ManufacturerName>
      <ManufactureCountry>ישראל</ManufactureCountry>
      <ManufacturerItemDescription>יוגורט חלבון גו 20גר</ManufacturerItemDescription>
      <UnitQty>לא ידוע</UnitQty>
      <Quantity>200.00</Quantity>
      <UnitOfMeasure>לא ידוע</UnitOfMeasure>
      <bIsWeighted>0</bIsWeighted>
      <QtyInPackage>לא ידוע</QtyInPackage>
      <ItemPrice>7.50</ItemPrice>
      <UnitOfMeasurePrice>0.0375</UnitOfMeasurePrice>
      <AllowDiscount>1</AllowDiscount>
      <ItemStatus>1</ItemStatus>
      <ItemId>251752</ItemId>
    </Item>
    <Item>
      <PriceUpdateDate>2023-08-22 15:26:51</PriceUpdateDate>
      <ItemCode>7290113194601</ItemCode>
      <ItemType>1</ItemType>
      <ItemName>מובחרים מן הטבע קטני</ItemName>
      <ManufacturerName>לא ידוע</ManufacturerName>
      <ManufactureCountry>לא ידוע</ManufactureCountry>
      <ManufacturerItemDescription>מובחרים מן הטבע קטני</ManufacturerItemDescription>
      <UnitQty>לא ידוע</UnitQty>
      <Quantity>500.00</Quantity>
      <UnitOfMeasure>לא ידוע</UnitOfMeasure>
      <bIsWeighted>0</bIsWeighted>
      <QtyInPackage>לא ידוע</QtyInPackage>
      <ItemPrice>10.00</ItemPrice>
      <UnitOfMeasurePrice>0.0200</UnitOfMeasurePrice>
      <AllowDiscount>1</AllowDiscount>
      <ItemStatus>1</ItemStatus>
      <ItemId>244323</ItemId>
    </Item>
    <Item>
      <PriceUpdateDate>2025-09-07 08:02:11</PriceUpdateDate>
      <ItemCode>7290019502128</ItemCode>
      <ItemType>1</ItemType>
      <ItemName>אפקטיב קר לגבר קרם ג</ItemName>
      <ManufacturerName>לא ידוע</ManufacturerName>
      <ManufactureCountry>לא ידוע</ManufactureCountry>
      <ManufacturerItemDescription>אפקטיב קר לגבר קרם ג</ManufacturerItemDescription>
      <UnitQty>לא ידוע</UnitQty>
      <Quantity>700.00</Quantity>
      <UnitOfMeasure>לא ידוע</UnitOfMeasure>
      <bIsWeighted>0</bIsWeighted>
      <QtyInPackage>לא ידוע</QtyInPackage>
      <ItemPrice>31.90</ItemPrice>
      <UnitOfMeasurePrice>0.0456</UnitOfMeasurePrice>
      <AllowDiscount>1</AllowDiscount>
      <ItemStatus>1</ItemStatus>
      <ItemId>246891</ItemId>
    </Item>
    <Item>
      <PriceUpdateDate>2025-08-28 10:19:07</PriceUpdateDate>
      <ItemCode>7290117266144</ItemCode>
      <ItemType>1</ItemType>
      <ItemName>רסק עגבניות 28%  400</ItemName>
      <ManufacturerName>לא ידוע</ManufacturerName>
      <ManufactureCountry>לא ידוע</ManufactureCountry>
      <ManufacturerItemDescription>רסק עגבניות 28%  400</ManufacturerItemDescription>
      <UnitQty>לא ידוע</UnitQty>
      <Quantity>400.00</Quantity>
      <UnitOfMeasure>לא ידוע</UnitOfMeasure>
      <bIsWeighted>0</bIsWeighted>
      <QtyInPackage>לא ידוע</QtyInPackage>
      <ItemPrice>8.90</ItemPrice>
      <UnitOfMeasurePrice>0.0223</UnitOfMeasurePrice>
      <AllowDiscount>1</AllowDiscount>
      <ItemStatus>1</ItemStatus>
      <ItemId>251763</ItemId>
    </Item>
    <Item>
      <PriceUpdateDate>2025-04-20 08:04:29</PriceUpdateDate>
      <ItemCode>7290000498393</ItemCode>
      <ItemType>1</ItemType>
      <ItemName>חלה רגילה 500גר</ItemName>
      <ManufacturerName>לא ידוע</ManufacturerName>
      <ManufactureCountry>לא ידוע</ManufactureCountry>
      <ManufacturerItemDescription>חלה רגילה 500גר</ManufacturerItemDescription>
      <UnitQty>לא ידוע</UnitQty>
      <Quantity>500.00</Quantity>
      <UnitOfMeasure>לא ידוע</UnitOfMeasure>
      <bIsWeighted>0</bIsWeighted>
      <QtyInPackage>לא ידוע</QtyInPackage>
      <ItemPrice>6.61</ItemPrice>
      <UnitOfMeasurePrice>0.0132</UnitOfMeasurePrice>
      <AllowDiscount>1</AllowDiscount>
      <ItemStatus>1</ItemStatus>
      <ItemId>245395</ItemId>
    </Item>
    <Item>
      <PriceUpdateDate>2025-08-20 11:39:40</PriceUpdateDate>
      <ItemCode>7290010777099</ItemCode>
      <ItemType>1</ItemType>
      <ItemName>פיתה עבודת יד 8יח</ItemName>
      <ManufacturerName>לא ידוע</ManufacturerName>
      <ManufactureCountry>לא ידוע</ManufactureCountry>
      <ManufacturerItemDescription>פיתה עבודת יד 8יח</ManufacturerItemDescription>
      <UnitQty>לא ידוע</UnitQty>
      <Quantity>8.00</Quantity>
      <UnitOfMeasure>לא ידוע</UnitOfMeasure>
      <bIsWeighted>0</bIsWeighted>
      <QtyInPackage>לא ידוע</QtyInPackage>
      <ItemPrice>13.90</ItemPrice>
      <UnitOfMeasurePrice>1.7375</UnitOfMeasurePrice>
      <AllowDiscount>1</AllowDiscount>
      <ItemStatus>1</ItemStatus>
      <ItemId>227935</ItemId>
    </Item>
    <Item>
      <PriceUpdateDate>2025-08-20 11:39:41</PriceUpdateDate>
      <ItemCode>7290010777358</ItemCode>
      <ItemType>1</ItemType>
      <ItemName>פיתה 100% כוסמין 8יח</ItemName>
      <ManufacturerName>לא ידוע</ManufacturerName>
      <ManufactureCountry>לא ידוע</ManufactureCountry>
      <ManufacturerItemDescription>פיתה 100% כוסמין 8יח</ManufacturerItemDescription>
      <UnitQty>יחידה   </UnitQty>
      <Quantity>0.00</Quantity>
      <UnitOfMeasure>יחידה   </UnitOfMeasure>
      <bIsWeighted>0</bIsWeighted>
      <QtyInPackage>לא ידוע</QtyInPackage>
      <ItemPrice>18.90</ItemPrice>
      <UnitOfMeasurePrice>0.0000</UnitOfMeasurePrice>
      <AllowDiscount>1</AllowDiscount>
      <ItemStatus>1</ItemStatus>
      <ItemId>227938</ItemId>
    </Item>
    <Item>
      <PriceUpdateDate>2025-08-20 13:21:19</PriceUpdateDate>
      <ItemCode>7290002374268</ItemCode>
      <ItemType>1</ItemType>
      <ItemName>שמן חמניות מילומור 1</ItemName>
      <ManufacturerName>קריות זול</ManufacturerName>
      <ManufactureCountry>לא ידוע</ManufactureCountry>
      <ManufacturerItemDescription>שמן חמניות מילומור 1</ManufacturerItemDescription>
      <UnitQty>לא ידוע</UnitQty>
      <Quantity>1000.00</Quantity>
      <UnitOfMeasure>לא ידוע</UnitOfMeasure>
      <bIsWeighted>0</bIsWeighted>
      <QtyInPackage>לא ידוע</QtyInPackage>
      <ItemPrice>13.90</ItemPrice>
      <UnitOfMeasurePrice>0.0139</UnitOfMeasurePrice>
      <AllowDiscount>1</AllowDiscount>
      <ItemStatus>1</ItemStatus>
      <ItemId>227999</ItemId>
    </Item>
    <Item>
      <PriceUpdateDate>2025-04-20 08:20:30</PriceUpdateDate>
      <ItemCode>4823077625589</ItemCode>
      <ItemType>1</ItemType>
      <ItemName>וופל רושן בטעם חלב 2</ItemName>
      <ManufacturerName>לא ידוע</ManufacturerName>
      <ManufactureCountry>לא ידוע</ManufactureCountry>
      <ManufacturerItemDescription>וופל רושן בטעם חלב 2</ManufacturerItemDescription>
      <UnitQty>לא ידוע</UnitQty>
      <Quantity>216.00</Quantity>
      <UnitOfMeasure>לא ידוע</UnitOfMeasure>
      <bIsWeighted>0</bIsWeighted>
      <QtyInPackage>לא ידוע</QtyInPackage>
      <ItemPrice>9.90</ItemPrice>
      <UnitOfMeasurePrice>0.0458</UnitOfMeasurePrice>
      <AllowDiscount>1</AllowDiscount>
      <ItemStatus>1</ItemStatus>
      <ItemId>235050</ItemId>
    </Item>
    <Item>
      <PriceUpdateDate>2025-07-16 10:35:37</PriceUpdateDate>
      <ItemCode>4823077625626</ItemCode>
      <ItemType>1</ItemType>
      <ItemName>וופל רושן בטעם אגוז</ItemName>
      <ManufacturerName>לא ידוע</ManufacturerName>
      <ManufactureCountry>לא ידוע</ManufactureCountry>
      <ManufacturerItemDescription>וופל רושן בטעם אגוז</ManufacturerItemDescription>
      <UnitQty>לא ידוע</UnitQty>
      <Quantity>216.00</Quantity>
      <UnitOfMeasure>לא ידוע</UnitOfMeasure>
      <bIsWeighted>0</bIsWeighted>
      <QtyInPackage>לא ידוע</QtyInPackage>
      <ItemPrice>9.90</ItemPrice>
      <UnitOfMeasurePrice>0.0458</UnitOfMeasurePrice>
      <AllowDiscount>1</AllowDiscount>
      <ItemStatus>1</ItemStatus>
      <ItemId>235052</ItemId>
    </Item>
    <Item>
      <PriceUpdateDate>2025-04-20 08:20:36</PriceUpdateDate>
      <ItemCode>4823077632112</ItemCode>
      <ItemType>1</ItemType>
      <ItemName>וופל רושן בטעם קקאו</ItemName>
      <ManufacturerName>לא ידוע</ManufacturerName>
      <ManufactureCountry>לא ידוע</ManufactureCountry>
      <ManufacturerItemDescription>וופל רושן בטעם קקאו</ManufacturerItemDescription>
      <UnitQty>לא ידוע</UnitQty>
      <Quantity>216.00</Quantity>
      <UnitOfMeasure>לא ידוע</UnitOfMeasure>
      <bIsWeighted>0</bIsWeighted>
      <QtyInPackage>לא ידוע</QtyInPackage>
      <ItemPrice>9.90</ItemPrice>
      <UnitOfMeasurePrice>0.0458</UnitOfMeasurePrice>
      <AllowDiscount>1</AllowDiscount>
      <ItemStatus>1</ItemStatus>
      <ItemId>235054</ItemId>
    </Item>
    <Item>
      <PriceUpdateDate>2025-08-26 11:42:44</PriceUpdateDate>
      <ItemCode>7290107951111</ItemCode>
      <ItemType>1</ItemType>
      <ItemName>בפלות לימון 200 גרם</ItemName>
      <ManufacturerName>לא ידוע</ManufacturerName>
      <ManufactureCountry>לא ידוע</ManufactureCountry>
      <ManufacturerItemDescription>בפלות לימון 200 גרם</ManufacturerItemDescription>
      <UnitQty>לא ידוע</UnitQty>
      <Quantity>200.00</Quantity>
      <UnitOfMeasure>לא ידוע</UnitOfMeasure>
      <bIsWeighted>0</bIsWeighted>
      <QtyInPackage>לא ידוע</QtyInPackage>
      <ItemPrice>7.50</ItemPrice>
      <UnitOfMeasurePrice>0.0375</UnitOfMeasurePrice>
      <AllowDiscount>1</AllowDiscount>
      <ItemStatus>1</ItemStatus>
      <ItemId>228202</ItemId>
    </Item>
    <Item>
      <PriceUpdateDate>2025-09-08 07:54:28</PriceUpdateDate>
      <ItemCode>7290016580563</ItemCode>
      <ItemType>1</ItemType>
      <ItemName>כוס לשתייה קרה 330 C</ItemName>
      <ManufacturerName>לא ידוע</ManufacturerName>
      <ManufactureCountry>לא ידוע</ManufactureCountry>
      <ManufacturerItemDescription>כוס לשתייה קרה 330 C</ManufacturerItemDescription>
      <UnitQty>יחידה   </UnitQty>
      <Quantity>0.00</Quantity>
      <UnitOfMeasure>יחידה   </UnitOfMeasure>
      <bIsWeighted>0</bIsWeighted>
      <QtyInPackage>לא ידוע</QtyInPackage>
      <ItemPrice>11.90</ItemPrice>
      <UnitOfMeasurePrice>0.0000</UnitOfMeasurePrice>
      <AllowDiscount>1</AllowDiscount>
      <ItemStatus>1</ItemStatus>
      <ItemId>235055</ItemId>
    </Item>
    <Item>
      <PriceUpdateDate>2025-08-19 08:23:41</PriceUpdateDate>
      <ItemCode>4823077633324</ItemCode>
      <ItemType>1</ItemType>
      <ItemName>עוגיות שוקוציפס לווי</ItemName>
      <ManufacturerName>לא ידוע</ManufacturerName>
      <ManufactureCountry>לא ידוע</ManufactureCountry>
      <ManufacturerItemDescription>עוגיות שוקוציפס לווי</ManufacturerItemDescription>
      <UnitQty>לא ידוע</UnitQty>
      <Quantity>150.00</Quantity>
      <UnitOfMeasure>לא ידוע</UnitOfMeasure>
      <bIsWeighted>0</bIsWeighted>
      <QtyInPackage>לא ידוע</QtyInPackage>
      <ItemPrice>9.90</ItemPrice>
      <UnitOfMeasurePrice>0.0660</UnitOfMeasurePrice>
      <AllowDiscount>1</AllowDiscount>
      <ItemStatus>1</ItemStatus>
      <ItemId>235056</ItemId>
    </Item>
    <Item>
      <PriceUpdateDate>2025-09-08 08:26:15</PriceUpdateDate>
      <ItemCode>7290012226991</ItemCode>
      <ItemType>1</ItemType>
      <ItemName>נקניקיות באריזה ג'מב</ItemName>
      <ManufacturerName>לא ידוע</ManufacturerName>
      <ManufactureCountry>לא ידוע</ManufactureCountry>
      <ManufacturerItemDescription>נקניקיות באריזה ג'מב</ManufacturerItemDescription>
      <UnitQty>לא ידוע</UnitQty>
      <Quantity>1000.00</Quantity>
      <UnitOfMeasure>לא ידוע</UnitOfMeasure>
      <bIsWeighted>0</bIsWeighted>
      <QtyInPackage>לא ידוע</QtyInPackage>
      <ItemPrice>39.90</ItemPrice>
      <UnitOfMeasurePrice>0.0399</UnitOfMeasurePrice>
      <AllowDiscount>1</AllowDiscount>
      <ItemStatus>1</ItemStatus>
      <ItemId>228517</ItemId>
    </Item>
    <Item>
      <PriceUpdateDate>2025-08-21 11:23:45</PriceUpdateDate>
      <ItemCode>7290019937104</ItemCode>
      <ItemType>1</ItemType>
      <ItemName>מלח הימלאיה מלחייה 5</ItemName>
      <ManufacturerName>לא ידוע</ManufacturerName>
      <ManufactureCountry>לא ידוע</ManufactureCountry>
      <ManufacturerItemDescription>מלח הימלאיה מלחייה 5</ManufacturerItemDescription>
      <UnitQty>לא ידוע</UnitQty>
      <Quantity>500.00</Quantity>
      <UnitOfMeasure>לא ידוע</UnitOfMeasure>
      <bIsWeighted>0</bIsWeighted>
      <QtyInPackage>לא ידוע</QtyInPackage>
      <ItemPrice>20.90</ItemPrice>
      <UnitOfMeasurePrice>0.0418</UnitOfMeasurePrice>
      <AllowDiscount>1</AllowDiscount>
      <ItemStatus>1</ItemStatus>
      <ItemId>250651</ItemId>
    </Item>
    <Item>
      <PriceUpdateDate>2025-04-20 08:20:29</PriceUpdateDate>
      <ItemCode>4823077624261</ItemCode>
      <ItemType>1</ItemType>
      <ItemName>רושן ממתקי סוכריות ג</ItemName>
      <ManufacturerName>לא ידוע</ManufacturerName>
      <ManufactureCountry>לא ידוע</ManufactureCountry>
      <ManufacturerItemDescription>רושן ממתקי סוכריות ג</ManufacturerItemDescription>
      <UnitQty>לא ידוע</UnitQty>
      <Quantity>200.00</Quantity>
      <UnitOfMeasure>לא ידוע</UnitOfMeasure>
      <bIsWeighted>0</bIsWeighted>
      <QtyInPackage>לא ידוע</QtyInPackage>
      <ItemPrice>9.90</ItemPrice>
      <UnitOfMeasurePrice>0.0495</UnitOfMeasurePrice>
      <AllowDiscount>1</AllowDiscount>
      <ItemStatus>1</ItemStatus>
      <ItemId>245432</ItemId>
    </Item>
    <Item>
      <PriceUpdateDate>2025-09-04 11:57:01</PriceUpdateDate>
      <ItemCode>7290001247730</ItemCode>
      <ItemType>1</ItemType>
      <ItemName>ספרינג נקטר מנגו בפח</ItemName>
      <ManufacturerName>לא ידוע</ManufacturerName>
      <ManufactureCountry>לא ידוע</ManufactureCountry>
      <ManufacturerItemDescription>ספרינג נקטר מנגו בפח</ManufacturerItemDescription>
      <UnitQty>לא ידוע</UnitQty>
      <Quantity>330.00</Quantity>
      <UnitOfMeasure>לא ידוע</UnitOfMeasure>
      <bIsWeighted>0</bIsWeighted>
      <QtyInPackage>לא ידוע</QtyInPackage>
      <ItemPrice>7.90</ItemPrice>
      <UnitOfMeasurePrice>0.0239</UnitOfMeasurePrice>
      <AllowDiscount>1</AllowDiscount>
      <ItemStatus>1</ItemStatus>
      <ItemId>228692</ItemId>
    </Item>
    <Item>
      <PriceUpdateDate>2025-09-03 07:19:54</PriceUpdateDate>
      <ItemCode>7290106574120</ItemCode>
      <ItemType>1</ItemType>
      <ItemName>גומי גם</ItemName>
      <ManufacturerName>לא ידוע</ManufacturerName>
      <ManufactureCountry>לא ידוע</ManufactureCountry>
      <ManufacturerItemDescription>גומי גם</ManufacturerItemDescription>
      <UnitQty>יחידה   </UnitQty>
      <Quantity>0.00</Quantity>
      <UnitOfMeasure>יחידה   </UnitOfMeasure>
      <bIsWeighted>0</bIsWeighted>
      <QtyInPackage>לא ידוע</QtyInPackage>
      <ItemPrice>8.90</ItemPrice>
      <UnitOfMeasurePrice>0.0000</UnitOfMeasurePrice>
      <AllowDiscount>1</AllowDiscount>
      <ItemStatus>1</ItemStatus>
      <ItemId>228731</ItemId>
    </Item>
    <Item>
      <PriceUpdateDate>2025-12-03 22:50:21</PriceUpdateDate>
      <ItemCode>7290112017826</ItemCode>
      <ItemType>1</ItemType>
      <ItemName>רוטב שום וזעתר 350 מ</ItemName>
      <ManufacturerName>לא ידוע</ManufacturerName>
      <ManufactureCountry>לא ידוע</ManufactureCountry>
      <ManufacturerItemDescription>רוטב שום וזעתר 350 מ</ManufacturerItemDescription>
      <UnitQty>לא ידוע</UnitQty>
      <Quantity>350.00</Quantity>
      <UnitOfMeasure>לא ידוע</UnitOfMeasure>
      <bIsWeighted>0</bIsWeighted>
      <QtyInPackage>לא ידוע</QtyInPackage>
      <ItemPrice>16.90</ItemPrice>
      <UnitOfMeasurePrice>0.0483</UnitOfMeasurePrice>
      <AllowDiscount>1</AllowDiscount>
      <ItemStatus>1</ItemStatus>
      <ItemId>256705</ItemId>
    </Item>
    <Item>
      <PriceUpdateDate>2025-09-03 13:26:28</PriceUpdateDate>
      <ItemCode>7290019987017</ItemCode>
      <ItemType>1</ItemType>
      <ItemName>וופל שוקו ללא סוכר 2</ItemName>
      <ManufacturerName>קריות זול</ManufacturerName>
      <ManufactureCountry>לא ידוע</ManufactureCountry>
      <ManufacturerItemDescription>וופל שוקו ללא סוכר 2</ManufacturerItemDescription>
      <UnitQty>לא ידוע</UnitQty>
      <Quantity>200.00</Quantity>
      <UnitOfMeasure>לא ידוע</UnitOfMeasure>
      <bIsWeighted>0</bIsWeighted>
      <QtyInPackage>לא ידוע</QtyInPackage>
      <ItemPrice>10.90</ItemPrice>
      <UnitOfMeasurePrice>0.0545</UnitOfMeasurePrice>
      <AllowDiscount>1</AllowDiscount>
      <ItemStatus>1</ItemStatus>
      <ItemId>251741</ItemId>
    </Item>
    <Item>
      <PriceUpdateDate>2025-02-26 16:50:19</PriceUpdateDate>
      <ItemCode>5060255492277</ItemCode>
      <ItemType>1</ItemType>
      <ItemName>חול חתולים אברקלין א</ItemName>
      <ManufacturerName>לא ידוע</ManufacturerName>
      <ManufactureCountry>לא ידוע</ManufactureCountry>
      <ManufacturerItemDescription>חול חתולים אברקלין א</ManufacturerItemDescription>
      <UnitQty>לא ידוע</UnitQty>
      <Quantity>6000.00</Quantity>
      <UnitOfMeasure>לא ידוע</UnitOfMeasure>
      <bIsWeighted>0</bIsWeighted>
      <QtyInPackage>לא ידוע</QtyInPackage>
      <ItemPrice>64.90</ItemPrice>
      <UnitOfMeasurePrice>0.0108</UnitOfMeasurePrice>
      <AllowDiscount>1</AllowDiscount>
      <ItemStatus>1</ItemStatus>
      <ItemId>251742</ItemId>
    </Item>
    <Item>
      <PriceUpdateDate>2025-08-31 08:47:45</PriceUpdateDate>
      <ItemCode>7290002317142</ItemCode>
      <ItemType>1</ItemType>
      <ItemName>מלפפון 18-25 מלח 560</ItemName>
      <ManufacturerName>לא ידוע</ManufacturerName>
      <ManufactureCountry>לא ידוע</ManufactureCountry>
      <ManufacturerItemDescription>מלפפון 18-25 מלח 560</ManufacturerItemDescription>
      <UnitQty>לא ידוע</UnitQty>
      <Quantity>560.00</Quantity>
      <UnitOfMeasure>לא ידוע</UnitOfMeasure>
      <bIsWeighted>0</bIsWeighted>
      <QtyInPackage>לא ידוע</QtyInPackage>
      <ItemPrice>17.50</ItemPrice>
      <UnitOfMeasurePrice>0.0313</UnitOfMeasurePrice>
      <AllowDiscount>1</AllowDiscount>
      <ItemStatus>1</ItemStatus>
      <ItemId>229304</ItemId>
    </Item>
    <Item>
      <PriceUpdateDate>2025-08-31 08:47:46</PriceUpdateDate>
      <ItemCode>7290002317180</ItemCode>
      <ItemType>1</ItemType>
      <ItemName>מלפפון 18-25 חומץ 56</ItemName>
      <ManufacturerName>לא ידוע</ManufacturerName>
      <ManufactureCountry>לא ידוע</ManufactureCountry>
      <ManufacturerItemDescription>מלפפון 18-25 חומץ 56</ManufacturerItemDescription>
      <UnitQty>לא ידוע</UnitQty>
      <Quantity>560.00</Quantity>
      <UnitOfMeasure>לא ידוע</UnitOfMeasure>
      <bIsWeighted>0</bIsWeighted>
      <QtyInPackage>לא ידוע</QtyInPackage>
      <ItemPrice>17.50</ItemPrice>
      <UnitOfMeasurePrice>0.0313</UnitOfMeasurePrice>
      <AllowDiscount>1</AllowDiscount>
      <ItemStatus>1</ItemStatus>
      <ItemId>229305</ItemId>
    </Item>
    <Item>
      <PriceUpdateDate>2025-08-31 08:47:46</PriceUpdateDate>
      <ItemCode>7290002317296</ItemCode>
      <ItemType>1</ItemType>
      <ItemName>פלפל חריף שיפקה 20%</ItemName>
      <ManufacturerName>לא ידוע</ManufacturerName>
      <ManufactureCountry>לא ידוע</ManufactureCountry>
      <ManufacturerItemDescription>פלפל חריף שיפקה 20%</ManufacturerItemDescription>
      <UnitQty>לא ידוע</UnitQty>
      <Quantity>540.00</Quantity>
      <UnitOfMeasure>לא ידוע</UnitOfMeasure>
      <bIsWeighted>0</bIsWeighted>
      <QtyInPackage>לא ידוע</QtyInPackage>
      <ItemPrice>12.50</ItemPrice>
      <UnitOfMeasurePrice>0.0231</UnitOfMeasurePrice>
      <AllowDiscount>1</AllowDiscount>
      <ItemStatus>1</ItemStatus>
      <ItemId>229307</ItemId>
    </Item>
    <Item>
      <PriceUpdateDate>2025-08-31 08:47:47</PriceUpdateDate>
      <ItemCode>7290002317371</ItemCode>
      <ItemType>1</ItemType>
      <ItemName>זית חרוזית מושחר א2</ItemName>
      <ManufacturerName>לא ידוע</ManufacturerName>
      <ManufactureCountry>לא ידוע</ManufactureCountry>
      <ManufacturerItemDescription>זית חרוזית מושחר א2</ManufacturerItemDescription>
      <UnitQty>לא ידוע</UnitQty>
      <Quantity>560.00</Quantity>
      <UnitOfMeasure>לא ידוע</UnitOfMeasure>
      <bIsWeighted>0</bIsWeighted>
      <QtyInPackage>לא ידוע</QtyInPackage>
      <ItemPrice>15.50</ItemPrice>
      <UnitOfMeasurePrice>0.0277</UnitOfMeasurePrice>
      <AllowDiscount>1</AllowDiscount>
      <ItemStatus>1</ItemStatus>
      <ItemId>229308</ItemId>
    </Item>
    <Item>
      <PriceUpdateDate>2025-08-31 08:29:29</PriceUpdateDate>
      <ItemCode>7290004586171</ItemCode>
      <ItemType>1</ItemType>
      <ItemName>תירוש אדום 650מל כרמ</ItemName>
      <ManufacturerName>לא ידוע</ManufacturerName>
      <ManufactureCountry>לא ידוע</ManufactureCountry>
      <ManufacturerItemDescription>תירוש אדום 650מל כרמ</ManufacturerItemDescription>
      <UnitQty>לא ידוע</UnitQty>
      <Quantity>650.00</Quantity>
      <UnitOfMeasure>לא ידוע</UnitOfMeasure>
      <bIsWeighted>0</bIsWeighted>
      <QtyInPackage>לא ידוע</QtyInPackage>
      <ItemPrice>15.90</ItemPrice>
      <UnitOfMeasurePrice>0.0245</UnitOfMeasurePrice>
      <AllowDiscount>1</AllowDiscount>
      <ItemStatus>1</ItemStatus>
      <ItemId>229318</ItemId>
    </Item>
    <Item>
      <PriceUpdateDate>2025-09-08 07:55:34</PriceUpdateDate>
      <ItemCode>7290016321883</ItemCode>
      <ItemType>1</ItemType>
      <ItemName>מגבוני נייר טואלט פר</ItemName>
      <ManufacturerName>לא ידוע</ManufacturerName>
      <ManufactureCountry>לא ידוע</ManufactureCountry>
      <ManufacturerItemDescription>מגבוני נייר טואלט פר</ManufacturerItemDescription>
      <UnitQty>יחידה   </UnitQty>
      <Quantity>0.00</Quantity>
      <UnitOfMeasure>יחידה   </UnitOfMeasure>
      <bIsWeighted>0</bIsWeighted>
      <QtyInPackage>לא ידוע</QtyInPackage>
      <ItemPrice>16.90</ItemPrice>
      <UnitOfMeasurePrice>0.0000</UnitOfMeasurePrice>
      <AllowDiscount>1</AllowDiscount>
      <ItemStatus>1</ItemStatus>
      <ItemId>229552</ItemId>
    </Item>
    <Item>
      <PriceUpdateDate>2025-09-08 07:55:34</PriceUpdateDate>
      <ItemCode>7290016321890</ItemCode>
      <ItemType>1</ItemType>
      <ItemName>מגבוני נייר טואלט פר</ItemName>
      <ManufacturerName>לא ידוע</ManufacturerName>
      <ManufactureCountry>לא ידוע</ManufactureCountry>
      <ManufacturerItemDescription>מגבוני נייר טואלט פר</ManufacturerItemDescription>
      <UnitQty>יחידה   </UnitQty>
      <Quantity>0.00</Quantity>
      <UnitOfMeasure>יחידה   </UnitOfMeasure>
      <bIsWeighted>0</bIsWeighted>
      <QtyInPackage>לא ידוע</QtyInPackage>
      <ItemPrice>16.90</ItemPrice>
      <UnitOfMeasurePrice>0.0000</UnitOfMeasurePrice>
      <AllowDiscount>1</AllowDiscount>
      <ItemStatus>1</ItemStatus>
      <ItemId>229553</ItemId>
    </Item>
    <Item>
      <PriceUpdateDate>2025-09-07 10:42:54</PriceUpdateDate>
      <ItemCode>7290111344930</ItemCode>
      <ItemType>1</ItemType>
      <ItemName>מטליות לחות לרצפה בנ</ItemName>
      <ManufacturerName>לא ידוע</ManufacturerName>
      <ManufactureCountry>לא ידוע</ManufactureCountry>
      <ManufacturerItemDescription>מטליות לחות לרצפה בנ</ManufacturerItemDescription>
      <UnitQty>לא ידוע</UnitQty>
      <Quantity>10.00</Quantity>
      <UnitOfMeasure>לא ידוע</UnitOfMeasure>
      <bIsWeighted>0</bIsWeighted>
      <QtyInPackage>לא ידוע</QtyInPackage>
      <ItemPrice>13.90</ItemPrice>
      <UnitOfMeasurePrice>1.3900</UnitOfMeasurePrice>
      <AllowDiscount>1</AllowDiscount>
      <ItemStatus>1</ItemStatus>
      <ItemId>236334</ItemId>
    </Item>
    <Item>
      <PriceUpdateDate>2025-12-25 07:23:32</PriceUpdateDate>
      <ItemCode>7290112499844</ItemCode>
      <ItemType>1</ItemType>
      <ItemName>מיני מגנום דואט שוקו</ItemName>
      <ManufacturerName>לא ידוע</ManufacturerName>
      <ManufactureCountry>לא ידוע</ManufactureCountry>
      <ManufacturerItemDescription>מיני מגנום דואט שוקו</ManufacturerItemDescription>
      <UnitQty>לא ידוע</UnitQty>
      <Quantity>310.00</Quantity>
      <UnitOfMeasure>לא ידוע</UnitOfMeasure>
      <bIsWeighted>0</bIsWeighted>
      <QtyInPackage>לא ידוע</QtyInPackage>
      <ItemPrice>36.90</ItemPrice>
      <UnitOfMeasurePrice>0.1190</UnitOfMeasurePrice>
      <AllowDiscount>1</AllowDiscount>
      <ItemStatus>1</ItemStatus>
      <ItemId>229580</ItemId>
    </Item>
    <Item>
      <PriceUpdateDate>2025-12-29 15:00:20</PriceUpdateDate>
      <ItemCode>7290112499943</ItemCode>
      <ItemType>1</ItemType>
      <ItemName>מיני מגנום קלאסיק שו</ItemName>
      <ManufacturerName>לא ידוע</ManufacturerName>
      <ManufactureCountry>לא ידוע</ManufactureCountry>
      <ManufacturerItemDescription>מיני מגנום קלאסיק שו</ManufacturerItemDescription>
      <UnitQty>לא ידוע</UnitQty>
      <Quantity>250.00</Quantity>
      <UnitOfMeasure>לא ידוע</UnitOfMeasure>
      <bIsWeighted>0</bIsWeighted>
      <QtyInPackage>לא ידוע</QtyInPackage>
      <ItemPrice>36.90</ItemPrice>
      <UnitOfMeasurePrice>0.1476</UnitOfMeasurePrice>
      <AllowDiscount>1</AllowDiscount>
      <ItemStatus>1</ItemStatus>
      <ItemId>229581</ItemId>
    </Item>
    <Item>
      <PriceUpdateDate>2025-08-26 16:05:50</PriceUpdateDate>
      <ItemCode>7290118422723</ItemCode>
      <ItemType>1</ItemType>
      <ItemName>ערגליות מיניס בטעם ת</ItemName>
      <ManufacturerName>קריות זול</ManufacturerName>
      <ManufactureCountry>לא ידוע</ManufactureCountry>
      <ManufacturerItemDescription>ערגליות מיניס בטעם ת</ManufacturerItemDescription>
      <UnitQty>לא ידוע</UnitQty>
      <Quantity>300.00</Quantity>
      <UnitOfMeasure>לא ידוע</UnitOfMeasure>
      <bIsWeighted>0</bIsWeighted>
      <QtyInPackage>לא ידוע</QtyInPackage>
      <ItemPrice>12.90</ItemPrice>
      <UnitOfMeasurePrice>0.0430</UnitOfMeasurePrice>
      <AllowDiscount>1</AllowDiscount>
      <ItemStatus>1</ItemStatus>
      <ItemId>242035</ItemId>
    </Item>
    <Item>
      <PriceUpdateDate>2025-08-18 11:35:25</PriceUpdateDate>
      <ItemCode>36000516890</ItemCode>
      <ItemType>1</ItemType>
      <ItemName>קלינקס ממחטות אף אלו</ItemName>
      <ManufacturerName>לא ידוע</ManufacturerName>
      <ManufactureCountry>לא ידוע</ManufactureCountry>
      <ManufacturerItemDescription>קלינקס ממחטות אף אלו</ManufacturerItemDescription>
      <UnitQty>לא ידוע</UnitQty>
      <Quantity>120.00</Quantity>
      <UnitOfMeasure>לא ידוע</UnitOfMeasure>
      <bIsWeighted>0</bIsWeighted>
      <QtyInPackage>לא ידוע</QtyInPackage>
      <ItemPrice>20.90</ItemPrice>
      <UnitOfMeasurePrice>0.1742</UnitOfMeasurePrice>
      <AllowDiscount>1</AllowDiscount>
      <ItemStatus>1</ItemStatus>
      <ItemId>229737</ItemId>
    </Item>
    <Item>
      <PriceUpdateDate>2025-08-18 11:35:25</PriceUpdateDate>
      <ItemCode>36000516876</ItemCode>
      <ItemType>1</ItemType>
      <ItemName>ממחטות קלינקס 75 יחי</ItemName>
      <ManufacturerName>לא ידוע</ManufacturerName>
      <ManufactureCountry>לא ידוע</ManufactureCountry>
      <ManufacturerItemDescription>ממחטות קלינקס 75 יחי</ManufacturerItemDescription>
      <UnitQty>יחידה   </UnitQty>
      <Quantity>0.00</Quantity>
      <UnitOfMeasure>יחידה   </UnitOfMeasure>
      <bIsWeighted>0</bIsWeighted>
      <QtyInPackage>לא ידוע</QtyInPackage>
      <ItemPrice>15.90</ItemPrice>
      <UnitOfMeasurePrice>0.0000</UnitOfMeasurePrice>
      <AllowDiscount>1</AllowDiscount>
      <ItemStatus>1</ItemStatus>
      <ItemId>229738</ItemId>
    </Item>
    <Item>
      <PriceUpdateDate>2025-08-19 11:25:58</PriceUpdateDate>
      <ItemCode>7290005431906</ItemCode>
      <ItemType>1</ItemType>
      <ItemName>קדאיף 82 גרם</ItemName>
      <ManufacturerName>לא ידוע</ManufacturerName>
      <ManufactureCountry>לא ידוע</ManufactureCountry>
      <ManufacturerItemDescription>קדאיף 82 גרם</ManufacturerItemDescription>
      <UnitQty>לא ידוע</UnitQty>
      <Quantity>92.00</Quantity>
      <UnitOfMeasure>לא ידוע</UnitOfMeasure>
      <bIsWeighted>0</bIsWeighted>
      <QtyInPackage>לא ידוע</QtyInPackage>
      <ItemPrice>8.90</ItemPrice>
      <UnitOfMeasurePrice>0.0967</UnitOfMeasurePrice>
      <AllowDiscount>1</AllowDiscount>
      <ItemStatus>1</ItemStatus>
      <ItemId>229787</ItemId>
    </Item>
    <Item>
      <PriceUpdateDate>2025-08-19 11:26:00</PriceUpdateDate>
      <ItemCode>7290005431920</ItemCode>
      <ItemType>1</ItemType>
      <ItemName>עוגת גבינה פירורים ל</ItemName>
      <ManufacturerName>לא ידוע</ManufacturerName>
      <ManufactureCountry>לא ידוע</ManufactureCountry>
      <ManufacturerItemDescription>עוגת גבינה פירורים ל</ManufacturerItemDescription>
      <UnitQty>לא ידוע</UnitQty>
      <Quantity>165.00</Quantity>
      <UnitOfMeasure>לא ידוע</UnitOfMeasure>
      <bIsWeighted>0</bIsWeighted>
      <QtyInPackage>לא ידוע</QtyInPackage>
      <ItemPrice>8.90</ItemPrice>
      <UnitOfMeasurePrice>0.0539</UnitOfMeasurePrice>
      <AllowDiscount>1</AllowDiscount>
      <ItemStatus>1</ItemStatus>
      <ItemId>229789</ItemId>
    </Item>
    <Item>
      <PriceUpdateDate>2025-08-19 11:26:01</PriceUpdateDate>
      <ItemCode>7290005431937</ItemCode>
      <ItemType>1</ItemType>
      <ItemName>טירמיסו 82 גרם</ItemName>
      <ManufacturerName>לא ידוע</ManufacturerName>
      <ManufactureCountry>לא ידוע</ManufactureCountry>
      <ManufacturerItemDescription>טירמיסו 82 גרם</ManufacturerItemDescription>
      <UnitQty>לא ידוע</UnitQty>
      <Quantity>82.00</Quantity>
      <UnitOfMeasure>לא ידוע</UnitOfMeasure>
      <bIsWeighted>0</bIsWeighted>
      <QtyInPackage>לא ידוע</QtyInPackage>
      <ItemPrice>8.90</ItemPrice>
      <UnitOfMeasurePrice>0.1085</UnitOfMeasurePrice>
      <AllowDiscount>1</AllowDiscount>
      <ItemStatus>1</ItemStatus>
      <ItemId>229790</ItemId>
    </Item>
    <Item>
      <PriceUpdateDate>2025-08-19 11:26:02</PriceUpdateDate>
      <ItemCode>7290005431951</ItemCode>
      <ItemType>1</ItemType>
      <ItemName>מוס שוקולד 75 גרם</ItemName>
      <ManufacturerName>לא ידוע</ManufacturerName>
      <ManufactureCountry>לא ידוע</ManufactureCountry>
      <ManufacturerItemDescription>מוס שוקולד 75 גרם</ManufacturerItemDescription>
      <UnitQty>לא ידוע</UnitQty>
      <Quantity>75.00</Quantity>
      <UnitOfMeasure>לא ידוע</UnitOfMeasure>
      <bIsWeighted>0</bIsWeighted>
      <QtyInPackage>לא ידוע</QtyInPackage>
      <ItemPrice>8.90</ItemPrice>
      <UnitOfMeasurePrice>0.1187</UnitOfMeasurePrice>
      <AllowDiscount>1</AllowDiscount>
      <ItemStatus>1</ItemStatus>
      <ItemId>229791</ItemId>
    </Item>
    <Item>
      <PriceUpdateDate>2025-08-26 11:21:14</PriceUpdateDate>
      <ItemCode>7290110325893</ItemCode>
      <ItemType>1</ItemType>
      <ItemName>משקה חלב גו אייס קפה</ItemName>
      <ManufacturerName>קריות זול</ManufacturerName>
      <ManufactureCountry>לא ידוע</ManufactureCountry>
      <ManufacturerItemDescription>משקה חלב גו אייס קפה</ManufacturerItemDescription>
      <UnitQty>לא ידוע</UnitQty>
      <Quantity>340.00</Quantity>
      <UnitOfMeasure>לא ידוע</UnitOfMeasure>
      <bIsWeighted>0</bIsWeighted>
      <QtyInPackage>לא ידוע</QtyInPackage>
      <ItemPrice>10.50</ItemPrice>
      <UnitOfMeasurePrice>0.0309</UnitOfMeasurePrice>
      <AllowDiscount>1</AllowDiscount>
      <ItemStatus>1</ItemStatus>
      <ItemId>229793</ItemId>
    </Item>
    <Item>
      <PriceUpdateDate>2025-08-26 11:21:10</PriceUpdateDate>
      <ItemCode>7290110325619</ItemCode>
      <ItemType>1</ItemType>
      <ItemName>משקה שיבולת שועל 1 ל</ItemName>
      <ManufacturerName>לא ידוע</ManufacturerName>
      <ManufactureCountry>ישראל</ManufactureCountry>
      <ManufacturerItemDescription>משקה שיבולת שועל 1 ל</ManufacturerItemDescription>
      <UnitQty>לא ידוע</UnitQty>
      <Quantity>1000.00</Quantity>
      <UnitOfMeasure>לא ידוע</UnitOfMeasure>
      <bIsWeighted>0</bIsWeighted>
      <QtyInPackage>לא ידוע</QtyInPackage>
      <ItemPrice>14.90</ItemPrice>
      <UnitOfMeasurePrice>0.0149</UnitOfMeasurePrice>
      <AllowDiscount>1</AllowDiscount>
      <ItemStatus>1</ItemStatus>
      <ItemId>229795</ItemId>
    </Item>
    <Item>
      <PriceUpdateDate>2025-09-07 19:38:16</PriceUpdateDate>
      <ItemCode>7290017617046</ItemCode>
      <ItemType>1</ItemType>
      <ItemName>טונה סטארקיסט בשמן ז</ItemName>
      <ManufacturerName>לא ידוע</ManufacturerName>
      <ManufactureCountry>לא ידוע</ManufactureCountry>
      <ManufacturerItemDescription>טונה סטארקיסט בשמן ז</ManufacturerItemDescription>
      <UnitQty>לא ידוע</UnitQty>
      <Quantity>560.00</Quantity>
      <UnitOfMeasure>לא ידוע</UnitOfMeasure>
      <bIsWeighted>0</bIsWeighted>
      <QtyInPackage>לא ידוע</QtyInPackage>
      <ItemPrice>29.90</ItemPrice>
      <UnitOfMeasurePrice>0.0534</UnitOfMeasurePrice>
      <AllowDiscount>1</AllowDiscount>
      <ItemStatus>1</ItemStatus>
      <ItemId>229811</ItemId>
    </Item>
    <Item>
      <PriceUpdateDate>2025-08-26 11:13:25</PriceUpdateDate>
      <ItemCode>7290112342102</ItemCode>
      <ItemType>1</ItemType>
      <ItemName>גבינת סימפוניה בצל מ</ItemName>
      <ManufacturerName>לא ידוע</ManufacturerName>
      <ManufactureCountry>לא ידוע</ManufactureCountry>
      <ManufacturerItemDescription>גבינת סימפוניה בצל מ</ManufacturerItemDescription>
      <UnitQty>לא ידוע</UnitQty>
      <Quantity>200.00</Quantity>
      <UnitOfMeasure>לא ידוע</UnitOfMeasure>
      <bIsWeighted>0</bIsWeighted>
      <QtyInPackage>לא ידוע</QtyInPackage>
      <ItemPrice>12.50</ItemPrice>
      <UnitOfMeasurePrice>0.0625</UnitOfMeasurePrice>
      <AllowDiscount>1</AllowDiscount>
      <ItemStatus>1</ItemStatus>
      <ItemId>229832</ItemId>
    </Item>
    <Item>
      <PriceUpdateDate>2025-08-26 10:33:16</PriceUpdateDate>
      <ItemCode>7290017105468</ItemCode>
      <ItemType>1</ItemType>
      <ItemName>אפונה קטנה יכין 3*20</ItemName>
      <ManufacturerName>לא ידוע</ManufacturerName>
      <ManufactureCountry>לא ידוע</ManufactureCountry>
      <ManufacturerItemDescription>אפונה קטנה יכין 3*20</ManufacturerItemDescription>
      <UnitQty>לא ידוע</UnitQty>
      <Quantity>600.00</Quantity>
      <UnitOfMeasure>לא ידוע</UnitOfMeasure>
      <bIsWeighted>0</bIsWeighted>
      <QtyInPackage>לא ידוע</QtyInPackage>
      <ItemPrice>17.90</ItemPrice>
      <UnitOfMeasurePrice>0.0298</UnitOfMeasurePrice>
      <AllowDiscount>1</AllowDiscount>
      <ItemStatus>1</ItemStatus>
      <ItemId>229835</ItemId>
    </Item>
    <Item>
      <PriceUpdateDate>2025-09-03 13:37:48</PriceUpdateDate>
      <ItemCode>7290112348548</ItemCode>
      <ItemType>1</ItemType>
      <ItemName>שוקולד לבן רבנות 100</ItemName>
      <ManufacturerName>קריות זול</ManufacturerName>
      <ManufactureCountry>לא ידוע</ManufactureCountry>
      <ManufacturerItemDescription>שוקולד לבן רבנות 100</ManufacturerItemDescription>
      <UnitQty>לא ידוע</UnitQty>
      <Quantity>100.00</Quantity>
      <UnitOfMeasure>לא ידוע</UnitOfMeasure>
      <bIsWeighted>0</bIsWeighted>
      <QtyInPackage>לא ידוע</QtyInPackage>
      <ItemPrice>9.50</ItemPrice>
      <UnitOfMeasurePrice>0.0950</UnitOfMeasurePrice>
      <AllowDiscount>1</AllowDiscount>
      <ItemStatus>1</ItemStatus>
      <ItemId>229868</ItemId>
    </Item>
    <Item>
      <PriceUpdateDate>2025-09-07 10:41:22</PriceUpdateDate>
      <ItemCode>7290108351699</ItemCode>
      <ItemType>1</ItemType>
      <ItemName>מגבוני ניקוי ג'ט +חו</ItemName>
      <ManufacturerName>לא ידוע</ManufacturerName>
      <ManufactureCountry>לא ידוע</ManufactureCountry>
      <ManufacturerItemDescription>מגבוני ניקוי ג'ט +חו</ManufacturerItemDescription>
      <UnitQty>יחידה   </UnitQty>
      <Quantity>0.00</Quantity>
      <UnitOfMeasure>יחידה   </UnitOfMeasure>
      <bIsWeighted>0</bIsWeighted>
      <QtyInPackage>לא ידוע</QtyInPackage>
      <ItemPrice>23.90</ItemPrice>
      <UnitOfMeasurePrice>0.0000</UnitOfMeasurePrice>
      <AllowDiscount>1</AllowDiscount>
      <ItemStatus>1</ItemStatus>
      <ItemId>229875</ItemId>
    </Item>
    <Item>
      <PriceUpdateDate>2025-08-22 11:39:09</PriceUpdateDate>
      <ItemCode>7290013268242</ItemCode>
      <ItemType>1</ItemType>
      <ItemName>ריצפז פרש הום בניחוח</ItemName>
      <ManufacturerName>לא ידוע</ManufacturerName>
      <ManufactureCountry>לא ידוע</ManufactureCountry>
      <ManufacturerItemDescription>ריצפז פרש הום בניחוח</ManufacturerItemDescription>
      <UnitQty>לא ידוע</UnitQty>
      <Quantity>2000.00</Quantity>
      <UnitOfMeasure>לא ידוע</UnitOfMeasure>
      <bIsWeighted>0</bIsWeighted>
      <QtyInPackage>לא ידוע</QtyInPackage>
      <ItemPrice>22.90</ItemPrice>
      <UnitOfMeasurePrice>0.0114</UnitOfMeasurePrice>
      <AllowDiscount>1</AllowDiscount>
      <ItemStatus>1</ItemStatus>
      <ItemId>229881</ItemId>
    </Item>
    <Item>
      <PriceUpdateDate>2025-09-07 10:42:03</PriceUpdateDate>
      <ItemCode>7290108357004</ItemCode>
      <ItemType>1</ItemType>
      <ItemName>כיף שמפו לשיער ורד ו</ItemName>
      <ManufacturerName>לא ידוע</ManufacturerName>
      <ManufactureCountry>לא ידוע</ManufactureCountry>
      <ManufacturerItemDescription>כיף שמפו לשיער ורד ו</ManufacturerItemDescription>
      <UnitQty>לא ידוע</UnitQty>
      <Quantity>700.00</Quantity>
      <UnitOfMeasure>לא ידוע</UnitOfMeasure>
      <bIsWeighted>0</bIsWeighted>
      <QtyInPackage>לא ידוע</QtyInPackage>
      <ItemPrice>13.90</ItemPrice>
      <UnitOfMeasurePrice>0.0199</UnitOfMeasurePrice>
      <AllowDiscount>1</AllowDiscount>
      <ItemStatus>1</ItemStatus>
      <ItemId>229885</ItemId>
    </Item>
    <Item>
      <PriceUpdateDate>2025-09-03 15:22:42</PriceUpdateDate>
      <ItemCode>80843184</ItemCode>
      <ItemType>1</ItemType>
      <ItemName>מסטיק מנטוס פיור פרש</ItemName>
      <ManufacturerName>לא ידוע</ManufacturerName>
      <ManufactureCountry>לא ידוע</ManufactureCountry>
      <ManufacturerItemDescription>מסטיק מנטוס פיור פרש</ManufacturerItemDescription>
      <UnitQty>לא ידוע</UnitQty>
      <Quantity>60.00</Quantity>
      <UnitOfMeasure>לא ידוע</UnitOfMeasure>
      <bIsWeighted>0</bIsWeighted>
      <QtyInPackage>לא ידוע</QtyInPackage>
      <ItemPrice>13.90</ItemPrice>
      <UnitOfMeasurePrice>0.2317</UnitOfMeasurePrice>
      <AllowDiscount>1</AllowDiscount>
      <ItemStatus>1</ItemStatus>
      <ItemId>235484</ItemId>
    </Item>
    <Item>
      <PriceUpdateDate>2025-09-05 13:22:15</PriceUpdateDate>
      <ItemCode>7290111010293</ItemCode>
      <ItemType>1</ItemType>
      <ItemName>נייר טואלט טוטו 48 ג</ItemName>
      <ManufacturerName>פריטי המותג של יאיר</ManufacturerName>
      <ManufactureCountry>לא ידוע</ManufactureCountry>
      <ManufacturerItemDescription>נייר טואלט טוטו 48 ג</ManufacturerItemDescription>
      <UnitQty>לא ידוע</UnitQty>
      <Quantity>48.00</Quantity>
      <UnitOfMeasure>לא ידוע</UnitOfMeasure>
      <bIsWeighted>0</bIsWeighted>
      <QtyInPackage>לא ידוע</QtyInPackage>
      <ItemPrice>36.90</ItemPrice>
      <UnitOfMeasurePrice>0.7687</UnitOfMeasurePrice>
      <AllowDiscount>1</AllowDiscount>
      <ItemStatus>1</ItemStatus>
      <ItemId>229909</ItemId>
    </Item>
    <Item>
      <PriceUpdateDate>2025-08-18 09:17:48</PriceUpdateDate>
      <ItemCode>7290002370420</ItemCode>
      <ItemType>1</ItemType>
      <ItemName>גאודה הולנדי 30% ויל</ItemName>
      <ManufacturerName>לא ידוע</ManufacturerName>
      <ManufactureCountry>הולנד</ManufactureCountry>
      <ManufacturerItemDescription>גאודה הולנדי 30% ויל</ManufacturerItemDescription>
      <UnitQty>קילוגרמים</UnitQty>
      <Quantity>1.00</Quantity>
      <UnitOfMeasure>ק"ג</UnitOfMeasure>
      <bIsWeighted>1</bIsWeighted>
      <QtyInPackage>לא ידוע</QtyInPackage>
      <ItemPrice>82.90</ItemPrice>
      <UnitOfMeasurePrice>82.9000</UnitOfMeasurePrice>
      <AllowDiscount>1</AllowDiscount>
      <ItemStatus>1</ItemStatus>
      <ItemId>229931</ItemId>
    </Item>
    <Item>
      <PriceUpdateDate>2025-05-07 12:56:06</PriceUpdateDate>
      <ItemCode>7290015155830</ItemCode>
      <ItemType>1</ItemType>
      <ItemName>פרינוק פאוץ' בטעם תפ</ItemName>
      <ManufacturerName>לא ידוע</ManufacturerName>
      <ManufactureCountry>לא ידוע</ManufactureCountry>
      <ManufacturerItemDescription>פרינוק פאוץ' בטעם תפ</ManufacturerItemDescription>
      <UnitQty>לא ידוע</UnitQty>
      <Quantity>120.00</Quantity>
      <UnitOfMeasure>לא ידוע</UnitOfMeasure>
      <bIsWeighted>0</bIsWeighted>
      <QtyInPackage>לא ידוע</QtyInPackage>
      <ItemPrice>6.90</ItemPrice>
      <UnitOfMeasurePrice>0.0575</UnitOfMeasurePrice>
      <AllowDiscount>1</AllowDiscount>
      <ItemStatus>1</ItemStatus>
      <ItemId>229919</ItemId>
    </Item>
    <Item>
      <PriceUpdateDate>2025-09-03 11:27:45</PriceUpdateDate>
      <ItemCode>7290112495792</ItemCode>
      <ItemType>1</ItemType>
      <ItemName>הלמנס רוטב שום לייט</ItemName>
      <ManufacturerName>לא ידוע</ManufacturerName>
      <ManufactureCountry>לא ידוע</ManufactureCountry>
      <ManufacturerItemDescription>הלמנס רוטב שום לייט</ManufacturerItemDescription>
      <UnitQty>לא ידוע</UnitQty>
      <Quantity>300.00</Quantity>
      <UnitOfMeasure>לא ידוע</UnitOfMeasure>
      <bIsWeighted>0</bIsWeighted>
      <QtyInPackage>לא ידוע</QtyInPackage>
      <ItemPrice>16.90</ItemPrice>
      <UnitOfMeasurePrice>0.0563</UnitOfMeasurePrice>
      <AllowDiscount>1</AllowDiscount>
      <ItemStatus>1</ItemStatus>
      <ItemId>229954</ItemId>
    </Item>
    <Item>
      <PriceUpdateDate>2025-09-03 11:27:44</PriceUpdateDate>
      <ItemCode>7290112495761</ItemCode>
      <ItemType>1</ItemType>
      <ItemName>הלמנס רוטב אלף האיים</ItemName>
      <ManufacturerName>לא ידוע</ManufacturerName>
      <ManufactureCountry>לא ידוע</ManufactureCountry>
      <ManufacturerItemDescription>הלמנס רוטב אלף האיים</ManufacturerItemDescription>
      <UnitQty>לא ידוע</UnitQty>
      <Quantity>305.00</Quantity>
      <UnitOfMeasure>לא ידוע</UnitOfMeasure>
      <bIsWeighted>0</bIsWeighted>
      <QtyInPackage>לא ידוע</QtyInPackage>
      <ItemPrice>16.90</ItemPrice>
      <UnitOfMeasurePrice>0.0554</UnitOfMeasurePrice>
      <AllowDiscount>1</AllowDiscount>
      <ItemStatus>1</ItemStatus>
      <ItemId>229956</ItemId>
    </Item>
    <Item>
      <PriceUpdateDate>2025-09-03 11:27:44</PriceUpdateDate>
      <ItemCode>7290112495785</ItemCode>
      <ItemType>1</ItemType>
      <ItemName>הלמנס לסלט רוטב שום</ItemName>
      <ManufacturerName>לא ידוע</ManufacturerName>
      <ManufactureCountry>לא ידוע</ManufactureCountry>
      <ManufacturerItemDescription>הלמנס לסלט רוטב שום</ManufacturerItemDescription>
      <UnitQty>לא ידוע</UnitQty>
      <Quantity>300.00</Quantity>
      <UnitOfMeasure>לא ידוע</UnitOfMeasure>
      <bIsWeighted>0</bIsWeighted>
      <QtyInPackage>לא ידוע</QtyInPackage>
      <ItemPrice>16.90</ItemPrice>
      <UnitOfMeasurePrice>0.0563</UnitOfMeasurePrice>
      <AllowDiscount>1</AllowDiscount>
      <ItemStatus>1</ItemStatus>
      <ItemId>229958</ItemId>
    </Item>
    <Item>
      <PriceUpdateDate>2025-09-03 11:27:43</PriceUpdateDate>
      <ItemCode>7290112495747</ItemCode>
      <ItemType>1</ItemType>
      <ItemName>רוטב צ'ילי מופחת סוכ</ItemName>
      <ManufacturerName>לא ידוע</ManufacturerName>
      <ManufactureCountry>לא ידוע</ManufactureCountry>
      <ManufacturerItemDescription>רוטב צ'ילי מופחת סוכ</ManufacturerItemDescription>
      <UnitQty>לא ידוע</UnitQty>
      <Quantity>340.00</Quantity>
      <UnitOfMeasure>לא ידוע</UnitOfMeasure>
      <bIsWeighted>0</bIsWeighted>
      <QtyInPackage>לא ידוע</QtyInPackage>
      <ItemPrice>17.90</ItemPrice>
      <UnitOfMeasurePrice>0.0526</UnitOfMeasurePrice>
      <AllowDiscount>1</AllowDiscount>
      <ItemStatus>1</ItemStatus>
      <ItemId>229961</ItemId>
    </Item>
    <Item>
      <PriceUpdateDate>2025-09-03 11:27:44</PriceUpdateDate>
      <ItemCode>7290112495754</ItemCode>
      <ItemType>1</ItemType>
      <ItemName>הלמנס לסלט אלף האיים</ItemName>
      <ManufacturerName>לא ידוע</ManufacturerName>
      <ManufactureCountry>לא ידוע</ManufactureCountry>
      <ManufacturerItemDescription>הלמנס לסלט אלף האיים</ManufacturerItemDescription>
      <UnitQty>לא ידוע</UnitQty>
      <Quantity>305.00</Quantity>
      <UnitOfMeasure>לא ידוע</UnitOfMeasure>
      <bIsWeighted>0</bIsWeighted>
      <QtyInPackage>לא ידוע</QtyInPackage>
      <ItemPrice>16.90</ItemPrice>
      <UnitOfMeasurePrice>0.0554</UnitOfMeasurePrice>
      <AllowDiscount>1</AllowDiscount>
      <ItemStatus>1</ItemStatus>
      <ItemId>229959</ItemId>
    </Item>
    <Item>
      <PriceUpdateDate>2025-09-03 11:27:47</PriceUpdateDate>
      <ItemCode>7290112496034</ItemCode>
      <ItemType>1</ItemType>
      <ItemName>אפיכל סירופ מייפל 58</ItemName>
      <ManufacturerName>לא ידוע</ManufacturerName>
      <ManufactureCountry>לא ידוע</ManufactureCountry>
      <ManufacturerItemDescription>אפיכל סירופ מייפל 58</ManufacturerItemDescription>
      <UnitQty>לא ידוע</UnitQty>
      <Quantity>580.00</Quantity>
      <UnitOfMeasure>לא ידוע</UnitOfMeasure>
      <bIsWeighted>0</bIsWeighted>
      <QtyInPackage>לא ידוע</QtyInPackage>
      <ItemPrice>20.90</ItemPrice>
      <UnitOfMeasurePrice>0.0360</UnitOfMeasurePrice>
      <AllowDiscount>1</AllowDiscount>
      <ItemStatus>1</ItemStatus>
      <ItemId>229970</ItemId>
    </Item>
    <Item>
      <PriceUpdateDate>2025-09-03 11:27:42</PriceUpdateDate>
      <ItemCode>7290112495280</ItemCode>
      <ItemType>1</ItemType>
      <ItemName>ברנפלקס ריבועי קינמו</ItemName>
      <ManufacturerName>לא ידוע</ManufacturerName>
      <ManufactureCountry>לא ידוע</ManufactureCountry>
      <ManufacturerItemDescription>ברנפלקס ריבועי קינמו</ManufacturerItemDescription>
      <UnitQty>לא ידוע</UnitQty>
      <Quantity>500.00</Quantity>
      <UnitOfMeasure>לא ידוע</UnitOfMeasure>
      <bIsWeighted>0</bIsWeighted>
      <QtyInPackage>לא ידוע</QtyInPackage>
      <ItemPrice>30.90</ItemPrice>
      <UnitOfMeasurePrice>0.0618</UnitOfMeasurePrice>
      <AllowDiscount>1</AllowDiscount>
      <ItemStatus>1</ItemStatus>
      <ItemId>229976</ItemId>
    </Item>
    <Item>
      <PriceUpdateDate>2025-12-29 15:00:19</PriceUpdateDate>
      <ItemCode>7290112499837</ItemCode>
      <ItemType>1</ItemType>
      <ItemName>שלגון מגנום דואט נוג</ItemName>
      <ManufacturerName>לא ידוע</ManufacturerName>
      <ManufactureCountry>לא ידוע</ManufactureCountry>
      <ManufacturerItemDescription>שלגון מגנום דואט נוג</ManufacturerItemDescription>
      <UnitQty>לא ידוע</UnitQty>
      <Quantity>90.00</Quantity>
      <UnitOfMeasure>לא ידוע</UnitOfMeasure>
      <bIsWeighted>0</bIsWeighted>
      <QtyInPackage>לא ידוע</QtyInPackage>
      <ItemPrice>14.50</ItemPrice>
      <UnitOfMeasurePrice>0.1611</UnitOfMeasurePrice>
      <AllowDiscount>1</AllowDiscount>
      <ItemStatus>1</ItemStatus>
      <ItemId>229981</ItemId>
    </Item>
    <Item>
      <PriceUpdateDate>2025-08-26 16:06:22</PriceUpdateDate>
      <ItemCode>7613037686906</ItemCode>
      <ItemType>1</ItemType>
      <ItemName>פיטנס שקדים ודבש 355</ItemName>
      <ManufacturerName>לא ידוע</ManufacturerName>
      <ManufactureCountry>לא ידוע</ManufactureCountry>
      <ManufacturerItemDescription>פיטנס שקדים ודבש 355</ManufacturerItemDescription>
      <UnitQty>לא ידוע</UnitQty>
      <Quantity>355.00</Quantity>
      <UnitOfMeasure>לא ידוע</UnitOfMeasure>
      <bIsWeighted>0</bIsWeighted>
      <QtyInPackage>לא ידוע</QtyInPackage>
      <ItemPrice>26.90</ItemPrice>
      <UnitOfMeasurePrice>0.0758</UnitOfMeasurePrice>
      <AllowDiscount>1</AllowDiscount>
      <ItemStatus>1</ItemStatus>
      <ItemId>229983</ItemId>
    </Item>
    <Item>
      <PriceUpdateDate>2025-08-26 16:06:23</PriceUpdateDate>
      <ItemCode>7613038451954</ItemCode>
      <ItemType>1</ItemType>
      <ItemName>קראנץ שוקולד דגני בו</ItemName>
      <ManufacturerName>לא ידוע</ManufacturerName>
      <ManufactureCountry>לא ידוע</ManufactureCountry>
      <ManufacturerItemDescription>קראנץ שוקולד דגני בו</ManufacturerItemDescription>
      <UnitQty>לא ידוע</UnitQty>
      <Quantity>410.00</Quantity>
      <UnitOfMeasure>לא ידוע</UnitOfMeasure>
      <bIsWeighted>0</bIsWeighted>
      <QtyInPackage>לא ידוע</QtyInPackage>
      <ItemPrice>25.90</ItemPrice>
      <UnitOfMeasurePrice>0.0632</UnitOfMeasurePrice>
      <AllowDiscount>1</AllowDiscount>
      <ItemStatus>1</ItemStatus>
      <ItemId>229988</ItemId>
    </Item>
    <Item>
      <PriceUpdateDate>2025-09-07 10:41:32</PriceUpdateDate>
      <ItemCode>7290108353099</ItemCode>
      <ItemType>1</ItemType>
      <ItemName>סנו סופט ממחטות אף ב</ItemName>
      <ManufacturerName>לא ידוע</ManufacturerName>
      <ManufactureCountry>לא ידוע</ManufactureCountry>
      <ManufacturerItemDescription>סנו סופט ממחטות אף ב</ManufacturerItemDescription>
      <UnitQty>יחידה   </UnitQty>
      <Quantity>0.00</Quantity>
      <UnitOfMeasure>יחידה   </UnitOfMeasure>
      <bIsWeighted>0</bIsWeighted>
      <QtyInPackage>לא ידוע</QtyInPackage>
      <ItemPrice>18.90</ItemPrice>
      <UnitOfMeasurePrice>0.0000</UnitOfMeasurePrice>
      <AllowDiscount>1</AllowDiscount>
      <ItemStatus>1</ItemStatus>
      <ItemId>230069</ItemId>
    </Item>
    <Item>
      <PriceUpdateDate>2025-08-26 16:05:18</PriceUpdateDate>
      <ItemCode>7290112968685</ItemCode>
      <ItemType>1</ItemType>
      <ItemName>חומוס גרגרים בתטבילה</ItemName>
      <ManufacturerName>לא ידוע</ManufacturerName>
      <ManufactureCountry>לא ידוע</ManufactureCountry>
      <ManufacturerItemDescription>חומוס גרגרים בתטבילה</ManufacturerItemDescription>
      <UnitQty>לא ידוע</UnitQty>
      <Quantity>400.00</Quantity>
      <UnitOfMeasure>לא ידוע</UnitOfMeasure>
      <bIsWeighted>0</bIsWeighted>
      <QtyInPackage>לא ידוע</QtyInPackage>
      <ItemPrice>17.90</ItemPrice>
      <UnitOfMeasurePrice>0.0447</UnitOfMeasurePrice>
      <AllowDiscount>1</AllowDiscount>
      <ItemStatus>1</ItemStatus>
      <ItemId>230128</ItemId>
    </Item>
    <Item>
      <PriceUpdateDate>2025-08-31 09:22:42</PriceUpdateDate>
      <ItemCode>7290017812571</ItemCode>
      <ItemType>1</ItemType>
      <ItemName>תירוש אדום 1 ל מיץ ע</ItemName>
      <ManufacturerName>לא ידוע</ManufacturerName>
      <ManufactureCountry>לא ידוע</ManufactureCountry>
      <ManufacturerItemDescription>תירוש אדום 1 ל מיץ ע</ManufacturerItemDescription>
      <UnitQty>לא ידוע</UnitQty>
      <Quantity>1000.00</Quantity>
      <UnitOfMeasure>לא ידוע</UnitOfMeasure>
      <bIsWeighted>0</bIsWeighted>
      <QtyInPackage>לא ידוע</QtyInPackage>
      <ItemPrice>21.90</ItemPrice>
      <UnitOfMeasurePrice>0.0219</UnitOfMeasurePrice>
      <AllowDiscount>1</AllowDiscount>
      <ItemStatus>1</ItemStatus>
      <ItemId>230133</ItemId>
    </Item>
    <Item>
      <PriceUpdateDate>2025-08-31 09:22:42</PriceUpdateDate>
      <ItemCode>7290017812588</ItemCode>
      <ItemType>1</ItemType>
      <ItemName>תירוש לבן 1 ל' מיץ ע</ItemName>
      <ManufacturerName>לא ידוע</ManufacturerName>
      <ManufactureCountry>לא ידוע</ManufactureCountry>
      <ManufacturerItemDescription>תירוש לבן 1 ל' מיץ ע</ManufacturerItemDescription>
      <UnitQty>לא ידוע</UnitQty>
      <Quantity>1000.00</Quantity>
      <UnitOfMeasure>לא ידוע</UnitOfMeasure>
      <bIsWeighted>0</bIsWeighted>
      <QtyInPackage>לא ידוע</QtyInPackage>
      <ItemPrice>21.90</ItemPrice>
      <UnitOfMeasurePrice>0.0219</UnitOfMeasurePrice>
      <AllowDiscount>1</AllowDiscount>
      <ItemStatus>1</ItemStatus>
      <ItemId>230134</ItemId>
    </Item>
    <Item>
      <PriceUpdateDate>2025-08-19 09:35:13</PriceUpdateDate>
      <ItemCode>5000157143365</ItemCode>
      <ItemType>1</ItemType>
      <ItemName>מתבל בטעם מיונז וקטש</ItemName>
      <ManufacturerName>לא ידוע</ManufacturerName>
      <ManufactureCountry>לא ידוע</ManufactureCountry>
      <ManufacturerItemDescription>מתבל בטעם מיונז וקטש</ManufacturerItemDescription>
      <UnitQty>לא ידוע</UnitQty>
      <Quantity>425.00</Quantity>
      <UnitOfMeasure>לא ידוע</UnitOfMeasure>
      <bIsWeighted>0</bIsWeighted>
      <QtyInPackage>לא ידוע</QtyInPackage>
      <ItemPrice>19.90</ItemPrice>
      <UnitOfMeasurePrice>0.0468</UnitOfMeasurePrice>
      <AllowDiscount>1</AllowDiscount>
      <ItemStatus>1</ItemStatus>
      <ItemId>230174</ItemId>
    </Item>
    <Item>
      <PriceUpdateDate>2025-08-31 08:47:39</PriceUpdateDate>
      <ItemCode>7290012191855</ItemCode>
      <ItemType>1</ItemType>
      <ItemName>גפרור רגיל עשיריות</ItemName>
      <ManufacturerName>לא ידוע</ManufacturerName>
      <ManufactureCountry>לא ידוע</ManufactureCountry>
      <ManufacturerItemDescription>גפרור רגיל עשיריות</ManufacturerItemDescription>
      <UnitQty>יחידה   </UnitQty>
      <Quantity>0.00</Quantity>
      <UnitOfMeasure>יחידה   </UnitOfMeasure>
      <bIsWeighted>0</bIsWeighted>
      <QtyInPackage>לא ידוע</QtyInPackage>
      <ItemPrice>4.00</ItemPrice>
      <UnitOfMeasurePrice>0.0000</UnitOfMeasurePrice>
      <AllowDiscount>1</AllowDiscount>
      <ItemStatus>1</ItemStatus>
      <ItemId>230186</ItemId>
    </Item>
    <Item>
      <PriceUpdateDate>2025-08-26 11:47:55</PriceUpdateDate>
      <ItemCode>7290116930282</ItemCode>
      <ItemType>1</ItemType>
      <ItemName>ארוחה בקטנה לאבנה עם</ItemName>
      <ManufacturerName>לא ידוע</ManufacturerName>
      <ManufactureCountry>לא ידוע</ManufactureCountry>
      <ManufacturerItemDescription>ארוחה בקטנה לאבנה עם</ManufacturerItemDescription>
      <UnitQty>לא ידוע</UnitQty>
      <Quantity>150.00</Quantity>
      <UnitOfMeasure>לא ידוע</UnitOfMeasure>
      <bIsWeighted>0</bIsWeighted>
      <QtyInPackage>לא ידוע</QtyInPackage>
      <ItemPrice>10.90</ItemPrice>
      <UnitOfMeasurePrice>0.0727</UnitOfMeasurePrice>
      <AllowDiscount>1</AllowDiscount>
      <ItemStatus>1</ItemStatus>
      <ItemId>239252</ItemId>
    </Item>
    <Item>
      <PriceUpdateDate>2025-08-26 11:21:11</PriceUpdateDate>
      <ItemCode>7290110325701</ItemCode>
      <ItemType>1</ItemType>
      <ItemName>פיראוס צזיקי יווני 9</ItemName>
      <ManufacturerName>לא ידוע</ManufacturerName>
      <ManufactureCountry>לא ידוע</ManufactureCountry>
      <ManufacturerItemDescription>פיראוס צזיקי יווני 9</ManufacturerItemDescription>
      <UnitQty>לא ידוע</UnitQty>
      <Quantity>250.00</Quantity>
      <UnitOfMeasure>לא ידוע</UnitOfMeasure>
      <bIsWeighted>0</bIsWeighted>
      <QtyInPackage>לא ידוע</QtyInPackage>
      <ItemPrice>17.90</ItemPrice>
      <UnitOfMeasurePrice>0.0716</UnitOfMeasurePrice>
      <AllowDiscount>1</AllowDiscount>
      <ItemStatus>1</ItemStatus>
      <ItemId>230201</ItemId>
    </Item>
    <Item>
      <PriceUpdateDate>2025-09-04 11:56:55</PriceUpdateDate>
      <ItemCode>5060517886547</ItemCode>
      <ItemType>1</ItemType>
      <ItemName>מונסטר רוזי פח 500מל</ItemName>
      <ManufacturerName>לא ידוע</ManufacturerName>
      <ManufactureCountry>לא ידוע</ManufactureCountry>
      <ManufacturerItemDescription>מונסטר רוזי פח 500מל</ManufacturerItemDescription>
      <UnitQty>לא ידוע</UnitQty>
      <Quantity>500.00</Quantity>
      <UnitOfMeasure>לא ידוע</UnitOfMeasure>
      <bIsWeighted>0</bIsWeighted>
      <QtyInPackage>לא ידוע</QtyInPackage>
      <ItemPrice>10.50</ItemPrice>
      <UnitOfMeasurePrice>0.0210</UnitOfMeasurePrice>
      <AllowDiscount>1</AllowDiscount>
      <ItemStatus>1</ItemStatus>
      <ItemId>230219</ItemId>
    </Item>
    <Item>
      <PriceUpdateDate>2025-09-03 13:37:50</PriceUpdateDate>
      <ItemCode>7290112349736</ItemCode>
      <ItemType>1</ItemType>
      <ItemName>רוטב עגבניות לפסטה 3</ItemName>
      <ManufacturerName>לא ידוע</ManufacturerName>
      <ManufactureCountry>לא ידוע</ManufactureCountry>
      <ManufacturerItemDescription>רוטב עגבניות לפסטה 3</ManufacturerItemDescription>
      <UnitQty>לא ידוע</UnitQty>
      <Quantity>350.00</Quantity>
      <UnitOfMeasure>לא ידוע</UnitOfMeasure>
      <bIsWeighted>0</bIsWeighted>
      <QtyInPackage>לא ידוע</QtyInPackage>
      <ItemPrice>15.90</ItemPrice>
      <UnitOfMeasurePrice>0.0454</UnitOfMeasurePrice>
      <AllowDiscount>1</AllowDiscount>
      <ItemStatus>1</ItemStatus>
      <ItemId>230224</ItemId>
    </Item>
    <Item>
      <PriceUpdateDate>2025-09-03 13:37:50</PriceUpdateDate>
      <ItemCode>7290112349705</ItemCode>
      <ItemType>1</ItemType>
      <ItemName>רוטב עגבניות קלאסי ל</ItemName>
      <ManufacturerName>לא ידוע</ManufacturerName>
      <ManufactureCountry>לא ידוע</ManufactureCountry>
      <ManufacturerItemDescription>רוטב עגבניות קלאסי ל</ManufacturerItemDescription>
      <UnitQty>לא ידוע</UnitQty>
      <Quantity>350.00</Quantity>
      <UnitOfMeasure>לא ידוע</UnitOfMeasure>
      <bIsWeighted>0</bIsWeighted>
      <QtyInPackage>לא ידוע</QtyInPackage>
      <ItemPrice>15.90</ItemPrice>
      <UnitOfMeasurePrice>0.0454</UnitOfMeasurePrice>
      <AllowDiscount>1</AllowDiscount>
      <ItemStatus>1</ItemStatus>
      <ItemId>230227</ItemId>
    </Item>
    <Item>
      <PriceUpdateDate>2025-08-21 11:23:44</PriceUpdateDate>
      <ItemCode>7290017928821</ItemCode>
      <ItemType>1</ItemType>
      <ItemName>מאיר בייגל מקלות גרי</ItemName>
      <ManufacturerName>לא ידוע</ManufacturerName>
      <ManufactureCountry>לא ידוע</ManufactureCountry>
      <ManufacturerItemDescription>מאיר בייגל מקלות גרי</ManufacturerItemDescription>
      <UnitQty>לא ידוע</UnitQty>
      <Quantity>200.00</Quantity>
      <UnitOfMeasure>לא ידוע</UnitOfMeasure>
      <bIsWeighted>0</bIsWeighted>
      <QtyInPackage>לא ידוע</QtyInPackage>
      <ItemPrice>13.90</ItemPrice>
      <UnitOfMeasurePrice>0.0695</UnitOfMeasurePrice>
      <AllowDiscount>1</AllowDiscount>
      <ItemStatus>1</ItemStatus>
      <ItemId>230266</ItemId>
    </Item>
    <Item>
      <PriceUpdateDate>2025-09-07 10:41:30</PriceUpdateDate>
      <ItemCode>7290108352672</ItemCode>
      <ItemType>1</ItemType>
      <ItemName>מטלית הפלא לריצפה סנ</ItemName>
      <ManufacturerName>לא ידוע</ManufacturerName>
      <ManufactureCountry>לא ידוע</ManufactureCountry>
      <ManufacturerItemDescription>מטלית הפלא לריצפה סנ</ManufacturerItemDescription>
      <UnitQty>יחידה   </UnitQty>
      <Quantity>0.00</Quantity>
      <UnitOfMeasure>יחידה   </UnitOfMeasure>
      <bIsWeighted>0</bIsWeighted>
      <QtyInPackage>לא ידוע</QtyInPackage>
      <ItemPrice>23.90</ItemPrice>
      <UnitOfMeasurePrice>0.0000</UnitOfMeasurePrice>
      <AllowDiscount>1</AllowDiscount>
      <ItemStatus>1</ItemStatus>
      <ItemId>230280</ItemId>
    </Item>
    <Item>
      <PriceUpdateDate>2025-09-03 13:38:29</PriceUpdateDate>
      <ItemCode>7290119382873</ItemCode>
      <ItemType>1</ItemType>
      <ItemName>קונפיטורת אוכמניות כ</ItemName>
      <ManufacturerName>קריות זול</ManufacturerName>
      <ManufactureCountry>לא ידוע</ManufactureCountry>
      <ManufacturerItemDescription>קונפיטורת אוכמניות כ</ManufacturerItemDescription>
      <UnitQty>לא ידוע</UnitQty>
      <Quantity>340.00</Quantity>
      <UnitOfMeasure>לא ידוע</UnitOfMeasure>
      <bIsWeighted>0</bIsWeighted>
      <QtyInPackage>לא ידוע</QtyInPackage>
      <ItemPrice>18.90</ItemPrice>
      <UnitOfMeasurePrice>0.0556</UnitOfMeasurePrice>
      <AllowDiscount>1</AllowDiscount>
      <ItemStatus>1</ItemStatus>
      <ItemId>254205</ItemId>
    </Item>
    <Item>
      <PriceUpdateDate>2025-09-03 15:30:46</PriceUpdateDate>
      <ItemCode>7290018770696</ItemCode>
      <ItemType>1</ItemType>
      <ItemName>זית סנטה מבוקע 600 ג</ItemName>
      <ManufacturerName>לא ידוע</ManufacturerName>
      <ManufactureCountry>לא ידוע</ManufactureCountry>
      <ManufacturerItemDescription>זית סנטה מבוקע 600 ג</ManufacturerItemDescription>
      <UnitQty>לא ידוע</UnitQty>
      <Quantity>600.00</Quantity>
      <UnitOfMeasure>לא ידוע</UnitOfMeasure>
      <bIsWeighted>0</bIsWeighted>
      <QtyInPackage>לא ידוע</QtyInPackage>
      <ItemPrice>20.90</ItemPrice>
      <UnitOfMeasurePrice>0.0348</UnitOfMeasurePrice>
      <AllowDiscount>1</AllowDiscount>
      <ItemStatus>1</ItemStatus>
      <ItemId>249674</ItemId>
    </Item>
    <Item>
      <PriceUpdateDate>2025-09-04 12:00:30</PriceUpdateDate>
      <ItemCode>7290110117856</ItemCode>
      <ItemType>1</ItemType>
      <ItemName>נורדיק מוגז אפרסק זי</ItemName>
      <ManufacturerName>לא ידוע</ManufacturerName>
      <ManufactureCountry>לא ידוע</ManufactureCountry>
      <ManufacturerItemDescription>נורדיק מוגז אפרסק זי</ManufacturerItemDescription>
      <UnitQty>לא ידוע</UnitQty>
      <Quantity>1000.00</Quantity>
      <UnitOfMeasure>לא ידוע</UnitOfMeasure>
      <bIsWeighted>0</bIsWeighted>
      <QtyInPackage>לא ידוע</QtyInPackage>
      <ItemPrice>7.10</ItemPrice>
      <UnitOfMeasurePrice>0.0071</UnitOfMeasurePrice>
      <AllowDiscount>1</AllowDiscount>
      <ItemStatus>1</ItemStatus>
      <ItemId>248786</ItemId>
    </Item>
    <Item>
      <PriceUpdateDate>2025-08-18 11:43:09</PriceUpdateDate>
      <ItemCode>4002631025830</ItemCode>
      <ItemType>1</ItemType>
      <ItemName>בירה גרמנית קוניגסבכ</ItemName>
      <ManufacturerName>לא ידוע</ManufacturerName>
      <ManufactureCountry>לא ידוע</ManufactureCountry>
      <ManufacturerItemDescription>בירה גרמנית קוניגסבכ</ManufacturerItemDescription>
      <UnitQty>לא ידוע</UnitQty>
      <Quantity>500.00</Quantity>
      <UnitOfMeasure>לא ידוע</UnitOfMeasure>
      <bIsWeighted>0</bIsWeighted>
      <QtyInPackage>לא ידוע</QtyInPackage>
      <ItemPrice>9.90</ItemPrice>
      <UnitOfMeasurePrice>0.0198</UnitOfMeasurePrice>
      <AllowDiscount>1</AllowDiscount>
      <ItemStatus>1</ItemStatus>
      <ItemId>247968</ItemId>
    </Item>
    <Item>
      <PriceUpdateDate>2025-09-07 08:06:49</PriceUpdateDate>
      <ItemCode>8412619130214</ItemCode>
      <ItemType>1</ItemType>
      <ItemName>קונדה ואלדמר יין רוז</ItemName>
      <ManufacturerName>לא ידוע</ManufacturerName>
      <ManufactureCountry>לא ידוע</ManufactureCountry>
      <ManufacturerItemDescription>קונדה ואלדמר יין רוז</ManufacturerItemDescription>
      <UnitQty>לא ידוע</UnitQty>
      <Quantity>750.00</Quantity>
      <UnitOfMeasure>לא ידוע</UnitOfMeasure>
      <bIsWeighted>0</bIsWeighted>
      <QtyInPackage>לא ידוע</QtyInPackage>
      <ItemPrice>40.90</ItemPrice>
      <UnitOfMeasurePrice>0.0545</UnitOfMeasurePrice>
      <AllowDiscount>1</AllowDiscount>
      <ItemStatus>1</ItemStatus>
      <ItemId>247411</ItemId>
    </Item>
    <Item>
      <PriceUpdateDate>2025-09-03 07:19:39</PriceUpdateDate>
      <ItemCode>7290018131077</ItemCode>
      <ItemType>1</ItemType>
      <ItemName>שלגון מילקה וניל 71ג</ItemName>
      <ManufacturerName>לא ידוע</ManufacturerName>
      <ManufactureCountry>לא ידוע</ManufactureCountry>
      <ManufacturerItemDescription>שלגון מילקה וניל 71ג</ManufacturerItemDescription>
      <UnitQty>לא ידוע</UnitQty>
      <Quantity>71.00</Quantity>
      <UnitOfMeasure>לא ידוע</UnitOfMeasure>
      <bIsWeighted>0</bIsWeighted>
      <QtyInPackage>לא ידוע</QtyInPackage>
      <ItemPrice>13.90</ItemPrice>
      <UnitOfMeasurePrice>0.1958</UnitOfMeasurePrice>
      <AllowDiscount>1</AllowDiscount>
      <ItemStatus>1</ItemStatus>
      <ItemId>230289</ItemId>
    </Item>
    <Item>
      <PriceUpdateDate>2025-08-21 11:23:42</PriceUpdateDate>
      <ItemCode>7290017928616</ItemCode>
      <ItemType>1</ItemType>
      <ItemName>מאיר בייגל שטוחלה שו</ItemName>
      <ManufacturerName>לא ידוע</ManufacturerName>
      <ManufactureCountry>לא ידוע</ManufactureCountry>
      <ManufacturerItemDescription>מאיר בייגל שטוחלה שו</ManufacturerItemDescription>
      <UnitQty>לא ידוע</UnitQty>
      <Quantity>300.00</Quantity>
      <UnitOfMeasure>לא ידוע</UnitOfMeasure>
      <bIsWeighted>0</bIsWeighted>
      <QtyInPackage>לא ידוע</QtyInPackage>
      <ItemPrice>13.90</ItemPrice>
      <UnitOfMeasurePrice>0.0463</UnitOfMeasurePrice>
      <AllowDiscount>1</AllowDiscount>
      <ItemStatus>1</ItemStatus>
      <ItemId>230310</ItemId>
    </Item>
    <Item>
      <PriceUpdateDate>2025-08-20 08:36:09</PriceUpdateDate>
      <ItemCode>7290012838026</ItemCode>
      <ItemType>1</ItemType>
      <ItemName>עוגיות מלוחות 350 גר</ItemName>
      <ManufacturerName>לא ידוע</ManufacturerName>
      <ManufactureCountry>לא ידוע</ManufactureCountry>
      <ManufacturerItemDescription>עוגיות מלוחות 350 גר</ManufacturerItemDescription>
      <UnitQty>לא ידוע</UnitQty>
      <Quantity>350.00</Quantity>
      <UnitOfMeasure>לא ידוע</UnitOfMeasure>
      <bIsWeighted>0</bIsWeighted>
      <QtyInPackage>לא ידוע</QtyInPackage>
      <ItemPrice>19.90</ItemPrice>
      <UnitOfMeasurePrice>0.0569</UnitOfMeasurePrice>
      <AllowDiscount>1</AllowDiscount>
      <ItemStatus>1</ItemStatus>
      <ItemId>230319</ItemId>
    </Item>
    <Item>
      <PriceUpdateDate>2025-08-20 08:36:10</PriceUpdateDate>
      <ItemCode>7290013156006</ItemCode>
      <ItemType>1</ItemType>
      <ItemName>עוגיות מרוקאיות</ItemName>
      <ManufacturerName>לא ידוע</ManufacturerName>
      <ManufactureCountry>לא ידוע</ManufactureCountry>
      <ManufacturerItemDescription>עוגיות מרוקאיות</ManufacturerItemDescription>
      <UnitQty>לא ידוע</UnitQty>
      <Quantity>350.00</Quantity>
      <UnitOfMeasure>לא ידוע</UnitOfMeasure>
      <bIsWeighted>0</bIsWeighted>
      <QtyInPackage>לא ידוע</QtyInPackage>
      <ItemPrice>19.90</ItemPrice>
      <UnitOfMeasurePrice>0.0569</UnitOfMeasurePrice>
      <AllowDiscount>1</AllowDiscount>
      <ItemStatus>1</ItemStatus>
      <ItemId>230320</ItemId>
    </Item>
    <Item>
      <PriceUpdateDate>2025-08-26 16:04:58</PriceUpdateDate>
      <ItemCode>7290112961440</ItemCode>
      <ItemType>1</ItemType>
      <ItemName>פיטנס חטיפי פריכיות</ItemName>
      <ManufacturerName>לא ידוע</ManufacturerName>
      <ManufactureCountry>לא ידוע</ManufactureCountry>
      <ManufacturerItemDescription>פיטנס חטיפי פריכיות</ManufacturerItemDescription>
      <UnitQty>לא ידוע</UnitQty>
      <Quantity>84.00</Quantity>
      <UnitOfMeasure>לא ידוע</UnitOfMeasure>
      <bIsWeighted>0</bIsWeighted>
      <QtyInPackage>לא ידוע</QtyInPackage>
      <ItemPrice>18.90</ItemPrice>
      <UnitOfMeasurePrice>0.2250</UnitOfMeasurePrice>
      <AllowDiscount>1</AllowDiscount>
      <ItemStatus>1</ItemStatus>
      <ItemId>230333</ItemId>
    </Item>
    <Item>
      <PriceUpdateDate>2025-08-26 16:05:15</PriceUpdateDate>
      <ItemCode>7290112967381</ItemCode>
      <ItemType>1</ItemType>
      <ItemName>פיטנס חטיפי פריכיות</ItemName>
      <ManufacturerName>לא ידוע</ManufacturerName>
      <ManufactureCountry>לא ידוע</ManufactureCountry>
      <ManufacturerItemDescription>פיטנס חטיפי פריכיות</ManufacturerItemDescription>
      <UnitQty>לא ידוע</UnitQty>
      <Quantity>60.00</Quantity>
      <UnitOfMeasure>לא ידוע</UnitOfMeasure>
      <bIsWeighted>0</bIsWeighted>
      <QtyInPackage>לא ידוע</QtyInPackage>
      <ItemPrice>11.90</ItemPrice>
      <UnitOfMeasurePrice>0.1983</UnitOfMeasurePrice>
      <AllowDiscount>1</AllowDiscount>
      <ItemStatus>1</ItemStatus>
      <ItemId>230335</ItemId>
    </Item>
    <Item>
      <PriceUpdateDate>2025-08-26 16:05:17</PriceUpdateDate>
      <ItemCode>7290112968203</ItemCode>
      <ItemType>1</ItemType>
      <ItemName>סלט טחינה באלדי צבר</ItemName>
      <ManufacturerName>לא ידוע</ManufacturerName>
      <ManufactureCountry>לא ידוע</ManufactureCountry>
      <ManufacturerItemDescription>סלט טחינה באלדי צבר</ManufacturerItemDescription>
      <UnitQty>לא ידוע</UnitQty>
      <Quantity>250.00</Quantity>
      <UnitOfMeasure>לא ידוע</UnitOfMeasure>
      <bIsWeighted>0</bIsWeighted>
      <QtyInPackage>לא ידוע</QtyInPackage>
      <ItemPrice>14.90</ItemPrice>
      <UnitOfMeasurePrice>0.0596</UnitOfMeasurePrice>
      <AllowDiscount>1</AllowDiscount>
      <ItemStatus>1</ItemStatus>
      <ItemId>230336</ItemId>
    </Item>
    <Item>
      <PriceUpdateDate>2025-08-26 16:05:18</PriceUpdateDate>
      <ItemCode>7290112968449</ItemCode>
      <ItemType>1</ItemType>
      <ItemName>סלט כרוב אדום צבר 25</ItemName>
      <ManufacturerName>לא ידוע</ManufacturerName>
      <ManufactureCountry>לא ידוע</ManufactureCountry>
      <ManufacturerItemDescription>סלט כרוב אדום צבר 25</ManufacturerItemDescription>
      <UnitQty>לא ידוע</UnitQty>
      <Quantity>250.00</Quantity>
      <UnitOfMeasure>לא ידוע</UnitOfMeasure>
      <bIsWeighted>0</bIsWeighted>
      <QtyInPackage>לא ידוע</QtyInPackage>
      <ItemPrice>14.90</ItemPrice>
      <UnitOfMeasurePrice>0.0596</UnitOfMeasurePrice>
      <AllowDiscount>1</AllowDiscount>
      <ItemStatus>1</ItemStatus>
      <ItemId>230341</ItemId>
    </Item>
    <Item>
      <PriceUpdateDate>2025-08-26 16:05:18</PriceUpdateDate>
      <ItemCode>7290112968524</ItemCode>
      <ItemType>1</ItemType>
      <ItemName>סלט חומוס סמיר צבר 2</ItemName>
      <ManufacturerName>לא ידוע</ManufacturerName>
      <ManufactureCountry>לא ידוע</ManufactureCountry>
      <ManufacturerItemDescription>סלט חומוס סמיר צבר 2</ManufacturerItemDescription>
      <UnitQty>לא ידוע</UnitQty>
      <Quantity>250.00</Quantity>
      <UnitOfMeasure>לא ידוע</UnitOfMeasure>
      <bIsWeighted>0</bIsWeighted>
      <QtyInPackage>לא ידוע</QtyInPackage>
      <ItemPrice>14.90</ItemPrice>
      <UnitOfMeasurePrice>0.0596</UnitOfMeasurePrice>
      <AllowDiscount>1</AllowDiscount>
      <ItemStatus>1</ItemStatus>
      <ItemId>230343</ItemId>
    </Item>
    <Item>
      <PriceUpdateDate>2025-09-03 11:27:47</PriceUpdateDate>
      <ItemCode>7290112496218</ItemCode>
      <ItemType>1</ItemType>
      <ItemName>רוטב טריאקי פחות50%</ItemName>
      <ManufacturerName>לא ידוע</ManufacturerName>
      <ManufactureCountry>לא ידוע</ManufactureCountry>
      <ManufacturerItemDescription>רוטב טריאקי פחות50%</ManufacturerItemDescription>
      <UnitQty>לא ידוע</UnitQty>
      <Quantity>340.00</Quantity>
      <UnitOfMeasure>לא ידוע</UnitOfMeasure>
      <bIsWeighted>0</bIsWeighted>
      <QtyInPackage>לא ידוע</QtyInPackage>
      <ItemPrice>17.90</ItemPrice>
      <UnitOfMeasurePrice>0.0526</UnitOfMeasurePrice>
      <AllowDiscount>1</AllowDiscount>
      <ItemStatus>1</ItemStatus>
      <ItemId>230348</ItemId>
    </Item>
    <Item>
      <PriceUpdateDate>2025-04-20 08:04:38</PriceUpdateDate>
      <ItemCode>7290000497013</ItemCode>
      <ItemType>1</ItemType>
      <ItemName>חלה רגילה 500גר</ItemName>
      <ManufacturerName>לא ידוע</ManufacturerName>
      <ManufactureCountry>לא ידוע</ManufactureCountry>
      <ManufacturerItemDescription>חלה רגילה 500גר</ManufacturerItemDescription>
      <UnitQty>לא ידוע</UnitQty>
      <Quantity>500.00</Quantity>
      <UnitOfMeasure>לא ידוע</UnitOfMeasure>
      <bIsWeighted>0</bIsWeighted>
      <QtyInPackage>לא ידוע</QtyInPackage>
      <ItemPrice>6.61</ItemPrice>
      <UnitOfMeasurePrice>0.0132</UnitOfMeasurePrice>
      <AllowDiscount>1</AllowDiscount>
      <ItemStatus>1</ItemStatus>
      <ItemId>241078</ItemId>
    </Item>
    <Item>
      <PriceUpdateDate>2025-08-26 16:05:23</PriceUpdateDate>
      <ItemCode>7290115201536</ItemCode>
      <ItemType>1</ItemType>
      <ItemName>טבעול לביבות כרובית</ItemName>
      <ManufacturerName>לא ידוע</ManufacturerName>
      <ManufactureCountry>לא ידוע</ManufactureCountry>
      <ManufacturerItemDescription>טבעול לביבות כרובית</ManufacturerItemDescription>
      <UnitQty>לא ידוע</UnitQty>
      <Quantity>442.00</Quantity>
      <UnitOfMeasure>לא ידוע</UnitOfMeasure>
      <bIsWeighted>0</bIsWeighted>
      <QtyInPackage>לא ידוע</QtyInPackage>
      <ItemPrice>41.90</ItemPrice>
      <UnitOfMeasurePrice>0.0948</UnitOfMeasurePrice>
      <AllowDiscount>1</AllowDiscount>
      <ItemStatus>1</ItemStatus>
      <ItemId>238417</ItemId>
    </Item>
    <Item>
      <PriceUpdateDate>2025-09-07 08:01:52</PriceUpdateDate>
      <ItemCode>7290019750116</ItemCode>
      <ItemType>1</ItemType>
      <ItemName>מטלית מיקרופייבר מאר</ItemName>
      <ManufacturerName>לא ידוע</ManufacturerName>
      <ManufactureCountry>לא ידוע</ManufactureCountry>
      <ManufacturerItemDescription>מטלית מיקרופייבר מאר</ManufacturerItemDescription>
      <UnitQty>יחידה   </UnitQty>
      <Quantity>0.00</Quantity>
      <UnitOfMeasure>יחידה   </UnitOfMeasure>
      <bIsWeighted>0</bIsWeighted>
      <QtyInPackage>לא ידוע</QtyInPackage>
      <ItemPrice>13.90</ItemPrice>
      <UnitOfMeasurePrice>0.0000</UnitOfMeasurePrice>
      <AllowDiscount>1</AllowDiscount>
      <ItemStatus>1</ItemStatus>
      <ItemId>250760</ItemId>
    </Item>
    <Item>
      <PriceUpdateDate>2025-08-26 10:33:32</PriceUpdateDate>
      <ItemCode>7290018359938</ItemCode>
      <ItemType>1</ItemType>
      <ItemName>רוטב עגבניות לשקשוקה</ItemName>
      <ManufacturerName>לא ידוע</ManufacturerName>
      <ManufactureCountry>לא ידוע</ManufactureCountry>
      <ManufacturerItemDescription>רוטב עגבניות לשקשוקה</ManufacturerItemDescription>
      <UnitQty>לא ידוע</UnitQty>
      <Quantity>400.00</Quantity>
      <UnitOfMeasure>לא ידוע</UnitOfMeasure>
      <bIsWeighted>0</bIsWeighted>
      <QtyInPackage>לא ידוע</QtyInPackage>
      <ItemPrice>13.90</ItemPrice>
      <UnitOfMeasurePrice>0.0348</UnitOfMeasurePrice>
      <AllowDiscount>1</AllowDiscount>
      <ItemStatus>1</ItemStatus>
      <ItemId>239765</ItemId>
    </Item>
    <Item>
      <PriceUpdateDate>2025-05-04 07:59:09</PriceUpdateDate>
      <ItemCode>7290000046136</ItemCode>
      <ItemType>1</ItemType>
      <ItemName>גלבוע 22% תנובה</ItemName>
      <ManufacturerName>קריות זול</ManufacturerName>
      <ManufactureCountry>ישראל</ManufactureCountry>
      <ManufacturerItemDescription>גלבוע 22% תנובה</ManufacturerItemDescription>
      <UnitQty>קילוגרמים</UnitQty>
      <Quantity>1.00</Quantity>
      <UnitOfMeasure>ק"ג</UnitOfMeasure>
      <bIsWeighted>1</bIsWeighted>
      <QtyInPackage>לא ידוע</QtyInPackage>
      <ItemPrice>49.72</ItemPrice>
      <UnitOfMeasurePrice>49.7200</UnitOfMeasurePrice>
      <AllowDiscount>1</AllowDiscount>
      <ItemStatus>1</ItemStatus>
      <ItemId>230365</ItemId>
    </Item>
    <Item>
      <PriceUpdateDate>2025-06-03 09:38:22</PriceUpdateDate>
      <ItemCode>7290002627364</ItemCode>
      <ItemType>1</ItemType>
      <ItemName>אנטריקוט טרי</ItemName>
      <ManufacturerName>לא ידוע</ManufacturerName>
      <ManufactureCountry>ישראל</ManufactureCountry>
      <ManufacturerItemDescription>אנטריקוט טרי</ManufacturerItemDescription>
      <UnitQty>קילוגרמים</UnitQty>
      <Quantity>1.00</Quantity>
      <UnitOfMeasure>ק"ג</UnitOfMeasure>
      <bIsWeighted>1</bIsWeighted>
      <QtyInPackage>לא ידוע</QtyInPackage>
      <ItemPrice>149.90</ItemPrice>
      <UnitOfMeasurePrice>149.9000</UnitOfMeasurePrice>
      <AllowDiscount>1</AllowDiscount>
      <ItemStatus>1</ItemStatus>
      <ItemId>230397</ItemId>
    </Item>
    <Item>
      <PriceUpdateDate>2024-03-03 08:54:39</PriceUpdateDate>
      <ItemCode>7290002627371</ItemCode>
      <ItemType>1</ItemType>
      <ItemName>צלעות עגל</ItemName>
      <ManufacturerName>לא ידוע</ManufacturerName>
      <ManufactureCountry>לא ידוע</ManufactureCountry>
      <ManufacturerItemDescription>צלעות עגל</ManufacturerItemDescription>
      <UnitQty>קילוגרמים</UnitQty>
      <Quantity>1.00</Quantity>
      <UnitOfMeasure>ק"ג</UnitOfMeasure>
      <bIsWeighted>1</bIsWeighted>
      <QtyInPackage>לא ידוע</QtyInPackage>
      <ItemPrice>84.90</ItemPrice>
      <UnitOfMeasurePrice>84.9000</UnitOfMeasurePrice>
      <AllowDiscount>1</AllowDiscount>
      <ItemStatus>1</ItemStatus>
      <ItemId>230401</ItemId>
    </Item>
    <Item>
      <PriceUpdateDate>2025-07-01 16:33:50</PriceUpdateDate>
      <ItemCode>7290002627395</ItemCode>
      <ItemType>1</ItemType>
      <ItemName>כתף עגל טרי</ItemName>
      <ManufacturerName>לא ידוע</ManufacturerName>
      <ManufactureCountry>לא ידוע</ManufactureCountry>
      <ManufacturerItemDescription>כתף עגל טרי</ManufacturerItemDescription>
      <UnitQty>קילוגרמים</UnitQty>
      <Quantity>1.00</Quantity>
      <UnitOfMeasure>ק"ג</UnitOfMeasure>
      <bIsWeighted>1</bIsWeighted>
      <QtyInPackage>לא ידוע</QtyInPackage>
      <ItemPrice>89.90</ItemPrice>
      <UnitOfMeasurePrice>89.9000</UnitOfMeasurePrice>
      <AllowDiscount>1</AllowDiscount>
      <ItemStatus>1</ItemStatus>
      <ItemId>230413</ItemId>
    </Item>
    <Item>
      <PriceUpdateDate>2025-08-21 11:54:42</PriceUpdateDate>
      <ItemCode>7290002627401</ItemCode>
      <ItemType>1</ItemType>
      <ItemName>צלי כתף  עגל טרי</ItemName>
      <ManufacturerName>לא ידוע</ManufacturerName>
      <ManufactureCountry>לא ידוע</ManufactureCountry>
      <ManufacturerItemDescription>צלי כתף  עגל טרי</ManufacturerItemDescription>
      <UnitQty>קילוגרמים</UnitQty>
      <Quantity>1.00</Quantity>
      <UnitOfMeasure>ק"ג</UnitOfMeasure>
      <bIsWeighted>1</bIsWeighted>
      <QtyInPackage>לא ידוע</QtyInPackage>
      <ItemPrice>99.90</ItemPrice>
      <UnitOfMeasurePrice>99.9000</UnitOfMeasurePrice>
      <AllowDiscount>1</AllowDiscount>
      <ItemStatus>1</ItemStatus>
      <ItemId>230414</ItemId>
    </Item>
    <Item>
      <PriceUpdateDate>2025-01-07 15:42:25</PriceUpdateDate>
      <ItemCode>7290002627418</ItemCode>
      <ItemType>1</ItemType>
      <ItemName>פילה מדומה עגל</ItemName>
      <ManufacturerName>לא ידוע</ManufacturerName>
      <ManufactureCountry>לא ידוע</ManufactureCountry>
      <ManufacturerItemDescription>פילה מדומה עגל</ManufacturerItemDescription>
      <UnitQty>קילוגרמים</UnitQty>
      <Quantity>1.00</Quantity>
      <UnitOfMeasure>ק"ג</UnitOfMeasure>
      <bIsWeighted>1</bIsWeighted>
      <QtyInPackage>לא ידוע</QtyInPackage>
      <ItemPrice>89.90</ItemPrice>
      <UnitOfMeasurePrice>89.9000</UnitOfMeasurePrice>
      <AllowDiscount>1</AllowDiscount>
      <ItemStatus>1</ItemStatus>
      <ItemId>230415</ItemId>
    </Item>
    <Item>
      <PriceUpdateDate>2025-04-16 08:56:03</PriceUpdateDate>
      <ItemCode>7290002336686</ItemCode>
      <ItemType>1</ItemType>
      <ItemName>אסאדו עע</ItemName>
      <ManufacturerName>לא ידוע</ManufacturerName>
      <ManufactureCountry>ישראל</ManufactureCountry>
      <ManufacturerItemDescription>אסאדו עע</ManufacturerItemDescription>
      <UnitQty>קילוגרמים</UnitQty>
      <Quantity>1.00</Quantity>
      <UnitOfMeasure>ק"ג</UnitOfMeasure>
      <bIsWeighted>1</bIsWeighted>
      <QtyInPackage>לא ידוע</QtyInPackage>
      <ItemPrice>79.90</ItemPrice>
      <UnitOfMeasurePrice>79.9000</UnitOfMeasurePrice>
      <AllowDiscount>1</AllowDiscount>
      <ItemStatus>1</ItemStatus>
      <ItemId>230419</ItemId>
    </Item>
    <Item>
      <PriceUpdateDate>2024-08-11 09:13:40</PriceUpdateDate>
      <ItemCode>7290002336693</ItemCode>
      <ItemType>1</ItemType>
      <ItemName>סטייק אנטריקוט עם עצ</ItemName>
      <ManufacturerName>לא ידוע</ManufacturerName>
      <ManufactureCountry>לא ידוע</ManufactureCountry>
      <ManufacturerItemDescription>סטייק אנטריקוט עם עצ</ManufacturerItemDescription>
      <UnitQty>קילוגרמים</UnitQty>
      <Quantity>1.00</Quantity>
      <UnitOfMeasure>ק"ג</UnitOfMeasure>
      <bIsWeighted>1</bIsWeighted>
      <QtyInPackage>לא ידוע</QtyInPackage>
      <ItemPrice>139.00</ItemPrice>
      <UnitOfMeasurePrice>139.0000</UnitOfMeasurePrice>
      <AllowDiscount>1</AllowDiscount>
      <ItemStatus>1</ItemStatus>
      <ItemId>230420</ItemId>
    </Item>
    <Item>
      <PriceUpdateDate>2025-04-16 08:56:03</PriceUpdateDate>
      <ItemCode>7290002336709</ItemCode>
      <ItemType>1</ItemType>
      <ItemName>אוסובוקו עע</ItemName>
      <ManufacturerName>לא ידוע</ManufacturerName>
      <ManufactureCountry>ישראל</ManufactureCountry>
      <ManufacturerItemDescription>אוסובוקו עע</ManufacturerItemDescription>
      <UnitQty>קילוגרמים</UnitQty>
      <Quantity>1.00</Quantity>
      <UnitOfMeasure>ק"ג</UnitOfMeasure>
      <bIsWeighted>1</bIsWeighted>
      <QtyInPackage>לא ידוע</QtyInPackage>
      <ItemPrice>79.90</ItemPrice>
      <UnitOfMeasurePrice>79.9000</UnitOfMeasurePrice>
      <AllowDiscount>1</AllowDiscount>
      <ItemStatus>1</ItemStatus>
      <ItemId>230421</ItemId>
    </Item>
    <Item>
      <PriceUpdateDate>2024-08-11 09:14:34</PriceUpdateDate>
      <ItemCode>7290002627432</ItemCode>
      <ItemType>1</ItemType>
      <ItemName>צוואר עגל</ItemName>
      <ManufacturerName>לא ידוע</ManufacturerName>
      <ManufactureCountry>לא ידוע</ManufactureCountry>
      <ManufacturerItemDescription>צוואר עגל</ManufacturerItemDescription>
      <UnitQty>קילוגרמים</UnitQty>
      <Quantity>1.00</Quantity>
      <UnitOfMeasure>ק"ג</UnitOfMeasure>
      <bIsWeighted>1</bIsWeighted>
      <QtyInPackage>לא ידוע</QtyInPackage>
      <ItemPrice>84.90</ItemPrice>
      <UnitOfMeasurePrice>84.9000</UnitOfMeasurePrice>
      <AllowDiscount>1</AllowDiscount>
      <ItemStatus>1</ItemStatus>
      <ItemId>230422</ItemId>
    </Item>
    <Item>
      <PriceUpdateDate>2025-09-03 10:50:26</PriceUpdateDate>
      <ItemCode>7290018165010</ItemCode>
      <ItemType>1</ItemType>
      <ItemName>יין רזרב ברקן גולד ג</ItemName>
      <ManufacturerName>קריות זול</ManufacturerName>
      <ManufactureCountry>לא ידוע</ManufactureCountry>
      <ManufacturerItemDescription>יין רזרב ברקן גולד ג</ManufacturerItemDescription>
      <UnitQty>לא ידוע</UnitQty>
      <Quantity>750.00</Quantity>
      <UnitOfMeasure>לא ידוע</UnitOfMeasure>
      <bIsWeighted>0</bIsWeighted>
      <QtyInPackage>לא ידוע</QtyInPackage>
      <ItemPrice>53.90</ItemPrice>
      <UnitOfMeasurePrice>0.0719</UnitOfMeasurePrice>
      <AllowDiscount>1</AllowDiscount>
      <ItemStatus>1</ItemStatus>
      <ItemId>230429</ItemId>
    </Item>
    <Item>
      <PriceUpdateDate>2025-09-03 10:50:27</PriceUpdateDate>
      <ItemCode>7290018165027</ItemCode>
      <ItemType>1</ItemType>
      <ItemName>יין רזרב ברקן גולד ר</ItemName>
      <ManufacturerName>קריות זול</ManufacturerName>
      <ManufactureCountry>לא ידוע</ManufactureCountry>
      <ManufacturerItemDescription>יין רזרב ברקן גולד ר</ManufacturerItemDescription>
      <UnitQty>לא ידוע</UnitQty>
      <Quantity>750.00</Quantity>
      <UnitOfMeasure>לא ידוע</UnitOfMeasure>
      <bIsWeighted>0</bIsWeighted>
      <QtyInPackage>לא ידוע</QtyInPackage>
      <ItemPrice>53.90</ItemPrice>
      <UnitOfMeasurePrice>0.0719</UnitOfMeasurePrice>
      <AllowDiscount>1</AllowDiscount>
      <ItemStatus>1</ItemStatus>
      <ItemId>230430</ItemId>
    </Item>
    <Item>
      <PriceUpdateDate>2025-08-26 10:33:14</PriceUpdateDate>
      <ItemCode>7290017105383</ItemCode>
      <ItemType>1</ItemType>
      <ItemName>תירס לילדים יכין 200</ItemName>
      <ManufacturerName>לא ידוע</ManufacturerName>
      <ManufactureCountry>לא ידוע</ManufactureCountry>
      <ManufacturerItemDescription>תירס לילדים יכין 200</ManufacturerItemDescription>
      <UnitQty>לא ידוע</UnitQty>
      <Quantity>495.00</Quantity>
      <UnitOfMeasure>לא ידוע</UnitOfMeasure>
      <bIsWeighted>0</bIsWeighted>
      <QtyInPackage>לא ידוע</QtyInPackage>
      <ItemPrice>17.90</ItemPrice>
      <UnitOfMeasurePrice>0.0362</UnitOfMeasurePrice>
      <AllowDiscount>1</AllowDiscount>
      <ItemStatus>1</ItemStatus>
      <ItemId>230439</ItemId>
    </Item>
    <Item>
      <PriceUpdateDate>2025-11-12 07:16:30</PriceUpdateDate>
      <ItemCode>7290016102789</ItemCode>
      <ItemType>1</ItemType>
      <ItemName>צלחות קטן 50 יח'</ItemName>
      <ManufacturerName>לא ידוע</ManufacturerName>
      <ManufactureCountry>לא ידוע</ManufactureCountry>
      <ManufacturerItemDescription>צלחות קטן 50 יח'</ManufacturerItemDescription>
      <UnitQty>יחידה   </UnitQty>
      <Quantity>0.00</Quantity>
      <UnitOfMeasure>יחידה   </UnitOfMeasure>
      <bIsWeighted>0</bIsWeighted>
      <QtyInPackage>לא ידוע</QtyInPackage>
      <ItemPrice>7.90</ItemPrice>
      <UnitOfMeasurePrice>0.0000</UnitOfMeasurePrice>
      <AllowDiscount>1</AllowDiscount>
      <ItemStatus>1</ItemStatus>
      <ItemId>230473</ItemId>
    </Item>
    <Item>
      <PriceUpdateDate>2025-09-08 08:25:19</PriceUpdateDate>
      <ItemCode>7290112494351</ItemCode>
      <ItemType>1</ItemType>
      <ItemName>קורנפלקס של אלופים ב</ItemName>
      <ManufacturerName>קריות זול</ManufacturerName>
      <ManufactureCountry>לא ידוע</ManufactureCountry>
      <ManufacturerItemDescription>קורנפלקס של אלופים ב</ManufacturerItemDescription>
      <UnitQty>לא ידוע</UnitQty>
      <Quantity>850.00</Quantity>
      <UnitOfMeasure>לא ידוע</UnitOfMeasure>
      <bIsWeighted>0</bIsWeighted>
      <QtyInPackage>לא ידוע</QtyInPackage>
      <ItemPrice>19.90</ItemPrice>
      <UnitOfMeasurePrice>0.0234</UnitOfMeasurePrice>
      <AllowDiscount>1</AllowDiscount>
      <ItemStatus>1</ItemStatus>
      <ItemId>230591</ItemId>
    </Item>
    <Item>
      <PriceUpdateDate>2025-09-03 11:27:31</PriceUpdateDate>
      <ItemCode>7290112492449</ItemCode>
      <ItemType>1</ItemType>
      <ItemName>שמפו פינוק שיער רגיל</ItemName>
      <ManufacturerName>קריות זול</ManufacturerName>
      <ManufactureCountry>לא ידוע</ManufactureCountry>
      <ManufacturerItemDescription>שמפו פינוק שיער רגיל</ManufacturerItemDescription>
      <UnitQty>לא ידוע</UnitQty>
      <Quantity>700.00</Quantity>
      <UnitOfMeasure>לא ידוע</UnitOfMeasure>
      <bIsWeighted>0</bIsWeighted>
      <QtyInPackage>לא ידוע</QtyInPackage>
      <ItemPrice>15.90</ItemPrice>
      <UnitOfMeasurePrice>0.0227</UnitOfMeasurePrice>
      <AllowDiscount>1</AllowDiscount>
      <ItemStatus>1</ItemStatus>
      <ItemId>230593</ItemId>
    </Item>
    <Item>
      <PriceUpdateDate>2025-09-03 11:27:32</PriceUpdateDate>
      <ItemCode>7290112492500</ItemCode>
      <ItemType>1</ItemType>
      <ItemName>שמפו בתוספת שמן קוקו</ItemName>
      <ManufacturerName>לא ידוע</ManufacturerName>
      <ManufactureCountry>לא ידוע</ManufactureCountry>
      <ManufacturerItemDescription>שמפו בתוספת שמן קוקו</ManufacturerItemDescription>
      <UnitQty>לא ידוע</UnitQty>
      <Quantity>700.00</Quantity>
      <UnitOfMeasure>לא ידוע</UnitOfMeasure>
      <bIsWeighted>0</bIsWeighted>
      <QtyInPackage>לא ידוע</QtyInPackage>
      <ItemPrice>15.90</ItemPrice>
      <UnitOfMeasurePrice>0.0227</UnitOfMeasurePrice>
      <AllowDiscount>1</AllowDiscount>
      <ItemStatus>1</ItemStatus>
      <ItemId>230597</ItemId>
    </Item>
    <Item>
      <PriceUpdateDate>2025-08-19 11:26:43</PriceUpdateDate>
      <ItemCode>7290000652542</ItemCode>
      <ItemType>1</ItemType>
      <ItemName>פילה אמנון קפוא 5-7</ItemName>
      <ManufacturerName>לא ידוע</ManufacturerName>
      <ManufactureCountry>לא ידוע</ManufactureCountry>
      <ManufacturerItemDescription>פילה אמנון קפוא 5-7</ManufacturerItemDescription>
      <UnitQty>קילוגרמים</UnitQty>
      <Quantity>1.00</Quantity>
      <UnitOfMeasure>ק"ג</UnitOfMeasure>
      <bIsWeighted>1</bIsWeighted>
      <QtyInPackage>לא ידוע</QtyInPackage>
      <ItemPrice>38.90</ItemPrice>
      <UnitOfMeasurePrice>38.9000</UnitOfMeasurePrice>
      <AllowDiscount>1</AllowDiscount>
      <ItemStatus>1</ItemStatus>
      <ItemId>230615</ItemId>
    </Item>
    <Item>
      <PriceUpdateDate>2025-08-19 11:26:43</PriceUpdateDate>
      <ItemCode>7290000652177</ItemCode>
      <ItemType>1</ItemType>
      <ItemName>נתחי נסיכת הנילוס קפ</ItemName>
      <ManufacturerName>לא ידוע</ManufacturerName>
      <ManufactureCountry>לא ידוע</ManufactureCountry>
      <ManufacturerItemDescription>נתחי נסיכת הנילוס קפ</ManufacturerItemDescription>
      <UnitQty>קילוגרמים</UnitQty>
      <Quantity>1.00</Quantity>
      <UnitOfMeasure>ק"ג</UnitOfMeasure>
      <bIsWeighted>1</bIsWeighted>
      <QtyInPackage>לא ידוע</QtyInPackage>
      <ItemPrice>66.90</ItemPrice>
      <UnitOfMeasurePrice>66.9000</UnitOfMeasurePrice>
      <AllowDiscount>1</AllowDiscount>
      <ItemStatus>1</ItemStatus>
      <ItemId>230621</ItemId>
    </Item>
    <Item>
      <PriceUpdateDate>2025-09-08 07:57:59</PriceUpdateDate>
      <ItemCode>7290121163330</ItemCode>
      <ItemType>1</ItemType>
      <ItemName>קוקי ניילון נצמד עם</ItemName>
      <ManufacturerName>לא ידוע</ManufacturerName>
      <ManufactureCountry>לא ידוע</ManufactureCountry>
      <ManufacturerItemDescription>קוקי ניילון נצמד עם</ManufacturerItemDescription>
      <UnitQty>יחידה   </UnitQty>
      <Quantity>0.00</Quantity>
      <UnitOfMeasure>יחידה   </UnitOfMeasure>
      <bIsWeighted>0</bIsWeighted>
      <QtyInPackage>לא ידוע</QtyInPackage>
      <ItemPrice>11.90</ItemPrice>
      <UnitOfMeasurePrice>0.0000</UnitOfMeasurePrice>
      <AllowDiscount>1</AllowDiscount>
      <ItemStatus>1</ItemStatus>
      <ItemId>255581</ItemId>
    </Item>
    <Item>
      <PriceUpdateDate>2025-08-24 20:32:08</PriceUpdateDate>
      <ItemCode>7290000136646</ItemCode>
      <ItemType>1</ItemType>
      <ItemName>נשר מאלט 1.5ליטר תרי</ItemName>
      <ManufacturerName>לא ידוע</ManufacturerName>
      <ManufactureCountry>לא ידוע</ManufactureCountry>
      <ManufacturerItemDescription>נשר מאלט 1.5ליטר תרי</ManufacturerItemDescription>
      <UnitQty>לא ידוע</UnitQty>
      <Quantity>1500.00</Quantity>
      <UnitOfMeasure>לא ידוע</UnitOfMeasure>
      <bIsWeighted>0</bIsWeighted>
      <QtyInPackage>לא ידוע</QtyInPackage>
      <ItemPrice>11.50</ItemPrice>
      <UnitOfMeasurePrice>0.0077</UnitOfMeasurePrice>
      <AllowDiscount>1</AllowDiscount>
      <ItemStatus>1</ItemStatus>
      <ItemId>236808</ItemId>
    </Item>
    <Item>
      <PriceUpdateDate>2025-09-03 11:27:36</PriceUpdateDate>
      <ItemCode>7290112494153</ItemCode>
      <ItemType>1</ItemType>
      <ItemName>קנור תיבולית בניחוח</ItemName>
      <ManufacturerName>קריות זול</ManufacturerName>
      <ManufactureCountry>לא ידוע</ManufactureCountry>
      <ManufacturerItemDescription>קנור תיבולית בניחוח</ManufacturerItemDescription>
      <UnitQty>יחידה   </UnitQty>
      <Quantity>0.00</Quantity>
      <UnitOfMeasure>יחידה   </UnitOfMeasure>
      <bIsWeighted>0</bIsWeighted>
      <QtyInPackage>לא ידוע</QtyInPackage>
      <ItemPrice>13.90</ItemPrice>
      <UnitOfMeasurePrice>0.0000</UnitOfMeasurePrice>
      <AllowDiscount>1</AllowDiscount>
      <ItemStatus>1</ItemStatus>
      <ItemId>230784</ItemId>
    </Item>
    <Item>
      <PriceUpdateDate>2025-12-29 15:00:18</PriceUpdateDate>
      <ItemCode>7290112499677</ItemCode>
      <ItemType>1</ItemType>
      <ItemName>מגנום שוקולד לבן אימ</ItemName>
      <ManufacturerName>קריות זול</ManufacturerName>
      <ManufactureCountry>לא ידוע</ManufactureCountry>
      <ManufacturerItemDescription>מגנום שוקולד לבן אימ</ManufacturerItemDescription>
      <UnitQty>לא ידוע</UnitQty>
      <Quantity>85.00</Quantity>
      <UnitOfMeasure>לא ידוע</UnitOfMeasure>
      <bIsWeighted>0</bIsWeighted>
      <QtyInPackage>לא ידוע</QtyInPackage>
      <ItemPrice>14.50</ItemPrice>
      <UnitOfMeasurePrice>0.1706</UnitOfMeasurePrice>
      <AllowDiscount>1</AllowDiscount>
      <ItemStatus>1</ItemStatus>
      <ItemId>230796</ItemId>
    </Item>
    <Item>
      <PriceUpdateDate>2025-12-25 07:23:32</PriceUpdateDate>
      <ItemCode>7290112499936</ItemCode>
      <ItemType>1</ItemType>
      <ItemName>מגנום שקדים אימפאלס</ItemName>
      <ManufacturerName>קריות זול</ManufacturerName>
      <ManufactureCountry>לא ידוע</ManufactureCountry>
      <ManufacturerItemDescription>מגנום שקדים אימפאלס</ManufacturerItemDescription>
      <UnitQty>לא ידוע</UnitQty>
      <Quantity>85.00</Quantity>
      <UnitOfMeasure>לא ידוע</UnitOfMeasure>
      <bIsWeighted>0</bIsWeighted>
      <QtyInPackage>לא ידוע</QtyInPackage>
      <ItemPrice>14.50</ItemPrice>
      <UnitOfMeasurePrice>0.1706</UnitOfMeasurePrice>
      <AllowDiscount>1</AllowDiscount>
      <ItemStatus>1</ItemStatus>
      <ItemId>230799</ItemId>
    </Item>
    <Item>
      <PriceUpdateDate>2025-11-20 13:20:21</PriceUpdateDate>
      <ItemCode>7290119500116</ItemCode>
      <ItemType>1</ItemType>
      <ItemName>קרקר דק קראנצ'י בטעם</ItemName>
      <ManufacturerName>לא ידוע</ManufacturerName>
      <ManufactureCountry>לא ידוע</ManufactureCountry>
      <ManufacturerItemDescription>קרקר דק קראנצ'י בטעם</ManufacturerItemDescription>
      <UnitQty>לא ידוע</UnitQty>
      <Quantity>140.00</Quantity>
      <UnitOfMeasure>לא ידוע</UnitOfMeasure>
      <bIsWeighted>0</bIsWeighted>
      <QtyInPackage>לא ידוע</QtyInPackage>
      <ItemPrice>13.90</ItemPrice>
      <UnitOfMeasurePrice>0.0993</UnitOfMeasurePrice>
      <AllowDiscount>1</AllowDiscount>
      <ItemStatus>1</ItemStatus>
      <ItemId>256520</ItemId>
    </Item>
    <Item>
      <PriceUpdateDate>2025-09-03 13:37:49</PriceUpdateDate>
      <ItemCode>7290112349668</ItemCode>
      <ItemType>1</ItemType>
      <ItemName>שוקולד מריר 90% ספלנ</ItemName>
      <ManufacturerName>לא ידוע</ManufacturerName>
      <ManufactureCountry>לא ידוע</ManufactureCountry>
      <ManufacturerItemDescription>שוקולד מריר 90% ספלנ</ManufacturerItemDescription>
      <UnitQty>לא ידוע</UnitQty>
      <Quantity>100.00</Quantity>
      <UnitOfMeasure>לא ידוע</UnitOfMeasure>
      <bIsWeighted>0</bIsWeighted>
      <QtyInPackage>לא ידוע</QtyInPackage>
      <ItemPrice>16.90</ItemPrice>
      <UnitOfMeasurePrice>0.1690</UnitOfMeasurePrice>
      <AllowDiscount>1</AllowDiscount>
      <ItemStatus>1</ItemStatus>
      <ItemId>230842</ItemId>
    </Item>
    <Item>
      <PriceUpdateDate>2025-05-04 07:59:10</PriceUpdateDate>
      <ItemCode>7290000055350</ItemCode>
      <ItemType>1</ItemType>
      <ItemName>עמק 28%  תנובה</ItemName>
      <ManufacturerName>לא ידוע</ManufacturerName>
      <ManufactureCountry>ישראל</ManufactureCountry>
      <ManufacturerItemDescription>עמק 28%  תנובה</ManufacturerItemDescription>
      <UnitQty>קילוגרמים</UnitQty>
      <Quantity>1.00</Quantity>
      <UnitOfMeasure>ק"ג</UnitOfMeasure>
      <bIsWeighted>1</bIsWeighted>
      <QtyInPackage>לא ידוע</QtyInPackage>
      <ItemPrice>52.30</ItemPrice>
      <UnitOfMeasurePrice>52.3000</UnitOfMeasurePrice>
      <AllowDiscount>1</AllowDiscount>
      <ItemStatus>1</ItemStatus>
      <ItemId>230873</ItemId>
    </Item>
    <Item>
      <PriceUpdateDate>2025-09-07 10:41:23</PriceUpdateDate>
      <ItemCode>7290108352009</ItemCode>
      <ItemType>1</ItemType>
      <ItemName>סנו ספארק טבליות למד</ItemName>
      <ManufacturerName>לא ידוע</ManufacturerName>
      <ManufactureCountry>לא ידוע</ManufactureCountry>
      <ManufacturerItemDescription>סנו ספארק טבליות למד</ManufacturerItemDescription>
      <UnitQty>יחידה   </UnitQty>
      <Quantity>0.00</Quantity>
      <UnitOfMeasure>יחידה   </UnitOfMeasure>
      <bIsWeighted>0</bIsWeighted>
      <QtyInPackage>לא ידוע</QtyInPackage>
      <ItemPrice>47.90</ItemPrice>
      <UnitOfMeasurePrice>0.0000</UnitOfMeasurePrice>
      <AllowDiscount>1</AllowDiscount>
      <ItemStatus>1</ItemStatus>
      <ItemId>230877</ItemId>
    </Item>
    <Item>
      <PriceUpdateDate>2025-08-26 11:13:40</PriceUpdateDate>
      <ItemCode>7290112346797</ItemCode>
      <ItemType>1</ItemType>
      <ItemName>אקטיביה שיבולת שועל</ItemName>
      <ManufacturerName>לא ידוע</ManufacturerName>
      <ManufactureCountry>לא ידוע</ManufactureCountry>
      <ManufacturerItemDescription>אקטיביה שיבולת שועל</ManufacturerItemDescription>
      <UnitQty>לא ידוע</UnitQty>
      <Quantity>150.00</Quantity>
      <UnitOfMeasure>לא ידוע</UnitOfMeasure>
      <bIsWeighted>0</bIsWeighted>
      <QtyInPackage>לא ידוע</QtyInPackage>
      <ItemPrice>6.90</ItemPrice>
      <UnitOfMeasurePrice>0.0460</UnitOfMeasurePrice>
      <AllowDiscount>1</AllowDiscount>
      <ItemStatus>1</ItemStatus>
      <ItemId>231014</ItemId>
    </Item>
    <Item>
      <PriceUpdateDate>2025-08-26 11:21:14</PriceUpdateDate>
      <ItemCode>7290110326210</ItemCode>
      <ItemType>1</ItemType>
      <ItemName>יוגורט און טופ פצפוצ</ItemName>
      <ManufacturerName>לא ידוע</ManufacturerName>
      <ManufactureCountry>לא ידוע</ManufactureCountry>
      <ManufacturerItemDescription>יוגורט און טופ פצפוצ</ManufacturerItemDescription>
      <UnitQty>לא ידוע</UnitQty>
      <Quantity>157.00</Quantity>
      <UnitOfMeasure>לא ידוע</UnitOfMeasure>
      <bIsWeighted>0</bIsWeighted>
      <QtyInPackage>לא ידוע</QtyInPackage>
      <ItemPrice>6.20</ItemPrice>
      <UnitOfMeasurePrice>0.0395</UnitOfMeasurePrice>
      <AllowDiscount>1</AllowDiscount>
      <ItemStatus>1</ItemStatus>
      <ItemId>231028</ItemId>
    </Item>
    <Item>
      <PriceUpdateDate>2025-08-26 11:21:17</PriceUpdateDate>
      <ItemCode>7290110326234</ItemCode>
      <ItemType>1</ItemType>
      <ItemName>יופלה און טופ כוכבים</ItemName>
      <ManufacturerName>לא ידוע</ManufacturerName>
      <ManufactureCountry>לא ידוע</ManufactureCountry>
      <ManufacturerItemDescription>יופלה און טופ כוכבים</ManufacturerItemDescription>
      <UnitQty>לא ידוע</UnitQty>
      <Quantity>157.00</Quantity>
      <UnitOfMeasure>לא ידוע</UnitOfMeasure>
      <bIsWeighted>0</bIsWeighted>
      <QtyInPackage>לא ידוע</QtyInPackage>
      <ItemPrice>6.20</ItemPrice>
      <UnitOfMeasurePrice>0.0395</UnitOfMeasurePrice>
      <AllowDiscount>1</AllowDiscount>
      <ItemStatus>1</ItemStatus>
      <ItemId>231030</ItemId>
    </Item>
    <Item>
      <PriceUpdateDate>2025-08-19 14:03:46</PriceUpdateDate>
      <ItemCode>7290002026587</ItemCode>
      <ItemType>1</ItemType>
      <ItemName>וופל בלגי חם מהמקפיא</ItemName>
      <ManufacturerName>לא ידוע</ManufacturerName>
      <ManufactureCountry>לא ידוע</ManufactureCountry>
      <ManufacturerItemDescription>וופל בלגי חם מהמקפיא</ManufacturerItemDescription>
      <UnitQty>לא ידוע</UnitQty>
      <Quantity>280.00</Quantity>
      <UnitOfMeasure>לא ידוע</UnitOfMeasure>
      <bIsWeighted>0</bIsWeighted>
      <QtyInPackage>לא ידוע</QtyInPackage>
      <ItemPrice>19.90</ItemPrice>
      <UnitOfMeasurePrice>0.0711</UnitOfMeasurePrice>
      <AllowDiscount>1</AllowDiscount>
      <ItemStatus>1</ItemStatus>
      <ItemId>231046</ItemId>
    </Item>
    <Item>
      <PriceUpdateDate>2025-08-31 10:13:13</PriceUpdateDate>
      <ItemCode>7290015324427</ItemCode>
      <ItemType>1</ItemType>
      <ItemName>סודה לשתיה בשקית 80ג</ItemName>
      <ManufacturerName>לא ידוע</ManufacturerName>
      <ManufactureCountry>לא ידוע</ManufactureCountry>
      <ManufacturerItemDescription>סודה לשתיה בשקית 80ג</ManufacturerItemDescription>
      <UnitQty>לא ידוע</UnitQty>
      <Quantity>80.00</Quantity>
      <UnitOfMeasure>לא ידוע</UnitOfMeasure>
      <bIsWeighted>0</bIsWeighted>
      <QtyInPackage>לא ידוע</QtyInPackage>
      <ItemPrice>5.00</ItemPrice>
      <UnitOfMeasurePrice>0.0625</UnitOfMeasurePrice>
      <AllowDiscount>1</AllowDiscount>
      <ItemStatus>1</ItemStatus>
      <ItemId>231047</ItemId>
    </Item>
    <Item>
      <PriceUpdateDate>2025-08-31 09:56:34</PriceUpdateDate>
      <ItemCode>7290017065588</ItemCode>
      <ItemType>1</ItemType>
      <ItemName>גד יוגורט יווני 10%</ItemName>
      <ManufacturerName>קריות זול</ManufacturerName>
      <ManufactureCountry>לא ידוע</ManufactureCountry>
      <ManufacturerItemDescription>גד יוגורט יווני 10%</ManufacturerItemDescription>
      <UnitQty>לא ידוע</UnitQty>
      <Quantity>600.00</Quantity>
      <UnitOfMeasure>לא ידוע</UnitOfMeasure>
      <bIsWeighted>0</bIsWeighted>
      <QtyInPackage>לא ידוע</QtyInPackage>
      <ItemPrice>22.90</ItemPrice>
      <UnitOfMeasurePrice>0.0382</UnitOfMeasurePrice>
      <AllowDiscount>1</AllowDiscount>
      <ItemStatus>1</ItemStatus>
      <ItemId>231153</ItemId>
    </Item>
    <Item>
      <PriceUpdateDate>2024-12-24 07:30:10</PriceUpdateDate>
      <ItemCode>7290018198056</ItemCode>
      <ItemType>1</ItemType>
      <ItemName>תפוגן קוביות תפוחי א</ItemName>
      <ManufacturerName>לא ידוע</ManufacturerName>
      <ManufactureCountry>לא ידוע</ManufactureCountry>
      <ManufacturerItemDescription>תפוגן קוביות תפוחי א</ManufacturerItemDescription>
      <UnitQty>לא ידוע</UnitQty>
      <Quantity>1500.00</Quantity>
      <UnitOfMeasure>לא ידוע</UnitOfMeasure>
      <bIsWeighted>0</bIsWeighted>
      <QtyInPackage>לא ידוע</QtyInPackage>
      <ItemPrice>31.90</ItemPrice>
      <UnitOfMeasurePrice>0.0213</UnitOfMeasurePrice>
      <AllowDiscount>1</AllowDiscount>
      <ItemStatus>1</ItemStatus>
      <ItemId>231165</ItemId>
    </Item>
    <Item>
      <PriceUpdateDate>2025-08-22 11:39:40</PriceUpdateDate>
      <ItemCode>7290013848345</ItemCode>
      <ItemType>1</ItemType>
      <ItemName>סנו מטליות לחות לחיט</ItemName>
      <ManufacturerName>לא ידוע</ManufacturerName>
      <ManufactureCountry>לא ידוע</ManufactureCountry>
      <ManufacturerItemDescription>סנו מטליות לחות לחיט</ManufacturerItemDescription>
      <UnitQty>יחידה   </UnitQty>
      <Quantity>0.00</Quantity>
      <UnitOfMeasure>יחידה   </UnitOfMeasure>
      <bIsWeighted>0</bIsWeighted>
      <QtyInPackage>לא ידוע</QtyInPackage>
      <ItemPrice>26.90</ItemPrice>
      <UnitOfMeasurePrice>0.0000</UnitOfMeasurePrice>
      <AllowDiscount>1</AllowDiscount>
      <ItemStatus>1</ItemStatus>
      <ItemId>231190</ItemId>
    </Item>
    <Item>
      <PriceUpdateDate>2025-08-31 09:58:15</PriceUpdateDate>
      <ItemCode>7290108506495</ItemCode>
      <ItemType>1</ItemType>
      <ItemName>פינוקים כנאפה קפוא 1</ItemName>
      <ManufacturerName>לא ידוע</ManufacturerName>
      <ManufactureCountry>לא ידוע</ManufactureCountry>
      <ManufacturerItemDescription>פינוקים כנאפה קפוא 1</ManufacturerItemDescription>
      <UnitQty>לא ידוע</UnitQty>
      <Quantity>192.50</Quantity>
      <UnitOfMeasure>לא ידוע</UnitOfMeasure>
      <bIsWeighted>0</bIsWeighted>
      <QtyInPackage>לא ידוע</QtyInPackage>
      <ItemPrice>16.50</ItemPrice>
      <UnitOfMeasurePrice>0.0857</UnitOfMeasurePrice>
      <AllowDiscount>1</AllowDiscount>
      <ItemStatus>1</ItemStatus>
      <ItemId>231203</ItemId>
    </Item>
    <Item>
      <PriceUpdateDate>2025-08-27 09:53:24</PriceUpdateDate>
      <ItemCode>7290002814290</ItemCode>
      <ItemType>1</ItemType>
      <ItemName>קצף אקונומיקה מרוכז</ItemName>
      <ManufacturerName>לא ידוע</ManufacturerName>
      <ManufactureCountry>לא ידוע</ManufactureCountry>
      <ManufacturerItemDescription>קצף אקונומיקה מרוכז</ManufacturerItemDescription>
      <UnitQty>לא ידוע</UnitQty>
      <Quantity>1000.00</Quantity>
      <UnitOfMeasure>לא ידוע</UnitOfMeasure>
      <bIsWeighted>0</bIsWeighted>
      <QtyInPackage>לא ידוע</QtyInPackage>
      <ItemPrice>15.90</ItemPrice>
      <UnitOfMeasurePrice>0.0159</UnitOfMeasurePrice>
      <AllowDiscount>1</AllowDiscount>
      <ItemStatus>1</ItemStatus>
      <ItemId>231204</ItemId>
    </Item>
    <Item>
      <PriceUpdateDate>2025-08-31 09:58:15</PriceUpdateDate>
      <ItemCode>7290108506631</ItemCode>
      <ItemType>1</ItemType>
      <ItemName>רביולי גבינות 250 גר</ItemName>
      <ManufacturerName>לא ידוע</ManufacturerName>
      <ManufactureCountry>לא ידוע</ManufactureCountry>
      <ManufacturerItemDescription>רביולי גבינות 250 גר</ManufacturerItemDescription>
      <UnitQty>לא ידוע</UnitQty>
      <Quantity>250.00</Quantity>
      <UnitOfMeasure>לא ידוע</UnitOfMeasure>
      <bIsWeighted>0</bIsWeighted>
      <QtyInPackage>לא ידוע</QtyInPackage>
      <ItemPrice>16.90</ItemPrice>
      <UnitOfMeasurePrice>0.0676</UnitOfMeasurePrice>
      <AllowDiscount>1</AllowDiscount>
      <ItemStatus>1</ItemStatus>
      <ItemId>231205</ItemId>
    </Item>
    <Item>
      <PriceUpdateDate>2025-08-31 09:58:16</PriceUpdateDate>
      <ItemCode>7290108506662</ItemCode>
      <ItemType>1</ItemType>
      <ItemName>רביולי פטריות 250 גר</ItemName>
      <ManufacturerName>לא ידוע</ManufacturerName>
      <ManufactureCountry>לא ידוע</ManufactureCountry>
      <ManufacturerItemDescription>רביולי פטריות 250 גר</ManufacturerItemDescription>
      <UnitQty>לא ידוע</UnitQty>
      <Quantity>250.00</Quantity>
      <UnitOfMeasure>לא ידוע</UnitOfMeasure>
      <bIsWeighted>0</bIsWeighted>
      <QtyInPackage>לא ידוע</QtyInPackage>
      <ItemPrice>16.90</ItemPrice>
      <UnitOfMeasurePrice>0.0676</UnitOfMeasurePrice>
      <AllowDiscount>1</AllowDiscount>
      <ItemStatus>1</ItemStatus>
      <ItemId>231208</ItemId>
    </Item>
    <Item>
      <PriceUpdateDate>2025-09-08 08:00:23</PriceUpdateDate>
      <ItemCode>8001841625188</ItemCode>
      <ItemType>1</ItemType>
      <ItemName>פיירי פלטינום לימון</ItemName>
      <ManufacturerName>לא ידוע</ManufacturerName>
      <ManufactureCountry>לא ידוע</ManufactureCountry>
      <ManufacturerItemDescription>פיירי פלטינום לימון</ManufacturerItemDescription>
      <UnitQty>לא ידוע</UnitQty>
      <Quantity>515.00</Quantity>
      <UnitOfMeasure>לא ידוע</UnitOfMeasure>
      <bIsWeighted>0</bIsWeighted>
      <QtyInPackage>לא ידוע</QtyInPackage>
      <ItemPrice>13.90</ItemPrice>
      <UnitOfMeasurePrice>0.0270</UnitOfMeasurePrice>
      <AllowDiscount>1</AllowDiscount>
      <ItemStatus>1</ItemStatus>
      <ItemId>231216</ItemId>
    </Item>
    <Item>
      <PriceUpdateDate>2025-09-08 08:00:23</PriceUpdateDate>
      <ItemCode>8001841625461</ItemCode>
      <ItemType>1</ItemType>
      <ItemName>פיירי פלטינום אורגינ</ItemName>
      <ManufacturerName>לא ידוע</ManufacturerName>
      <ManufactureCountry>לא ידוע</ManufactureCountry>
      <ManufacturerItemDescription>פיירי פלטינום אורגינ</ManufacturerItemDescription>
      <UnitQty>לא ידוע</UnitQty>
      <Quantity>515.00</Quantity>
      <UnitOfMeasure>לא ידוע</UnitOfMeasure>
      <bIsWeighted>0</bIsWeighted>
      <QtyInPackage>לא ידוע</QtyInPackage>
      <ItemPrice>13.90</ItemPrice>
      <UnitOfMeasurePrice>0.0270</UnitOfMeasurePrice>
      <AllowDiscount>1</AllowDiscount>
      <ItemStatus>1</ItemStatus>
      <ItemId>231217</ItemId>
    </Item>
    <Item>
      <PriceUpdateDate>2025-09-03 13:37:52</PriceUpdateDate>
      <ItemCode>7290112351104</ItemCode>
      <ItemType>1</ItemType>
      <ItemName>שוקולד פרה פיצפוצי א</ItemName>
      <ManufacturerName>לא ידוע</ManufacturerName>
      <ManufactureCountry>לא ידוע</ManufactureCountry>
      <ManufacturerItemDescription>שוקולד פרה פיצפוצי א</ManufacturerItemDescription>
      <UnitQty>לא ידוע</UnitQty>
      <Quantity>100.00</Quantity>
      <UnitOfMeasure>לא ידוע</UnitOfMeasure>
      <bIsWeighted>0</bIsWeighted>
      <QtyInPackage>לא ידוע</QtyInPackage>
      <ItemPrice>9.50</ItemPrice>
      <UnitOfMeasurePrice>0.0950</UnitOfMeasurePrice>
      <AllowDiscount>1</AllowDiscount>
      <ItemStatus>1</ItemStatus>
      <ItemId>231222</ItemId>
    </Item>
    <Item>
      <PriceUpdateDate>2025-05-08 08:10:54</PriceUpdateDate>
      <ItemCode>8005110551253</ItemCode>
      <ItemType>1</ItemType>
      <ItemName>רוטב פיצה 400 גרם מו</ItemName>
      <ManufacturerName>לא ידוע</ManufacturerName>
      <ManufactureCountry>לא ידוע</ManufactureCountry>
      <ManufacturerItemDescription>רוטב פיצה 400 גרם מו</ManufacturerItemDescription>
      <UnitQty>לא ידוע</UnitQty>
      <Quantity>400.00</Quantity>
      <UnitOfMeasure>לא ידוע</UnitOfMeasure>
      <bIsWeighted>0</bIsWeighted>
      <QtyInPackage>לא ידוע</QtyInPackage>
      <ItemPrice>11.90</ItemPrice>
      <UnitOfMeasurePrice>0.0298</UnitOfMeasurePrice>
      <AllowDiscount>1</AllowDiscount>
      <ItemStatus>1</ItemStatus>
      <ItemId>231248</ItemId>
    </Item>
    <Item>
      <PriceUpdateDate>2025-09-07 10:41:26</PriceUpdateDate>
      <ItemCode>7290108352320</ItemCode>
      <ItemType>1</ItemType>
      <ItemName>סנו פרש הום מלון בוט</ItemName>
      <ManufacturerName>לא ידוע</ManufacturerName>
      <ManufactureCountry>לא ידוע</ManufactureCountry>
      <ManufacturerItemDescription>סנו פרש הום מלון בוט</ManufacturerItemDescription>
      <UnitQty>לא ידוע</UnitQty>
      <Quantity>350.00</Quantity>
      <UnitOfMeasure>לא ידוע</UnitOfMeasure>
      <bIsWeighted>0</bIsWeighted>
      <QtyInPackage>לא ידוע</QtyInPackage>
      <ItemPrice>16.90</ItemPrice>
      <UnitOfMeasurePrice>0.0483</UnitOfMeasurePrice>
      <AllowDiscount>1</AllowDiscount>
      <ItemStatus>1</ItemStatus>
      <ItemId>231250</ItemId>
    </Item>
    <Item>
      <PriceUpdateDate>2025-09-07 10:41:27</PriceUpdateDate>
      <ItemCode>7290108352337</ItemCode>
      <ItemType>1</ItemType>
      <ItemName>סנו פרש הום אוטומטיק</ItemName>
      <ManufacturerName>לא ידוע</ManufacturerName>
      <ManufactureCountry>לא ידוע</ManufactureCountry>
      <ManufacturerItemDescription>סנו פרש הום אוטומטיק</ManufacturerItemDescription>
      <UnitQty>לא ידוע</UnitQty>
      <Quantity>250.00</Quantity>
      <UnitOfMeasure>לא ידוע</UnitOfMeasure>
      <bIsWeighted>0</bIsWeighted>
      <QtyInPackage>לא ידוע</QtyInPackage>
      <ItemPrice>17.90</ItemPrice>
      <UnitOfMeasurePrice>0.0716</UnitOfMeasurePrice>
      <AllowDiscount>1</AllowDiscount>
      <ItemStatus>1</ItemStatus>
      <ItemId>231253</ItemId>
    </Item>
    <Item>
      <PriceUpdateDate>2025-08-19 11:43:44</PriceUpdateDate>
      <ItemCode>4005808850020</ItemCode>
      <ItemType>1</ItemType>
      <ItemName>לבלו שפתון כחול זוג</ItemName>
      <ManufacturerName>לא ידוע</ManufacturerName>
      <ManufactureCountry>לא ידוע</ManufactureCountry>
      <ManufacturerItemDescription>לבלו שפתון כחול זוג</ManufacturerItemDescription>
      <UnitQty>יחידה   </UnitQty>
      <Quantity>0.00</Quantity>
      <UnitOfMeasure>יחידה   </UnitOfMeasure>
      <bIsWeighted>0</bIsWeighted>
      <QtyInPackage>לא ידוע</QtyInPackage>
      <ItemPrice>25.90</ItemPrice>
      <UnitOfMeasurePrice>0.0000</UnitOfMeasurePrice>
      <AllowDiscount>1</AllowDiscount>
      <ItemStatus>1</ItemStatus>
      <ItemId>250129</ItemId>
    </Item>
    <Item>
      <PriceUpdateDate>2025-08-31 09:27:10</PriceUpdateDate>
      <ItemCode>7290015781282</ItemCode>
      <ItemType>1</ItemType>
      <ItemName>גוורצטרמינר אימפרשן</ItemName>
      <ManufacturerName>לא ידוע</ManufacturerName>
      <ManufactureCountry>לא ידוע</ManufactureCountry>
      <ManufacturerItemDescription>גוורצטרמינר אימפרשן</ManufacturerItemDescription>
      <UnitQty>לא ידוע</UnitQty>
      <Quantity>750.00</Quantity>
      <UnitOfMeasure>לא ידוע</UnitOfMeasure>
      <bIsWeighted>0</bIsWeighted>
      <QtyInPackage>לא ידוע</QtyInPackage>
      <ItemPrice>53.90</ItemPrice>
      <UnitOfMeasurePrice>0.0719</UnitOfMeasurePrice>
      <AllowDiscount>1</AllowDiscount>
      <ItemStatus>1</ItemStatus>
      <ItemId>130439</ItemId>
    </Item>
    <Item>
      <PriceUpdateDate>2025-09-07 10:41:27</PriceUpdateDate>
      <ItemCode>7290108352344</ItemCode>
      <ItemType>1</ItemType>
      <ItemName>סנו פרש הום אוטומטיק</ItemName>
      <ManufacturerName>לא ידוע</ManufacturerName>
      <ManufactureCountry>לא ידוע</ManufactureCountry>
      <ManufacturerItemDescription>סנו פרש הום אוטומטיק</ManufacturerItemDescription>
      <UnitQty>לא ידוע</UnitQty>
      <Quantity>250.00</Quantity>
      <UnitOfMeasure>לא ידוע</UnitOfMeasure>
      <bIsWeighted>0</bIsWeighted>
      <QtyInPackage>לא ידוע</QtyInPackage>
      <ItemPrice>17.90</ItemPrice>
      <UnitOfMeasurePrice>0.0716</UnitOfMeasurePrice>
      <AllowDiscount>1</AllowDiscount>
      <ItemStatus>1</ItemStatus>
      <ItemId>231254</ItemId>
    </Item>
    <Item>
      <PriceUpdateDate>2024-12-31 12:14:16</PriceUpdateDate>
      <ItemCode>7290017888729</ItemCode>
      <ItemType>1</ItemType>
      <ItemName>שוופס סודה בקבוק 1 ל</ItemName>
      <ManufacturerName>לא ידוע</ManufacturerName>
      <ManufactureCountry>לא ידוע</ManufactureCountry>
      <ManufacturerItemDescription>שוופס סודה בקבוק 1 ל</ManufacturerItemDescription>
      <UnitQty>לא ידוע</UnitQty>
      <Quantity>1000.00</Quantity>
      <UnitOfMeasure>לא ידוע</UnitOfMeasure>
      <bIsWeighted>0</bIsWeighted>
      <QtyInPackage>לא ידוע</QtyInPackage>
      <ItemPrice>4.90</ItemPrice>
      <UnitOfMeasurePrice>0.0049</UnitOfMeasurePrice>
      <AllowDiscount>1</AllowDiscount>
      <ItemStatus>1</ItemStatus>
      <ItemId>231324</ItemId>
    </Item>
    <Item>
      <PriceUpdateDate>2025-08-19 11:31:38</PriceUpdateDate>
      <ItemCode>7290005996238</ItemCode>
      <ItemType>1</ItemType>
      <ItemName>פסטרמה בדבש דק דק 12</ItemName>
      <ManufacturerName>לא ידוע</ManufacturerName>
      <ManufactureCountry>לא ידוע</ManufactureCountry>
      <ManufacturerItemDescription>פסטרמה בדבש דק דק 12</ManufacturerItemDescription>
      <UnitQty>לא ידוע</UnitQty>
      <Quantity>120.00</Quantity>
      <UnitOfMeasure>לא ידוע</UnitOfMeasure>
      <bIsWeighted>0</bIsWeighted>
      <QtyInPackage>לא ידוע</QtyInPackage>
      <ItemPrice>18.90</ItemPrice>
      <UnitOfMeasurePrice>0.1575</UnitOfMeasurePrice>
      <AllowDiscount>1</AllowDiscount>
      <ItemStatus>1</ItemStatus>
      <ItemId>231355</ItemId>
    </Item>
    <Item>
      <PriceUpdateDate>2025-08-27 11:49:19</PriceUpdateDate>
      <ItemCode>7290014749245</ItemCode>
      <ItemType>1</ItemType>
      <ItemName>צ'ונגו רצועות שניצל</ItemName>
      <ManufacturerName>לא ידוע</ManufacturerName>
      <ManufactureCountry>לא ידוע</ManufactureCountry>
      <ManufacturerItemDescription>צ'ונגו רצועות שניצל</ManufacturerItemDescription>
      <UnitQty>לא ידוע</UnitQty>
      <Quantity>600.00</Quantity>
      <UnitOfMeasure>לא ידוע</UnitOfMeasure>
      <bIsWeighted>0</bIsWeighted>
      <QtyInPackage>לא ידוע</QtyInPackage>
      <ItemPrice>43.90</ItemPrice>
      <UnitOfMeasurePrice>0.0732</UnitOfMeasurePrice>
      <AllowDiscount>1</AllowDiscount>
      <ItemStatus>1</ItemStatus>
      <ItemId>231369</ItemId>
    </Item>
    <Item>
      <PriceUpdateDate>2025-09-04 12:12:39</PriceUpdateDate>
      <ItemCode>7290008835992</ItemCode>
      <ItemType>1</ItemType>
      <ItemName>פילה נסיכת הנילוס פר</ItemName>
      <ManufacturerName>לא ידוע</ManufacturerName>
      <ManufactureCountry>לא ידוע</ManufactureCountry>
      <ManufacturerItemDescription>פילה נסיכת הנילוס פר</ManufacturerItemDescription>
      <UnitQty>קילוגרמים</UnitQty>
      <Quantity>1.00</Quantity>
      <UnitOfMeasure>ק"ג</UnitOfMeasure>
      <bIsWeighted>1</bIsWeighted>
      <QtyInPackage>לא ידוע</QtyInPackage>
      <ItemPrice>74.90</ItemPrice>
      <UnitOfMeasurePrice>74.9000</UnitOfMeasurePrice>
      <AllowDiscount>1</AllowDiscount>
      <ItemStatus>1</ItemStatus>
      <ItemId>231406</ItemId>
    </Item>
    <Item>
      <PriceUpdateDate>2025-08-19 11:26:02</PriceUpdateDate>
      <ItemCode>7290005431968</ItemCode>
      <ItemType>1</ItemType>
      <ItemName>מלבי שמנת 150 גרם</ItemName>
      <ManufacturerName>לא ידוע</ManufacturerName>
      <ManufactureCountry>לא ידוע</ManufactureCountry>
      <ManufacturerItemDescription>מלבי שמנת 150 גרם</ManufacturerItemDescription>
      <UnitQty>לא ידוע</UnitQty>
      <Quantity>150.00</Quantity>
      <UnitOfMeasure>לא ידוע</UnitOfMeasure>
      <bIsWeighted>0</bIsWeighted>
      <QtyInPackage>לא ידוע</QtyInPackage>
      <ItemPrice>8.90</ItemPrice>
      <UnitOfMeasurePrice>0.0593</UnitOfMeasurePrice>
      <AllowDiscount>1</AllowDiscount>
      <ItemStatus>1</ItemStatus>
      <ItemId>231415</ItemId>
    </Item>
    <Item>
      <PriceUpdateDate>2025-08-26 11:21:11</PriceUpdateDate>
      <ItemCode>7290110325626</ItemCode>
      <ItemType>1</ItemType>
      <ItemName>משקה שקדים ללא סוכר</ItemName>
      <ManufacturerName>לא ידוע</ManufacturerName>
      <ManufactureCountry>ישראל</ManufactureCountry>
      <ManufacturerItemDescription>משקה שקדים ללא סוכר</ManufacturerItemDescription>
      <UnitQty>לא ידוע</UnitQty>
      <Quantity>1000.00</Quantity>
      <UnitOfMeasure>לא ידוע</UnitOfMeasure>
      <bIsWeighted>0</bIsWeighted>
      <QtyInPackage>לא ידוע</QtyInPackage>
      <ItemPrice>14.90</ItemPrice>
      <UnitOfMeasurePrice>0.0149</UnitOfMeasurePrice>
      <AllowDiscount>1</AllowDiscount>
      <ItemStatus>1</ItemStatus>
      <ItemId>231416</ItemId>
    </Item>
    <Item>
      <PriceUpdateDate>2025-08-21 10:18:27</PriceUpdateDate>
      <ItemCode>7290006376022</ItemCode>
      <ItemType>1</ItemType>
      <ItemName>קורנפלור 200גר פרימי</ItemName>
      <ManufacturerName>לא ידוע</ManufacturerName>
      <ManufactureCountry>לא ידוע</ManufactureCountry>
      <ManufacturerItemDescription>קורנפלור 200גר פרימי</ManufacturerItemDescription>
      <UnitQty>לא ידוע</UnitQty>
      <Quantity>200.00</Quantity>
      <UnitOfMeasure>לא ידוע</UnitOfMeasure>
      <bIsWeighted>0</bIsWeighted>
      <QtyInPackage>לא ידוע</QtyInPackage>
      <ItemPrice>4.90</ItemPrice>
      <UnitOfMeasurePrice>0.0245</UnitOfMeasurePrice>
      <AllowDiscount>1</AllowDiscount>
      <ItemStatus>1</ItemStatus>
      <ItemId>231427</ItemId>
    </Item>
    <Item>
      <PriceUpdateDate>2025-09-04 08:24:32</PriceUpdateDate>
      <ItemCode>76840002542</ItemCode>
      <ItemType>1</ItemType>
      <ItemName>בן&amp;גריס גלידה פיינט</ItemName>
      <ManufacturerName>לא ידוע</ManufacturerName>
      <ManufactureCountry>לא ידוע</ManufactureCountry>
      <ManufacturerItemDescription>בן&amp;גריס גלידה פיינט</ManufacturerItemDescription>
      <UnitQty>יחידה   </UnitQty>
      <Quantity>0.00</Quantity>
      <UnitOfMeasure>יחידה   </UnitOfMeasure>
      <bIsWeighted>0</bIsWeighted>
      <QtyInPackage>לא ידוע</QtyInPackage>
      <ItemPrice>24.90</ItemPrice>
      <UnitOfMeasurePrice>0.0000</UnitOfMeasurePrice>
      <AllowDiscount>1</AllowDiscount>
      <ItemStatus>1</ItemStatus>
      <ItemId>231434</ItemId>
    </Item>
    <Item>
      <PriceUpdateDate>2025-08-21 10:21:50</PriceUpdateDate>
      <ItemCode>7290002769910</ItemCode>
      <ItemType>1</ItemType>
      <ItemName>עוגיות ללא תוספת סוכ</ItemName>
      <ManufacturerName>לא ידוע</ManufacturerName>
      <ManufactureCountry>לא ידוע</ManufactureCountry>
      <ManufacturerItemDescription>עוגיות ללא תוספת סוכ</ManufacturerItemDescription>
      <UnitQty>לא ידוע</UnitQty>
      <Quantity>350.00</Quantity>
      <UnitOfMeasure>לא ידוע</UnitOfMeasure>
      <bIsWeighted>0</bIsWeighted>
      <QtyInPackage>לא ידוע</QtyInPackage>
      <ItemPrice>14.90</ItemPrice>
      <UnitOfMeasurePrice>0.0426</UnitOfMeasurePrice>
      <AllowDiscount>1</AllowDiscount>
      <ItemStatus>1</ItemStatus>
      <ItemId>231443</ItemId>
    </Item>
    <Item>
      <PriceUpdateDate>2025-08-26 11:13:39</PriceUpdateDate>
      <ItemCode>7290112346629</ItemCode>
      <ItemType>1</ItemType>
      <ItemName>דנונה עם קורנפלקס מצ</ItemName>
      <ManufacturerName>קריות זול</ManufacturerName>
      <ManufactureCountry>לא ידוע</ManufactureCountry>
      <ManufacturerItemDescription>דנונה עם קורנפלקס מצ</ManufacturerItemDescription>
      <UnitQty>לא ידוע</UnitQty>
      <Quantity>172.00</Quantity>
      <UnitOfMeasure>לא ידוע</UnitOfMeasure>
      <bIsWeighted>0</bIsWeighted>
      <QtyInPackage>לא ידוע</QtyInPackage>
      <ItemPrice>6.00</ItemPrice>
      <UnitOfMeasurePrice>0.0349</UnitOfMeasurePrice>
      <AllowDiscount>1</AllowDiscount>
      <ItemStatus>1</ItemStatus>
      <ItemId>231481</ItemId>
    </Item>
    <Item>
      <PriceUpdateDate>2025-08-28 16:53:43</PriceUpdateDate>
      <ItemCode>7290108505740</ItemCode>
      <ItemType>1</ItemType>
      <ItemName>גבינת קשקבל חצי קשה</ItemName>
      <ManufacturerName>לא ידוע</ManufacturerName>
      <ManufactureCountry>לא ידוע</ManufactureCountry>
      <ManufacturerItemDescription>גבינת קשקבל חצי קשה</ManufacturerItemDescription>
      <UnitQty>לא ידוע</UnitQty>
      <Quantity>200.00</Quantity>
      <UnitOfMeasure>לא ידוע</UnitOfMeasure>
      <bIsWeighted>0</bIsWeighted>
      <QtyInPackage>לא ידוע</QtyInPackage>
      <ItemPrice>19.50</ItemPrice>
      <UnitOfMeasurePrice>0.0975</UnitOfMeasurePrice>
      <AllowDiscount>1</AllowDiscount>
      <ItemStatus>1</ItemStatus>
      <ItemId>231489</ItemId>
    </Item>
    <Item>
      <PriceUpdateDate>2025-08-28 10:18:00</PriceUpdateDate>
      <ItemCode>7290108506709</ItemCode>
      <ItemType>1</ItemType>
      <ItemName>גבינת פרמז'נו רג'יאנ</ItemName>
      <ManufacturerName>לא ידוע</ManufacturerName>
      <ManufactureCountry>לא ידוע</ManufactureCountry>
      <ManufacturerItemDescription>גבינת פרמז'נו רג'יאנ</ManufacturerItemDescription>
      <UnitQty>לא ידוע</UnitQty>
      <Quantity>150.00</Quantity>
      <UnitOfMeasure>לא ידוע</UnitOfMeasure>
      <bIsWeighted>0</bIsWeighted>
      <QtyInPackage>לא ידוע</QtyInPackage>
      <ItemPrice>28.90</ItemPrice>
      <UnitOfMeasurePrice>0.1927</UnitOfMeasurePrice>
      <AllowDiscount>1</AllowDiscount>
      <ItemStatus>1</ItemStatus>
      <ItemId>231490</ItemId>
    </Item>
    <Item>
      <PriceUpdateDate>2025-08-18 14:32:27</PriceUpdateDate>
      <ItemCode>5000204151053</ItemCode>
      <ItemType>1</ItemType>
      <ItemName>פלדג' אירוסול לניקוי</ItemName>
      <ManufacturerName>לא ידוע</ManufacturerName>
      <ManufactureCountry>לא ידוע</ManufactureCountry>
      <ManufacturerItemDescription>פלדג' אירוסול לניקוי</ManufacturerItemDescription>
      <UnitQty>לא ידוע</UnitQty>
      <Quantity>250.00</Quantity>
      <UnitOfMeasure>לא ידוע</UnitOfMeasure>
      <bIsWeighted>0</bIsWeighted>
      <QtyInPackage>לא ידוע</QtyInPackage>
      <ItemPrice>18.90</ItemPrice>
      <UnitOfMeasurePrice>0.0756</UnitOfMeasurePrice>
      <AllowDiscount>1</AllowDiscount>
      <ItemStatus>1</ItemStatus>
      <ItemId>231506</ItemId>
    </Item>
    <Item>
      <PriceUpdateDate>2025-09-08 07:55:34</PriceUpdateDate>
      <ItemCode>7290017871363</ItemCode>
      <ItemType>1</ItemType>
      <ItemName>פמלי יהלום סבון ידיי</ItemName>
      <ManufacturerName>קריות זול</ManufacturerName>
      <ManufactureCountry>לא ידוע</ManufactureCountry>
      <ManufacturerItemDescription>פמלי יהלום סבון ידיי</ManufacturerItemDescription>
      <UnitQty>לא ידוע</UnitQty>
      <Quantity>500.00</Quantity>
      <UnitOfMeasure>לא ידוע</UnitOfMeasure>
      <bIsWeighted>0</bIsWeighted>
      <QtyInPackage>לא ידוע</QtyInPackage>
      <ItemPrice>10.90</ItemPrice>
      <UnitOfMeasurePrice>0.0218</UnitOfMeasurePrice>
      <AllowDiscount>1</AllowDiscount>
      <ItemStatus>1</ItemStatus>
      <ItemId>231516</ItemId>
    </Item>
    <Item>
      <PriceUpdateDate>2025-03-22 16:00:41</PriceUpdateDate>
      <ItemCode>7290108352207</ItemCode>
      <ItemType>1</ItemType>
      <ItemName>סנו מקסימה 40 קפסולו</ItemName>
      <ManufacturerName>לא ידוע</ManufacturerName>
      <ManufactureCountry>לא ידוע</ManufactureCountry>
      <ManufacturerItemDescription>סנו מקסימה 40 קפסולו</ManufacturerItemDescription>
      <UnitQty>לא ידוע</UnitQty>
      <Quantity>40.00</Quantity>
      <UnitOfMeasure>לא ידוע</UnitOfMeasure>
      <bIsWeighted>0</bIsWeighted>
      <QtyInPackage>לא ידוע</QtyInPackage>
      <ItemPrice>34.90</ItemPrice>
      <UnitOfMeasurePrice>0.8725</UnitOfMeasurePrice>
      <AllowDiscount>1</AllowDiscount>
      <ItemStatus>1</ItemStatus>
      <ItemId>231587</ItemId>
    </Item>
    <Item>
      <PriceUpdateDate>2025-08-19 11:43:48</PriceUpdateDate>
      <ItemCode>4005808890576</ItemCode>
      <ItemType>1</ItemType>
      <ItemName>ניוואה קרם ידיים שפו</ItemName>
      <ManufacturerName>לא ידוע</ManufacturerName>
      <ManufactureCountry>לא ידוע</ManufactureCountry>
      <ManufacturerItemDescription>ניוואה קרם ידיים שפו</ManufacturerItemDescription>
      <UnitQty>יחידה   </UnitQty>
      <Quantity>0.00</Quantity>
      <UnitOfMeasure>יחידה   </UnitOfMeasure>
      <bIsWeighted>0</bIsWeighted>
      <QtyInPackage>לא ידוע</QtyInPackage>
      <ItemPrice>15.90</ItemPrice>
      <UnitOfMeasurePrice>0.0000</UnitOfMeasurePrice>
      <AllowDiscount>1</AllowDiscount>
      <ItemStatus>1</ItemStatus>
      <ItemId>231591</ItemId>
    </Item>
    <Item>
      <PriceUpdateDate>2025-08-19 11:43:58</PriceUpdateDate>
      <ItemCode>4005900513045</ItemCode>
      <ItemType>1</ItemType>
      <ItemName>ניוואה דאו ספריי דיפ</ItemName>
      <ManufacturerName>לא ידוע</ManufacturerName>
      <ManufactureCountry>לא ידוע</ManufactureCountry>
      <ManufacturerItemDescription>ניוואה דאו ספריי דיפ</ManufacturerItemDescription>
      <UnitQty>לא ידוע</UnitQty>
      <Quantity>150.00</Quantity>
      <UnitOfMeasure>לא ידוע</UnitOfMeasure>
      <bIsWeighted>0</bIsWeighted>
      <QtyInPackage>לא ידוע</QtyInPackage>
      <ItemPrice>20.90</ItemPrice>
      <UnitOfMeasurePrice>0.1393</UnitOfMeasurePrice>
      <AllowDiscount>1</AllowDiscount>
      <ItemStatus>1</ItemStatus>
      <ItemId>231595</ItemId>
    </Item>
    <Item>
      <PriceUpdateDate>2025-09-07 10:42:48</PriceUpdateDate>
      <ItemCode>7290111342059</ItemCode>
      <ItemType>1</ItemType>
      <ItemName>מטליות לחות לחיטוי מ</ItemName>
      <ManufacturerName>לא ידוע</ManufacturerName>
      <ManufactureCountry>לא ידוע</ManufactureCountry>
      <ManufacturerItemDescription>מטליות לחות לחיטוי מ</ManufacturerItemDescription>
      <UnitQty>יחידה   </UnitQty>
      <Quantity>0.00</Quantity>
      <UnitOfMeasure>יחידה   </UnitOfMeasure>
      <bIsWeighted>0</bIsWeighted>
      <QtyInPackage>לא ידוע</QtyInPackage>
      <ItemPrice>13.90</ItemPrice>
      <UnitOfMeasurePrice>0.0000</UnitOfMeasurePrice>
      <AllowDiscount>1</AllowDiscount>
      <ItemStatus>1</ItemStatus>
      <ItemId>231616</ItemId>
    </Item>
    <Item>
      <PriceUpdateDate>2025-09-03 07:27:37</PriceUpdateDate>
      <ItemCode>7290111094248</ItemCode>
      <ItemType>1</ItemType>
      <ItemName>קוויק שקיות אשפה XL</ItemName>
      <ManufacturerName>לא ידוע</ManufacturerName>
      <ManufactureCountry>לא ידוע</ManufactureCountry>
      <ManufacturerItemDescription>קוויק שקיות אשפה XL</ManufacturerItemDescription>
      <UnitQty>יחידה   </UnitQty>
      <Quantity>0.00</Quantity>
      <UnitOfMeasure>יחידה   </UnitOfMeasure>
      <bIsWeighted>0</bIsWeighted>
      <QtyInPackage>לא ידוע</QtyInPackage>
      <ItemPrice>21.90</ItemPrice>
      <UnitOfMeasurePrice>0.0000</UnitOfMeasurePrice>
      <AllowDiscount>1</AllowDiscount>
      <ItemStatus>1</ItemStatus>
      <ItemId>231631</ItemId>
    </Item>
    <Item>
      <PriceUpdateDate>2025-08-26 10:33:28</PriceUpdateDate>
      <ItemCode>7290018359686</ItemCode>
      <ItemType>1</ItemType>
      <ItemName>הקיסר חומוס ענק יכין</ItemName>
      <ManufacturerName>קריות זול</ManufacturerName>
      <ManufactureCountry>לא ידוע</ManufactureCountry>
      <ManufacturerItemDescription>הקיסר חומוס ענק יכין</ManufacturerItemDescription>
      <UnitQty>לא ידוע</UnitQty>
      <Quantity>550.00</Quantity>
      <UnitOfMeasure>לא ידוע</UnitOfMeasure>
      <bIsWeighted>0</bIsWeighted>
      <QtyInPackage>לא ידוע</QtyInPackage>
      <ItemPrice>11.90</ItemPrice>
      <UnitOfMeasurePrice>0.0216</UnitOfMeasurePrice>
      <AllowDiscount>1</AllowDiscount>
      <ItemStatus>1</ItemStatus>
      <ItemId>237693</ItemId>
    </Item>
    <Item>
      <PriceUpdateDate>2025-09-04 08:51:25</PriceUpdateDate>
      <ItemCode>7290019204008</ItemCode>
      <ItemType>1</ItemType>
      <ItemName>עוף טוב פסטרמה ארבעה</ItemName>
      <ManufacturerName>קריות זול</ManufacturerName>
      <ManufactureCountry>לא ידוע</ManufactureCountry>
      <ManufacturerItemDescription>עוף טוב פסטרמה ארבעה</ManufacturerItemDescription>
      <UnitQty>לא ידוע</UnitQty>
      <Quantity>350.00</Quantity>
      <UnitOfMeasure>לא ידוע</UnitOfMeasure>
      <bIsWeighted>0</bIsWeighted>
      <QtyInPackage>לא ידוע</QtyInPackage>
      <ItemPrice>33.90</ItemPrice>
      <UnitOfMeasurePrice>0.0969</UnitOfMeasurePrice>
      <AllowDiscount>1</AllowDiscount>
      <ItemStatus>1</ItemStatus>
      <ItemId>239163</ItemId>
    </Item>
    <Item>
      <PriceUpdateDate>2025-09-04 08:51:22</PriceUpdateDate>
      <ItemCode>7290014749887</ItemCode>
      <ItemType>1</ItemType>
      <ItemName>שניצל דק ענק קריספי</ItemName>
      <ManufacturerName>לא ידוע</ManufacturerName>
      <ManufactureCountry>לא ידוע</ManufactureCountry>
      <ManufacturerItemDescription>שניצל דק ענק קריספי</ManufacturerItemDescription>
      <UnitQty>לא ידוע</UnitQty>
      <Quantity>720.00</Quantity>
      <UnitOfMeasure>לא ידוע</UnitOfMeasure>
      <bIsWeighted>0</bIsWeighted>
      <QtyInPackage>לא ידוע</QtyInPackage>
      <ItemPrice>46.90</ItemPrice>
      <UnitOfMeasurePrice>0.0651</UnitOfMeasurePrice>
      <AllowDiscount>1</AllowDiscount>
      <ItemStatus>1</ItemStatus>
      <ItemId>234594</ItemId>
    </Item>
    <Item>
      <PriceUpdateDate>2025-08-21 12:21:51</PriceUpdateDate>
      <ItemCode>7290102399635</ItemCode>
      <ItemType>1</ItemType>
      <ItemName>מולר פרופ טרופיקל 4.</ItemName>
      <ManufacturerName>לא ידוע</ManufacturerName>
      <ManufactureCountry>לא ידוע</ManufactureCountry>
      <ManufacturerItemDescription>מולר פרופ טרופיקל 4.</ManufacturerItemDescription>
      <UnitQty>לא ידוע</UnitQty>
      <Quantity>150.00</Quantity>
      <UnitOfMeasure>לא ידוע</UnitOfMeasure>
      <bIsWeighted>0</bIsWeighted>
      <QtyInPackage>לא ידוע</QtyInPackage>
      <ItemPrice>6.80</ItemPrice>
      <UnitOfMeasurePrice>0.0453</UnitOfMeasurePrice>
      <AllowDiscount>1</AllowDiscount>
      <ItemStatus>1</ItemStatus>
      <ItemId>231743</ItemId>
    </Item>
    <Item>
      <PriceUpdateDate>2025-08-21 11:23:57</PriceUpdateDate>
      <ItemCode>7290100703908</ItemCode>
      <ItemType>1</ItemType>
      <ItemName>סוכר דמררה סוגת בשקי</ItemName>
      <ManufacturerName>לא ידוע</ManufacturerName>
      <ManufactureCountry>לא ידוע</ManufactureCountry>
      <ManufacturerItemDescription>סוכר דמררה סוגת בשקי</ManufacturerItemDescription>
      <UnitQty>לא ידוע</UnitQty>
      <Quantity>1000.00</Quantity>
      <UnitOfMeasure>לא ידוע</UnitOfMeasure>
      <bIsWeighted>0</bIsWeighted>
      <QtyInPackage>לא ידוע</QtyInPackage>
      <ItemPrice>12.90</ItemPrice>
      <UnitOfMeasurePrice>0.0129</UnitOfMeasurePrice>
      <AllowDiscount>1</AllowDiscount>
      <ItemStatus>1</ItemStatus>
      <ItemId>231762</ItemId>
    </Item>
    <Item>
      <PriceUpdateDate>2025-09-03 13:37:52</PriceUpdateDate>
      <ItemCode>7290112351128</ItemCode>
      <ItemType>1</ItemType>
      <ItemName>פרה שוקולד סוכריות ק</ItemName>
      <ManufacturerName>לא ידוע</ManufacturerName>
      <ManufactureCountry>לא ידוע</ManufactureCountry>
      <ManufacturerItemDescription>פרה שוקולד סוכריות ק</ManufacturerItemDescription>
      <UnitQty>לא ידוע</UnitQty>
      <Quantity>100.00</Quantity>
      <UnitOfMeasure>לא ידוע</UnitOfMeasure>
      <bIsWeighted>0</bIsWeighted>
      <QtyInPackage>לא ידוע</QtyInPackage>
      <ItemPrice>9.50</ItemPrice>
      <UnitOfMeasurePrice>0.0950</UnitOfMeasurePrice>
      <AllowDiscount>1</AllowDiscount>
      <ItemStatus>1</ItemStatus>
      <ItemId>231773</ItemId>
    </Item>
    <Item>
      <PriceUpdateDate>2025-09-07 08:05:36</PriceUpdateDate>
      <ItemCode>7290113192881</ItemCode>
      <ItemType>1</ItemType>
      <ItemName>טורטיה חיטה מופחתת ק</ItemName>
      <ManufacturerName>לא ידוע</ManufacturerName>
      <ManufactureCountry>לא ידוע</ManufactureCountry>
      <ManufacturerItemDescription>טורטיה חיטה מופחתת ק</ManufacturerItemDescription>
      <UnitQty>לא ידוע</UnitQty>
      <Quantity>270.00</Quantity>
      <UnitOfMeasure>לא ידוע</UnitOfMeasure>
      <bIsWeighted>0</bIsWeighted>
      <QtyInPackage>לא ידוע</QtyInPackage>
      <ItemPrice>13.90</ItemPrice>
      <UnitOfMeasurePrice>0.0515</UnitOfMeasurePrice>
      <AllowDiscount>1</AllowDiscount>
      <ItemStatus>1</ItemStatus>
      <ItemId>231795</ItemId>
    </Item>
    <Item>
      <PriceUpdateDate>2025-08-20 13:21:27</PriceUpdateDate>
      <ItemCode>7290004064297</ItemCode>
      <ItemType>1</ItemType>
      <ItemName>מלח מועשר ביוד 1 קג</ItemName>
      <ManufacturerName>לא ידוע</ManufacturerName>
      <ManufactureCountry>לא ידוע</ManufactureCountry>
      <ManufacturerItemDescription>מלח מועשר ביוד 1 קג</ManufacturerItemDescription>
      <UnitQty>לא ידוע</UnitQty>
      <Quantity>1.00</Quantity>
      <UnitOfMeasure>לא ידוע</UnitOfMeasure>
      <bIsWeighted>0</bIsWeighted>
      <QtyInPackage>לא ידוע</QtyInPackage>
      <ItemPrice>12.90</ItemPrice>
      <UnitOfMeasurePrice>12.9000</UnitOfMeasurePrice>
      <AllowDiscount>1</AllowDiscount>
      <ItemStatus>1</ItemStatus>
      <ItemId>231801</ItemId>
    </Item>
    <Item>
      <PriceUpdateDate>2025-09-07 08:03:55</PriceUpdateDate>
      <ItemCode>7290017470450</ItemCode>
      <ItemType>1</ItemType>
      <ItemName>צימרוני אוזניים תינו</ItemName>
      <ManufacturerName>לא ידוע</ManufacturerName>
      <ManufactureCountry>לא ידוע</ManufactureCountry>
      <ManufacturerItemDescription>צימרוני אוזניים תינו</ManufacturerItemDescription>
      <UnitQty>יחידה   </UnitQty>
      <Quantity>0.00</Quantity>
      <UnitOfMeasure>יחידה   </UnitOfMeasure>
      <bIsWeighted>0</bIsWeighted>
      <QtyInPackage>לא ידוע</QtyInPackage>
      <ItemPrice>6.90</ItemPrice>
      <UnitOfMeasurePrice>0.0000</UnitOfMeasurePrice>
      <AllowDiscount>1</AllowDiscount>
      <ItemStatus>1</ItemStatus>
      <ItemId>231812</ItemId>
    </Item>
    <Item>
      <PriceUpdateDate>2025-08-20 11:44:38</PriceUpdateDate>
      <ItemCode>7290004685454</ItemCode>
      <ItemType>1</ItemType>
      <ItemName>לחם הארץ שיבולת שועל</ItemName>
      <ManufacturerName>לא ידוע</ManufacturerName>
      <ManufactureCountry>לא ידוע</ManufactureCountry>
      <ManufacturerItemDescription>לחם הארץ שיבולת שועל</ManufacturerItemDescription>
      <UnitQty>לא ידוע</UnitQty>
      <Quantity>500.00</Quantity>
      <UnitOfMeasure>לא ידוע</UnitOfMeasure>
      <bIsWeighted>0</bIsWeighted>
      <QtyInPackage>לא ידוע</QtyInPackage>
      <ItemPrice>18.90</ItemPrice>
      <UnitOfMeasurePrice>0.0378</UnitOfMeasurePrice>
      <AllowDiscount>1</AllowDiscount>
      <ItemStatus>1</ItemStatus>
      <ItemId>231834</ItemId>
    </Item>
    <Item>
      <PriceUpdateDate>2025-08-27 09:42:21</PriceUpdateDate>
      <ItemCode>7290003976607</ItemCode>
      <ItemType>1</ItemType>
      <ItemName>אקונומיקה סמיכה טאצ'</ItemName>
      <ManufacturerName>לא ידוע</ManufacturerName>
      <ManufactureCountry>לא ידוע</ManufactureCountry>
      <ManufacturerItemDescription>אקונומיקה סמיכה טאצ'</ManufacturerItemDescription>
      <UnitQty>ליטרים</UnitQty>
      <Quantity>4000.00</Quantity>
      <UnitOfMeasure>ליטר    </UnitOfMeasure>
      <bIsWeighted>0</bIsWeighted>
      <QtyInPackage>לא ידוע</QtyInPackage>
      <ItemPrice>13.90</ItemPrice>
      <UnitOfMeasurePrice>0.0035</UnitOfMeasurePrice>
      <AllowDiscount>1</AllowDiscount>
      <ItemStatus>1</ItemStatus>
      <ItemId>231843</ItemId>
    </Item>
    <Item>
      <PriceUpdateDate>2025-08-27 09:42:22</PriceUpdateDate>
      <ItemCode>7290003976775</ItemCode>
      <ItemType>1</ItemType>
      <ItemName>טאצ' מסיר כתמים אוקס</ItemName>
      <ManufacturerName>לא ידוע</ManufacturerName>
      <ManufactureCountry>לא ידוע</ManufactureCountry>
      <ManufacturerItemDescription>טאצ' מסיר כתמים אוקס</ManufacturerItemDescription>
      <UnitQty>ליטרים</UnitQty>
      <Quantity>3000.00</Quantity>
      <UnitOfMeasure>ליטר    </UnitOfMeasure>
      <bIsWeighted>0</bIsWeighted>
      <QtyInPackage>לא ידוע</QtyInPackage>
      <ItemPrice>20.90</ItemPrice>
      <UnitOfMeasurePrice>0.0070</UnitOfMeasurePrice>
      <AllowDiscount>1</AllowDiscount>
      <ItemStatus>1</ItemStatus>
      <ItemId>231847</ItemId>
    </Item>
    <Item>
      <PriceUpdateDate>2025-09-07 10:41:38</PriceUpdateDate>
      <ItemCode>7290108353969</ItemCode>
      <ItemType>1</ItemType>
      <ItemName>קרמה דאודורנט ספריי</ItemName>
      <ManufacturerName>לא ידוע</ManufacturerName>
      <ManufactureCountry>לא ידוע</ManufactureCountry>
      <ManufacturerItemDescription>קרמה דאודורנט ספריי</ManufacturerItemDescription>
      <UnitQty>לא ידוע</UnitQty>
      <Quantity>150.00</Quantity>
      <UnitOfMeasure>לא ידוע</UnitOfMeasure>
      <bIsWeighted>0</bIsWeighted>
      <QtyInPackage>לא ידוע</QtyInPackage>
      <ItemPrice>17.90</ItemPrice>
      <UnitOfMeasurePrice>0.1193</UnitOfMeasurePrice>
      <AllowDiscount>1</AllowDiscount>
      <ItemStatus>1</ItemStatus>
      <ItemId>236035</ItemId>
    </Item>
    <Item>
      <PriceUpdateDate>2025-09-07 10:42:51</PriceUpdateDate>
      <ItemCode>7290111343841</ItemCode>
      <ItemType>1</ItemType>
      <ItemName>ספוגית הקסם נירוסטה</ItemName>
      <ManufacturerName>לא ידוע</ManufacturerName>
      <ManufactureCountry>לא ידוע</ManufactureCountry>
      <ManufacturerItemDescription>ספוגית הקסם נירוסטה</ManufacturerItemDescription>
      <UnitQty>יחידה   </UnitQty>
      <Quantity>0.00</Quantity>
      <UnitOfMeasure>יחידה   </UnitOfMeasure>
      <bIsWeighted>0</bIsWeighted>
      <QtyInPackage>לא ידוע</QtyInPackage>
      <ItemPrice>13.90</ItemPrice>
      <UnitOfMeasurePrice>0.0000</UnitOfMeasurePrice>
      <AllowDiscount>1</AllowDiscount>
      <ItemStatus>1</ItemStatus>
      <ItemId>231962</ItemId>
    </Item>
    <Item>
      <PriceUpdateDate>2025-08-26 10:33:20</PriceUpdateDate>
      <ItemCode>7290018359112</ItemCode>
      <ItemType>1</ItemType>
      <ItemName>עגבניות פסאטה יכין 6</ItemName>
      <ManufacturerName>לא ידוע</ManufacturerName>
      <ManufactureCountry>לא ידוע</ManufactureCountry>
      <ManufacturerItemDescription>עגבניות פסאטה יכין 6</ManufacturerItemDescription>
      <UnitQty>לא ידוע</UnitQty>
      <Quantity>690.00</Quantity>
      <UnitOfMeasure>לא ידוע</UnitOfMeasure>
      <bIsWeighted>0</bIsWeighted>
      <QtyInPackage>לא ידוע</QtyInPackage>
      <ItemPrice>13.90</ItemPrice>
      <UnitOfMeasurePrice>0.0201</UnitOfMeasurePrice>
      <AllowDiscount>1</AllowDiscount>
      <ItemStatus>1</ItemStatus>
      <ItemId>231973</ItemId>
    </Item>
    <Item>
      <PriceUpdateDate>2025-08-26 10:33:20</PriceUpdateDate>
      <ItemCode>7290018359129</ItemCode>
      <ItemType>1</ItemType>
      <ItemName>עגבניות פולפה יכין 6</ItemName>
      <ManufacturerName>לא ידוע</ManufacturerName>
      <ManufactureCountry>לא ידוע</ManufactureCountry>
      <ManufacturerItemDescription>עגבניות פולפה יכין 6</ManufacturerItemDescription>
      <UnitQty>לא ידוע</UnitQty>
      <Quantity>690.00</Quantity>
      <UnitOfMeasure>לא ידוע</UnitOfMeasure>
      <bIsWeighted>0</bIsWeighted>
      <QtyInPackage>לא ידוע</QtyInPackage>
      <ItemPrice>13.90</ItemPrice>
      <UnitOfMeasurePrice>0.0201</UnitOfMeasurePrice>
      <AllowDiscount>1</AllowDiscount>
      <ItemStatus>1</ItemStatus>
      <ItemId>231974</ItemId>
    </Item>
    <Item>
      <PriceUpdateDate>2025-08-26 10:33:19</PriceUpdateDate>
      <ItemCode>7290017105895</ItemCode>
      <ItemType>1</ItemType>
      <ItemName>חומוס להכנת חומוס מש</ItemName>
      <ManufacturerName>לא ידוע</ManufacturerName>
      <ManufactureCountry>לא ידוע</ManufactureCountry>
      <ManufacturerItemDescription>חומוס להכנת חומוס מש</ManufacturerItemDescription>
      <UnitQty>לא ידוע</UnitQty>
      <Quantity>560.00</Quantity>
      <UnitOfMeasure>לא ידוע</UnitOfMeasure>
      <bIsWeighted>0</bIsWeighted>
      <QtyInPackage>לא ידוע</QtyInPackage>
      <ItemPrice>11.90</ItemPrice>
      <UnitOfMeasurePrice>0.0213</UnitOfMeasurePrice>
      <AllowDiscount>1</AllowDiscount>
      <ItemStatus>1</ItemStatus>
      <ItemId>231975</ItemId>
    </Item>
    <Item>
      <PriceUpdateDate>2025-08-21 11:28:09</PriceUpdateDate>
      <ItemCode>7290013608864</ItemCode>
      <ItemType>1</ItemType>
      <ItemName>פרימור פירות הדר 1לי</ItemName>
      <ManufacturerName>קריות זול</ManufacturerName>
      <ManufactureCountry>לא ידוע</ManufactureCountry>
      <ManufacturerItemDescription>פרימור פירות הדר 1לי</ManufacturerItemDescription>
      <UnitQty>לא ידוע</UnitQty>
      <Quantity>1000.00</Quantity>
      <UnitOfMeasure>לא ידוע</UnitOfMeasure>
      <bIsWeighted>0</bIsWeighted>
      <QtyInPackage>לא ידוע</QtyInPackage>
      <ItemPrice>18.90</ItemPrice>
      <UnitOfMeasurePrice>0.0189</UnitOfMeasurePrice>
      <AllowDiscount>1</AllowDiscount>
      <ItemStatus>1</ItemStatus>
      <ItemId>231986</ItemId>
    </Item>
    <Item>
      <PriceUpdateDate>2025-09-07 08:02:50</PriceUpdateDate>
      <ItemCode>7290113192560</ItemCode>
      <ItemType>1</ItemType>
      <ItemName>פלפל שיפקה א2 230 גר</ItemName>
      <ManufacturerName>לא ידוע</ManufacturerName>
      <ManufactureCountry>לא ידוע</ManufactureCountry>
      <ManufacturerItemDescription>פלפל שיפקה א2 230 גר</ManufacturerItemDescription>
      <UnitQty>לא ידוע</UnitQty>
      <Quantity>230.00</Quantity>
      <UnitOfMeasure>לא ידוע</UnitOfMeasure>
      <bIsWeighted>0</bIsWeighted>
      <QtyInPackage>לא ידוע</QtyInPackage>
      <ItemPrice>10.90</ItemPrice>
      <UnitOfMeasurePrice>0.0474</UnitOfMeasurePrice>
      <AllowDiscount>1</AllowDiscount>
      <ItemStatus>1</ItemStatus>
      <ItemId>232021</ItemId>
    </Item>
    <Item>
      <PriceUpdateDate>2025-09-07 08:02:51</PriceUpdateDate>
      <ItemCode>7290113192577</ItemCode>
      <ItemType>1</ItemType>
      <ItemName>כרוב כבוש א2 430 גרם</ItemName>
      <ManufacturerName>לא ידוע</ManufacturerName>
      <ManufactureCountry>לא ידוע</ManufactureCountry>
      <ManufacturerItemDescription>כרוב כבוש א2 430 גרם</ManufacturerItemDescription>
      <UnitQty>לא ידוע</UnitQty>
      <Quantity>430.00</Quantity>
      <UnitOfMeasure>לא ידוע</UnitOfMeasure>
      <bIsWeighted>0</bIsWeighted>
      <QtyInPackage>לא ידוע</QtyInPackage>
      <ItemPrice>11.90</ItemPrice>
      <UnitOfMeasurePrice>0.0277</UnitOfMeasurePrice>
      <AllowDiscount>1</AllowDiscount>
      <ItemStatus>1</ItemStatus>
      <ItemId>232022</ItemId>
    </Item>
    <Item>
      <PriceUpdateDate>2025-02-18 13:55:33</PriceUpdateDate>
      <ItemCode>7290113192997</ItemCode>
      <ItemType>1</ItemType>
      <ItemName>זית שחור יבש 340 גרם</ItemName>
      <ManufacturerName>לא ידוע</ManufacturerName>
      <ManufactureCountry>לא ידוע</ManufactureCountry>
      <ManufacturerItemDescription>זית שחור יבש 340 גרם</ManufacturerItemDescription>
      <UnitQty>לא ידוע</UnitQty>
      <Quantity>340.00</Quantity>
      <UnitOfMeasure>לא ידוע</UnitOfMeasure>
      <bIsWeighted>0</bIsWeighted>
      <QtyInPackage>לא ידוע</QtyInPackage>
      <ItemPrice>16.90</ItemPrice>
      <UnitOfMeasurePrice>0.0497</UnitOfMeasurePrice>
      <AllowDiscount>1</AllowDiscount>
      <ItemStatus>1</ItemStatus>
      <ItemId>232023</ItemId>
    </Item>
    <Item>
      <PriceUpdateDate>2025-05-04 09:19:55</PriceUpdateDate>
      <ItemCode>7290113193017</ItemCode>
      <ItemType>1</ItemType>
      <ItemName>קוקטייל זיתים חרוזית</ItemName>
      <ManufacturerName>לא ידוע</ManufacturerName>
      <ManufactureCountry>לא ידוע</ManufactureCountry>
      <ManufacturerItemDescription>קוקטייל זיתים חרוזית</ManufacturerItemDescription>
      <UnitQty>לא ידוע</UnitQty>
      <Quantity>275.00</Quantity>
      <UnitOfMeasure>לא ידוע</UnitOfMeasure>
      <bIsWeighted>0</bIsWeighted>
      <QtyInPackage>לא ידוע</QtyInPackage>
      <ItemPrice>18.90</ItemPrice>
      <UnitOfMeasurePrice>0.0687</UnitOfMeasurePrice>
      <AllowDiscount>1</AllowDiscount>
      <ItemStatus>1</ItemStatus>
      <ItemId>232025</ItemId>
    </Item>
    <Item>
      <PriceUpdateDate>2025-09-07 08:02:51</PriceUpdateDate>
      <ItemCode>7290113193031</ItemCode>
      <ItemType>1</ItemType>
      <ItemName>בית השיטה חרוזית קלמ</ItemName>
      <ManufacturerName>לא ידוע</ManufacturerName>
      <ManufactureCountry>לא ידוע</ManufactureCountry>
      <ManufacturerItemDescription>בית השיטה חרוזית קלמ</ManufacturerItemDescription>
      <UnitQty>לא ידוע</UnitQty>
      <Quantity>275.00</Quantity>
      <UnitOfMeasure>לא ידוע</UnitOfMeasure>
      <bIsWeighted>0</bIsWeighted>
      <QtyInPackage>לא ידוע</QtyInPackage>
      <ItemPrice>17.50</ItemPrice>
      <UnitOfMeasurePrice>0.0636</UnitOfMeasurePrice>
      <AllowDiscount>1</AllowDiscount>
      <ItemStatus>1</ItemStatus>
      <ItemId>232026</ItemId>
    </Item>
    <Item>
      <PriceUpdateDate>2025-09-07 10:41:25</PriceUpdateDate>
      <ItemCode>7290108352252</ItemCode>
      <ItemType>1</ItemType>
      <ItemName>סנו ספארק לניקוי כלי</ItemName>
      <ManufacturerName>לא ידוע</ManufacturerName>
      <ManufactureCountry>לא ידוע</ManufactureCountry>
      <ManufacturerItemDescription>סנו ספארק לניקוי כלי</ManufacturerItemDescription>
      <UnitQty>לא ידוע</UnitQty>
      <Quantity>1000.00</Quantity>
      <UnitOfMeasure>לא ידוע</UnitOfMeasure>
      <bIsWeighted>0</bIsWeighted>
      <QtyInPackage>לא ידוע</QtyInPackage>
      <ItemPrice>13.90</ItemPrice>
      <UnitOfMeasurePrice>0.0139</UnitOfMeasurePrice>
      <AllowDiscount>1</AllowDiscount>
      <ItemStatus>1</ItemStatus>
      <ItemId>232045</ItemId>
    </Item>
    <Item>
      <PriceUpdateDate>2025-08-26 11:14:32</PriceUpdateDate>
      <ItemCode>7290119376636</ItemCode>
      <ItemType>1</ItemType>
      <ItemName>יוגורט מולטי תפוח דנ</ItemName>
      <ManufacturerName>לא ידוע</ManufacturerName>
      <ManufactureCountry>לא ידוע</ManufactureCountry>
      <ManufacturerItemDescription>יוגורט מולטי תפוח דנ</ManufacturerItemDescription>
      <UnitQty>לא ידוע</UnitQty>
      <Quantity>200.00</Quantity>
      <UnitOfMeasure>לא ידוע</UnitOfMeasure>
      <bIsWeighted>0</bIsWeighted>
      <QtyInPackage>לא ידוע</QtyInPackage>
      <ItemPrice>6.50</ItemPrice>
      <UnitOfMeasurePrice>0.0325</UnitOfMeasurePrice>
      <AllowDiscount>1</AllowDiscount>
      <ItemStatus>1</ItemStatus>
      <ItemId>250258</ItemId>
    </Item>
    <Item>
      <PriceUpdateDate>2025-08-20 09:03:20</PriceUpdateDate>
      <ItemCode>4009900482967</ItemCode>
      <ItemType>1</ItemType>
      <ItemName>סוכריות סקיטלס פירות</ItemName>
      <ManufacturerName>לא ידוע</ManufacturerName>
      <ManufactureCountry>לא ידוע</ManufactureCountry>
      <ManufacturerItemDescription>סוכריות סקיטלס פירות</ManufacturerItemDescription>
      <UnitQty>לא ידוע</UnitQty>
      <Quantity>152.00</Quantity>
      <UnitOfMeasure>לא ידוע</UnitOfMeasure>
      <bIsWeighted>0</bIsWeighted>
      <QtyInPackage>לא ידוע</QtyInPackage>
      <ItemPrice>14.90</ItemPrice>
      <UnitOfMeasurePrice>0.0980</UnitOfMeasurePrice>
      <AllowDiscount>1</AllowDiscount>
      <ItemStatus>1</ItemStatus>
      <ItemId>247970</ItemId>
    </Item>
    <Item>
      <PriceUpdateDate>2025-04-20 08:35:41</PriceUpdateDate>
      <ItemCode>7290000490311</ItemCode>
      <ItemType>1</ItemType>
      <ItemName>מנבו וניל 6יח</ItemName>
      <ManufacturerName>לא ידוע</ManufacturerName>
      <ManufactureCountry>לא ידוע</ManufactureCountry>
      <ManufacturerItemDescription>מנבו וניל 6יח</ManufacturerItemDescription>
      <UnitQty>יחידה   </UnitQty>
      <Quantity>0.00</Quantity>
      <UnitOfMeasure>יחידה   </UnitOfMeasure>
      <bIsWeighted>0</bIsWeighted>
      <QtyInPackage>לא ידוע</QtyInPackage>
      <ItemPrice>17.90</ItemPrice>
      <UnitOfMeasurePrice>0.0000</UnitOfMeasurePrice>
      <AllowDiscount>1</AllowDiscount>
      <ItemStatus>1</ItemStatus>
      <ItemId>232161</ItemId>
    </Item>
    <Item>
      <PriceUpdateDate>2025-08-26 11:49:26</PriceUpdateDate>
      <ItemCode>7290116934358</ItemCode>
      <ItemType>1</ItemType>
      <ItemName>פיראוס בולגרית מעודנ</ItemName>
      <ManufacturerName>לא ידוע</ManufacturerName>
      <ManufactureCountry>לא ידוע</ManufactureCountry>
      <ManufacturerItemDescription>פיראוס בולגרית מעודנ</ManufacturerItemDescription>
      <UnitQty>לא ידוע</UnitQty>
      <Quantity>250.00</Quantity>
      <UnitOfMeasure>לא ידוע</UnitOfMeasure>
      <bIsWeighted>0</bIsWeighted>
      <QtyInPackage>לא ידוע</QtyInPackage>
      <ItemPrice>29.90</ItemPrice>
      <UnitOfMeasurePrice>0.1196</UnitOfMeasurePrice>
      <AllowDiscount>1</AllowDiscount>
      <ItemStatus>1</ItemStatus>
      <ItemId>251744</ItemId>
    </Item>
    <Item>
      <PriceUpdateDate>2024-10-30 07:45:52</PriceUpdateDate>
      <ItemCode>7290000000144</ItemCode>
      <ItemType>1</ItemType>
      <ItemName>חזה עוף שלם טרי מוכש</ItemName>
      <ManufacturerName>לא ידוע</ManufacturerName>
      <ManufactureCountry>ישראל</ManufactureCountry>
      <ManufacturerItemDescription>חזה עוף שלם טרי מוכש</ManufacturerItemDescription>
      <UnitQty>קילוגרמים</UnitQty>
      <Quantity>1.00</Quantity>
      <UnitOfMeasure>ק"ג</UnitOfMeasure>
      <bIsWeighted>1</bIsWeighted>
      <QtyInPackage>לא ידוע</QtyInPackage>
      <ItemPrice>47.90</ItemPrice>
      <UnitOfMeasurePrice>47.9000</UnitOfMeasurePrice>
      <AllowDiscount>1</AllowDiscount>
      <ItemStatus>1</ItemStatus>
      <ItemId>232456</ItemId>
    </Item>
    <Item>
      <PriceUpdateDate>2025-03-05 16:15:41</PriceUpdateDate>
      <ItemCode>7622210597915</ItemCode>
      <ItemType>1</ItemType>
      <ItemName>מילקה לבבות פרלינים</ItemName>
      <ManufacturerName>לא ידוע</ManufacturerName>
      <ManufactureCountry>לא ידוע</ManufactureCountry>
      <ManufacturerItemDescription>מילקה לבבות פרלינים</ManufacturerItemDescription>
      <UnitQty>לא ידוע</UnitQty>
      <Quantity>110.00</Quantity>
      <UnitOfMeasure>לא ידוע</UnitOfMeasure>
      <bIsWeighted>0</bIsWeighted>
      <QtyInPackage>לא ידוע</QtyInPackage>
      <ItemPrice>11.90</ItemPrice>
      <UnitOfMeasurePrice>0.1082</UnitOfMeasurePrice>
      <AllowDiscount>1</AllowDiscount>
      <ItemStatus>1</ItemStatus>
      <ItemId>232553</ItemId>
    </Item>
    <Item>
      <PriceUpdateDate>2025-08-31 10:16:08</PriceUpdateDate>
      <ItemCode>7290018050712</ItemCode>
      <ItemType>1</ItemType>
      <ItemName>שקדים מולבנים פרוסים</ItemName>
      <ManufacturerName>פריטי המותג של יאיר</ManufacturerName>
      <ManufactureCountry>לא ידוע</ManufactureCountry>
      <ManufacturerItemDescription>שקדים מולבנים פרוסים</ManufacturerItemDescription>
      <UnitQty>לא ידוע</UnitQty>
      <Quantity>130.00</Quantity>
      <UnitOfMeasure>לא ידוע</UnitOfMeasure>
      <bIsWeighted>0</bIsWeighted>
      <QtyInPackage>לא ידוע</QtyInPackage>
      <ItemPrice>13.90</ItemPrice>
      <UnitOfMeasurePrice>0.1069</UnitOfMeasurePrice>
      <AllowDiscount>1</AllowDiscount>
      <ItemStatus>1</ItemStatus>
      <ItemId>232566</ItemId>
    </Item>
    <Item>
      <PriceUpdateDate>2025-08-31 10:16:05</PriceUpdateDate>
      <ItemCode>7290018050408</ItemCode>
      <ItemType>1</ItemType>
      <ItemName>אגוזי פיסטוק קלויים</ItemName>
      <ManufacturerName>פריטי המותג של יאיר</ManufacturerName>
      <ManufactureCountry>לא ידוע</ManufactureCountry>
      <ManufacturerItemDescription>אגוזי פיסטוק קלויים</ManufacturerItemDescription>
      <UnitQty>לא ידוע</UnitQty>
      <Quantity>160.00</Quantity>
      <UnitOfMeasure>לא ידוע</UnitOfMeasure>
      <bIsWeighted>0</bIsWeighted>
      <QtyInPackage>לא ידוע</QtyInPackage>
      <ItemPrice>23.90</ItemPrice>
      <UnitOfMeasurePrice>0.1494</UnitOfMeasurePrice>
      <AllowDiscount>1</AllowDiscount>
      <ItemStatus>1</ItemStatus>
      <ItemId>232574</ItemId>
    </Item>
    <Item>
      <PriceUpdateDate>2025-08-31 10:16:05</PriceUpdateDate>
      <ItemCode>7290018050453</ItemCode>
      <ItemType>1</ItemType>
      <ItemName>קשיו טבעי קופסא 220</ItemName>
      <ManufacturerName>פריטי המותג של יאיר</ManufacturerName>
      <ManufactureCountry>לא ידוע</ManufactureCountry>
      <ManufacturerItemDescription>קשיו טבעי קופסא 220</ManufacturerItemDescription>
      <UnitQty>לא ידוע</UnitQty>
      <Quantity>220.00</Quantity>
      <UnitOfMeasure>לא ידוע</UnitOfMeasure>
      <bIsWeighted>0</bIsWeighted>
      <QtyInPackage>לא ידוע</QtyInPackage>
      <ItemPrice>20.90</ItemPrice>
      <UnitOfMeasurePrice>0.0950</UnitOfMeasurePrice>
      <AllowDiscount>1</AllowDiscount>
      <ItemStatus>1</ItemStatus>
      <ItemId>232579</ItemId>
    </Item>
    <Item>
      <PriceUpdateDate>2025-08-18 14:32:27</PriceUpdateDate>
      <ItemCode>5000204153903</ItemCode>
      <ItemType>1</ItemType>
      <ItemName>גלייד מילוי בניחוח מ</ItemName>
      <ManufacturerName>לא ידוע</ManufacturerName>
      <ManufactureCountry>לא ידוע</ManufactureCountry>
      <ManufacturerItemDescription>גלייד מילוי בניחוח מ</ManufacturerItemDescription>
      <UnitQty>לא ידוע</UnitQty>
      <Quantity>269.00</Quantity>
      <UnitOfMeasure>לא ידוע</UnitOfMeasure>
      <bIsWeighted>0</bIsWeighted>
      <QtyInPackage>לא ידוע</QtyInPackage>
      <ItemPrice>19.90</ItemPrice>
      <UnitOfMeasurePrice>0.0740</UnitOfMeasurePrice>
      <AllowDiscount>1</AllowDiscount>
      <ItemStatus>1</ItemStatus>
      <ItemId>232616</ItemId>
    </Item>
    <Item>
      <PriceUpdateDate>2025-08-26 11:08:49</PriceUpdateDate>
      <ItemCode>7290110327033</ItemCode>
      <ItemType>1</ItemType>
      <ItemName>משקה סויה תנובה גו ח</ItemName>
      <ManufacturerName>לא ידוע</ManufacturerName>
      <ManufactureCountry>ישראל</ManufactureCountry>
      <ManufacturerItemDescription>משקה סויה תנובה גו ח</ManufacturerItemDescription>
      <UnitQty>לא ידוע</UnitQty>
      <Quantity>1000.00</Quantity>
      <UnitOfMeasure>לא ידוע</UnitOfMeasure>
      <bIsWeighted>0</bIsWeighted>
      <QtyInPackage>לא ידוע</QtyInPackage>
      <ItemPrice>14.90</ItemPrice>
      <UnitOfMeasurePrice>0.0149</UnitOfMeasurePrice>
      <AllowDiscount>1</AllowDiscount>
      <ItemStatus>1</ItemStatus>
      <ItemId>232627</ItemId>
    </Item>
    <Item>
      <PriceUpdateDate>2025-04-20 08:35:30</PriceUpdateDate>
      <ItemCode>4810168053031</ItemCode>
      <ItemType>1</ItemType>
      <ItemName>גלידה YUKKI פלומביר</ItemName>
      <ManufacturerName>לא ידוע</ManufacturerName>
      <ManufactureCountry>לא ידוע</ManufactureCountry>
      <ManufacturerItemDescription>גלידה YUKKI פלומביר</ManufacturerItemDescription>
      <UnitQty>לא ידוע</UnitQty>
      <Quantity>80.00</Quantity>
      <UnitOfMeasure>לא ידוע</UnitOfMeasure>
      <bIsWeighted>0</bIsWeighted>
      <QtyInPackage>לא ידוע</QtyInPackage>
      <ItemPrice>7.90</ItemPrice>
      <UnitOfMeasurePrice>0.0988</UnitOfMeasurePrice>
      <AllowDiscount>1</AllowDiscount>
      <ItemStatus>1</ItemStatus>
      <ItemId>232634</ItemId>
    </Item>
    <Item>
      <PriceUpdateDate>2025-09-02 13:01:08</PriceUpdateDate>
      <ItemCode>7290117907856</ItemCode>
      <ItemType>1</ItemType>
      <ItemName>גרעיני חמניה קלויים</ItemName>
      <ManufacturerName>לא ידוע</ManufacturerName>
      <ManufactureCountry>לא ידוע</ManufactureCountry>
      <ManufacturerItemDescription>גרעיני חמניה קלויים</ManufacturerItemDescription>
      <UnitQty>לא ידוע</UnitQty>
      <Quantity>400.00</Quantity>
      <UnitOfMeasure>לא ידוע</UnitOfMeasure>
      <bIsWeighted>0</bIsWeighted>
      <QtyInPackage>לא ידוע</QtyInPackage>
      <ItemPrice>18.90</ItemPrice>
      <UnitOfMeasurePrice>0.0472</UnitOfMeasurePrice>
      <AllowDiscount>1</AllowDiscount>
      <ItemStatus>1</ItemStatus>
      <ItemId>250614</ItemId>
    </Item>
    <Item>
      <PriceUpdateDate>2025-09-04 08:54:57</PriceUpdateDate>
      <ItemCode>682430400102</ItemCode>
      <ItemType>1</ItemType>
      <ItemName>מים מינירלים ווס 500</ItemName>
      <ManufacturerName>לא ידוע</ManufacturerName>
      <ManufactureCountry>לא ידוע</ManufactureCountry>
      <ManufacturerItemDescription>מים מינירלים ווס 500</ManufacturerItemDescription>
      <UnitQty>לא ידוע</UnitQty>
      <Quantity>500.00</Quantity>
      <UnitOfMeasure>לא ידוע</UnitOfMeasure>
      <bIsWeighted>0</bIsWeighted>
      <QtyInPackage>לא ידוע</QtyInPackage>
      <ItemPrice>10.90</ItemPrice>
      <UnitOfMeasurePrice>0.0218</UnitOfMeasurePrice>
      <AllowDiscount>1</AllowDiscount>
      <ItemStatus>1</ItemStatus>
      <ItemId>254979</ItemId>
    </Item>
    <Item>
      <PriceUpdateDate>2025-08-21 09:58:43</PriceUpdateDate>
      <ItemCode>5411188129899</ItemCode>
      <ItemType>1</ItemType>
      <ItemName>אלפרו בריסטה שקדים 1</ItemName>
      <ManufacturerName>לא ידוע</ManufacturerName>
      <ManufactureCountry>לא ידוע</ManufactureCountry>
      <ManufacturerItemDescription>אלפרו בריסטה שקדים 1</ManufacturerItemDescription>
      <UnitQty>לא ידוע</UnitQty>
      <Quantity>1000.00</Quantity>
      <UnitOfMeasure>לא ידוע</UnitOfMeasure>
      <bIsWeighted>0</bIsWeighted>
      <QtyInPackage>לא ידוע</QtyInPackage>
      <ItemPrice>16.90</ItemPrice>
      <UnitOfMeasurePrice>0.0169</UnitOfMeasurePrice>
      <AllowDiscount>1</AllowDiscount>
      <ItemStatus>1</ItemStatus>
      <ItemId>232697</ItemId>
    </Item>
    <Item>
      <PriceUpdateDate>2025-08-26 10:48:49</PriceUpdateDate>
      <ItemCode>5411188115472</ItemCode>
      <ItemType>1</ItemType>
      <ItemName>אלפרו משקה סויה 1 לי</ItemName>
      <ManufacturerName>לא ידוע</ManufacturerName>
      <ManufactureCountry>לא ידוע</ManufactureCountry>
      <ManufacturerItemDescription>אלפרו משקה סויה 1 לי</ManufacturerItemDescription>
      <UnitQty>לא ידוע</UnitQty>
      <Quantity>1000.00</Quantity>
      <UnitOfMeasure>לא ידוע</UnitOfMeasure>
      <bIsWeighted>0</bIsWeighted>
      <QtyInPackage>לא ידוע</QtyInPackage>
      <ItemPrice>16.90</ItemPrice>
      <UnitOfMeasurePrice>0.0169</UnitOfMeasurePrice>
      <AllowDiscount>1</AllowDiscount>
      <ItemStatus>1</ItemStatus>
      <ItemId>232698</ItemId>
    </Item>
    <Item>
      <PriceUpdateDate>2025-08-26 10:49:13</PriceUpdateDate>
      <ItemCode>5411188543398</ItemCode>
      <ItemType>1</ItemType>
      <ItemName>אלפרו משקה סויה ללא</ItemName>
      <ManufacturerName>לא ידוע</ManufacturerName>
      <ManufactureCountry>לא ידוע</ManufactureCountry>
      <ManufacturerItemDescription>אלפרו משקה סויה ללא</ManufacturerItemDescription>
      <UnitQty>לא ידוע</UnitQty>
      <Quantity>1000.00</Quantity>
      <UnitOfMeasure>לא ידוע</UnitOfMeasure>
      <bIsWeighted>0</bIsWeighted>
      <QtyInPackage>לא ידוע</QtyInPackage>
      <ItemPrice>16.90</ItemPrice>
      <UnitOfMeasurePrice>0.0169</UnitOfMeasurePrice>
      <AllowDiscount>1</AllowDiscount>
      <ItemStatus>1</ItemStatus>
      <ItemId>232699</ItemId>
    </Item>
    <Item>
      <PriceUpdateDate>2025-09-14 07:42:03</PriceUpdateDate>
      <ItemCode>7290111010286</ItemCode>
      <ItemType>1</ItemType>
      <ItemName>ש.זית צור יצחק כתית</ItemName>
      <ManufacturerName>פריטי המותג של יאיר</ManufacturerName>
      <ManufactureCountry>לא ידוע</ManufactureCountry>
      <ManufacturerItemDescription>ש.זית צור יצחק כתית</ManufacturerItemDescription>
      <UnitQty>לא ידוע</UnitQty>
      <Quantity>750.00</Quantity>
      <UnitOfMeasure>לא ידוע</UnitOfMeasure>
      <bIsWeighted>0</bIsWeighted>
      <QtyInPackage>לא ידוע</QtyInPackage>
      <ItemPrice>36.90</ItemPrice>
      <UnitOfMeasurePrice>0.0492</UnitOfMeasurePrice>
      <AllowDiscount>1</AllowDiscount>
      <ItemStatus>1</ItemStatus>
      <ItemId>232720</ItemId>
    </Item>
    <Item>
      <PriceUpdateDate>2025-09-08 07:54:55</PriceUpdateDate>
      <ItemCode>7290017682556</ItemCode>
      <ItemType>1</ItemType>
      <ItemName>שיפודים עבה 30סמ</ItemName>
      <ManufacturerName>לא ידוע</ManufacturerName>
      <ManufactureCountry>לא ידוע</ManufactureCountry>
      <ManufacturerItemDescription>שיפודים עבה 30סמ</ManufacturerItemDescription>
      <UnitQty>יחידה   </UnitQty>
      <Quantity>0.00</Quantity>
      <UnitOfMeasure>יחידה   </UnitOfMeasure>
      <bIsWeighted>0</bIsWeighted>
      <QtyInPackage>לא ידוע</QtyInPackage>
      <ItemPrice>5.90</ItemPrice>
      <UnitOfMeasurePrice>0.0000</UnitOfMeasurePrice>
      <AllowDiscount>1</AllowDiscount>
      <ItemStatus>1</ItemStatus>
      <ItemId>232777</ItemId>
    </Item>
    <Item>
      <PriceUpdateDate>2025-09-07 08:04:06</PriceUpdateDate>
      <ItemCode>7290018204160</ItemCode>
      <ItemType>1</ItemType>
      <ItemName>צלחות גדולות למיקרו</ItemName>
      <ManufacturerName>לא ידוע</ManufacturerName>
      <ManufactureCountry>לא ידוע</ManufactureCountry>
      <ManufacturerItemDescription>צלחות גדולות למיקרו</ManufacturerItemDescription>
      <UnitQty>יחידה   </UnitQty>
      <Quantity>0.00</Quantity>
      <UnitOfMeasure>יחידה   </UnitOfMeasure>
      <bIsWeighted>0</bIsWeighted>
      <QtyInPackage>לא ידוע</QtyInPackage>
      <ItemPrice>24.90</ItemPrice>
      <UnitOfMeasurePrice>0.0000</UnitOfMeasurePrice>
      <AllowDiscount>1</AllowDiscount>
      <ItemStatus>1</ItemStatus>
      <ItemId>232814</ItemId>
    </Item>
    <Item>
      <PriceUpdateDate>2025-06-25 14:50:20</PriceUpdateDate>
      <ItemCode>7290019609117</ItemCode>
      <ItemType>1</ItemType>
      <ItemName>מארז חלת שניצל</ItemName>
      <ManufacturerName>לא ידוע</ManufacturerName>
      <ManufactureCountry>לא ידוע</ManufactureCountry>
      <ManufacturerItemDescription>מארז חלת שניצל</ManufacturerItemDescription>
      <UnitQty>יחידה   </UnitQty>
      <Quantity>0.00</Quantity>
      <UnitOfMeasure>יחידה   </UnitOfMeasure>
      <bIsWeighted>0</bIsWeighted>
      <QtyInPackage>לא ידוע</QtyInPackage>
      <ItemPrice>17.90</ItemPrice>
      <UnitOfMeasurePrice>0.0000</UnitOfMeasurePrice>
      <AllowDiscount>1</AllowDiscount>
      <ItemStatus>1</ItemStatus>
      <ItemId>254920</ItemId>
    </Item>
    <Item>
      <PriceUpdateDate>2025-09-04 13:46:39</PriceUpdateDate>
      <ItemCode>8423207210928</ItemCode>
      <ItemType>1</ItemType>
      <ItemName>סלים דליס טופינג אגו</ItemName>
      <ManufacturerName>לא ידוע</ManufacturerName>
      <ManufactureCountry>לא ידוע</ManufactureCountry>
      <ManufacturerItemDescription>סלים דליס טופינג אגו</ManufacturerItemDescription>
      <UnitQty>לא ידוע</UnitQty>
      <Quantity>0.00</Quantity>
      <UnitOfMeasure>לא ידוע</UnitOfMeasure>
      <bIsWeighted>0</bIsWeighted>
      <QtyInPackage>לא ידוע</QtyInPackage>
      <ItemPrice>15.90</ItemPrice>
      <UnitOfMeasurePrice>0.0000</UnitOfMeasurePrice>
      <AllowDiscount>1</AllowDiscount>
      <ItemStatus>1</ItemStatus>
      <ItemId>232858</ItemId>
    </Item>
    <Item>
      <PriceUpdateDate>2025-09-08 07:58:20</PriceUpdateDate>
      <ItemCode>8423207210942</ItemCode>
      <ItemType>1</ItemType>
      <ItemName>סלים דליס טופינג פיר</ItemName>
      <ManufacturerName>לא ידוע</ManufacturerName>
      <ManufactureCountry>לא ידוע</ManufactureCountry>
      <ManufacturerItemDescription>סלים דליס טופינג פיר</ManufacturerItemDescription>
      <UnitQty>לא ידוע</UnitQty>
      <Quantity>0.00</Quantity>
      <UnitOfMeasure>לא ידוע</UnitOfMeasure>
      <bIsWeighted>0</bIsWeighted>
      <QtyInPackage>לא ידוע</QtyInPackage>
      <ItemPrice>15.90</ItemPrice>
      <UnitOfMeasurePrice>0.0000</UnitOfMeasurePrice>
      <AllowDiscount>1</AllowDiscount>
      <ItemStatus>1</ItemStatus>
      <ItemId>232859</ItemId>
    </Item>
    <Item>
      <PriceUpdateDate>2025-09-08 07:58:20</PriceUpdateDate>
      <ItemCode>8423207210966</ItemCode>
      <ItemType>1</ItemType>
      <ItemName>סלים דליס טופינג קוק</ItemName>
      <ManufacturerName>לא ידוע</ManufacturerName>
      <ManufactureCountry>לא ידוע</ManufactureCountry>
      <ManufacturerItemDescription>סלים דליס טופינג קוק</ManufacturerItemDescription>
      <UnitQty>לא ידוע</UnitQty>
      <Quantity>0.00</Quantity>
      <UnitOfMeasure>לא ידוע</UnitOfMeasure>
      <bIsWeighted>0</bIsWeighted>
      <QtyInPackage>לא ידוע</QtyInPackage>
      <ItemPrice>15.90</ItemPrice>
      <UnitOfMeasurePrice>0.0000</UnitOfMeasurePrice>
      <AllowDiscount>1</AllowDiscount>
      <ItemStatus>1</ItemStatus>
      <ItemId>232860</ItemId>
    </Item>
    <Item>
      <PriceUpdateDate>2025-08-26 16:05:24</PriceUpdateDate>
      <ItemCode>7290115201727</ItemCode>
      <ItemType>1</ItemType>
      <ItemName>ביסלי בטעם בצל אסם 2</ItemName>
      <ManufacturerName>לא ידוע</ManufacturerName>
      <ManufactureCountry>לא ידוע</ManufactureCountry>
      <ManufacturerItemDescription>ביסלי בטעם בצל אסם 2</ManufacturerItemDescription>
      <UnitQty>לא ידוע</UnitQty>
      <Quantity>200.00</Quantity>
      <UnitOfMeasure>לא ידוע</UnitOfMeasure>
      <bIsWeighted>0</bIsWeighted>
      <QtyInPackage>לא ידוע</QtyInPackage>
      <ItemPrice>11.90</ItemPrice>
      <UnitOfMeasurePrice>0.0595</UnitOfMeasurePrice>
      <AllowDiscount>1</AllowDiscount>
      <ItemStatus>1</ItemStatus>
      <ItemId>232883</ItemId>
    </Item>
    <Item>
      <PriceUpdateDate>2025-08-26 16:05:24</PriceUpdateDate>
      <ItemCode>7290115201703</ItemCode>
      <ItemType>1</ItemType>
      <ItemName>ביסלי ברביקיו אסם 20</ItemName>
      <ManufacturerName>לא ידוע</ManufacturerName>
      <ManufactureCountry>לא ידוע</ManufactureCountry>
      <ManufacturerItemDescription>ביסלי ברביקיו אסם 20</ManufacturerItemDescription>
      <UnitQty>לא ידוע</UnitQty>
      <Quantity>200.00</Quantity>
      <UnitOfMeasure>לא ידוע</UnitOfMeasure>
      <bIsWeighted>0</bIsWeighted>
      <QtyInPackage>לא ידוע</QtyInPackage>
      <ItemPrice>11.90</ItemPrice>
      <UnitOfMeasurePrice>0.0595</UnitOfMeasurePrice>
      <AllowDiscount>1</AllowDiscount>
      <ItemStatus>1</ItemStatus>
      <ItemId>232885</ItemId>
    </Item>
    <Item>
      <PriceUpdateDate>2025-08-26 16:05:24</PriceUpdateDate>
      <ItemCode>7290115201741</ItemCode>
      <ItemType>1</ItemType>
      <ItemName>ביסלי בטעם בצל אסם 7</ItemName>
      <ManufacturerName>לא ידוע</ManufacturerName>
      <ManufactureCountry>לא ידוע</ManufactureCountry>
      <ManufacturerItemDescription>ביסלי בטעם בצל אסם 7</ManufacturerItemDescription>
      <UnitQty>לא ידוע</UnitQty>
      <Quantity>70.00</Quantity>
      <UnitOfMeasure>לא ידוע</UnitOfMeasure>
      <bIsWeighted>0</bIsWeighted>
      <QtyInPackage>לא ידוע</QtyInPackage>
      <ItemPrice>6.90</ItemPrice>
      <UnitOfMeasurePrice>0.0986</UnitOfMeasurePrice>
      <AllowDiscount>1</AllowDiscount>
      <ItemStatus>1</ItemStatus>
      <ItemId>232886</ItemId>
    </Item>
    <Item>
      <PriceUpdateDate>2025-08-26 16:05:19</PriceUpdateDate>
      <ItemCode>7290112968807</ItemCode>
      <ItemType>1</ItemType>
      <ItemName>פיטנס קרקר דק סלק 14</ItemName>
      <ManufacturerName>לא ידוע</ManufacturerName>
      <ManufactureCountry>לא ידוע</ManufactureCountry>
      <ManufacturerItemDescription>פיטנס קרקר דק סלק 14</ManufacturerItemDescription>
      <UnitQty>לא ידוע</UnitQty>
      <Quantity>140.00</Quantity>
      <UnitOfMeasure>לא ידוע</UnitOfMeasure>
      <bIsWeighted>0</bIsWeighted>
      <QtyInPackage>לא ידוע</QtyInPackage>
      <ItemPrice>14.50</ItemPrice>
      <UnitOfMeasurePrice>0.1036</UnitOfMeasurePrice>
      <AllowDiscount>1</AllowDiscount>
      <ItemStatus>1</ItemStatus>
      <ItemId>232887</ItemId>
    </Item>
    <Item>
      <PriceUpdateDate>2025-08-26 16:05:23</PriceUpdateDate>
      <ItemCode>7290115201680</ItemCode>
      <ItemType>1</ItemType>
      <ItemName>ביסלי ברביקיו אסם 70</ItemName>
      <ManufacturerName>לא ידוע</ManufacturerName>
      <ManufactureCountry>לא ידוע</ManufactureCountry>
      <ManufacturerItemDescription>ביסלי ברביקיו אסם 70</ManufacturerItemDescription>
      <UnitQty>לא ידוע</UnitQty>
      <Quantity>70.00</Quantity>
      <UnitOfMeasure>לא ידוע</UnitOfMeasure>
      <bIsWeighted>0</bIsWeighted>
      <QtyInPackage>לא ידוע</QtyInPackage>
      <ItemPrice>6.90</ItemPrice>
      <UnitOfMeasurePrice>0.0986</UnitOfMeasurePrice>
      <AllowDiscount>1</AllowDiscount>
      <ItemStatus>1</ItemStatus>
      <ItemId>232888</ItemId>
    </Item>
    <Item>
      <PriceUpdateDate>2025-08-26 16:05:19</PriceUpdateDate>
      <ItemCode>7290112968821</ItemCode>
      <ItemType>1</ItemType>
      <ItemName>פיטנס קרקר דק בטטה 1</ItemName>
      <ManufacturerName>לא ידוע</ManufacturerName>
      <ManufactureCountry>לא ידוע</ManufactureCountry>
      <ManufacturerItemDescription>פיטנס קרקר דק בטטה 1</ManufacturerItemDescription>
      <UnitQty>לא ידוע</UnitQty>
      <Quantity>140.00</Quantity>
      <UnitOfMeasure>לא ידוע</UnitOfMeasure>
      <bIsWeighted>0</bIsWeighted>
      <QtyInPackage>לא ידוע</QtyInPackage>
      <ItemPrice>14.50</ItemPrice>
      <UnitOfMeasurePrice>0.1036</UnitOfMeasurePrice>
      <AllowDiscount>1</AllowDiscount>
      <ItemStatus>1</ItemStatus>
      <ItemId>232889</ItemId>
    </Item>
    <Item>
      <PriceUpdateDate>2025-08-18 11:47:48</PriceUpdateDate>
      <ItemCode>7290001842850</ItemCode>
      <ItemType>1</ItemType>
      <ItemName>רגל עגל כשר פרוס קפו</ItemName>
      <ManufacturerName>לא ידוע</ManufacturerName>
      <ManufactureCountry>לא ידוע</ManufactureCountry>
      <ManufacturerItemDescription>רגל עגל כשר פרוס קפו</ManufacturerItemDescription>
      <UnitQty>קילוגרמים</UnitQty>
      <Quantity>1.00</Quantity>
      <UnitOfMeasure>ק"ג</UnitOfMeasure>
      <bIsWeighted>1</bIsWeighted>
      <QtyInPackage>לא ידוע</QtyInPackage>
      <ItemPrice>69.90</ItemPrice>
      <UnitOfMeasurePrice>69.9000</UnitOfMeasurePrice>
      <AllowDiscount>1</AllowDiscount>
      <ItemStatus>1</ItemStatus>
      <ItemId>232897</ItemId>
    </Item>
    <Item>
      <PriceUpdateDate>2025-01-06 11:31:16</PriceUpdateDate>
      <ItemCode>7290115190427</ItemCode>
      <ItemType>1</ItemType>
      <ItemName>אל אם וייב פקט</ItemName>
      <ManufacturerName>לא ידוע</ManufacturerName>
      <ManufactureCountry>לא ידוע</ManufactureCountry>
      <ManufacturerItemDescription>אל אם וייב פקט</ManufacturerItemDescription>
      <UnitQty>יחידה   </UnitQty>
      <Quantity>0.00</Quantity>
      <UnitOfMeasure>יחידה   </UnitOfMeasure>
      <bIsWeighted>0</bIsWeighted>
      <QtyInPackage>לא ידוע</QtyInPackage>
      <ItemPrice>402.00</ItemPrice>
      <UnitOfMeasurePrice>0.0000</UnitOfMeasurePrice>
      <AllowDiscount>0</AllowDiscount>
      <ItemStatus>1</ItemStatus>
      <ItemId>232914</ItemId>
    </Item>
    <Item>
      <PriceUpdateDate>2025-01-06 11:30:56</PriceUpdateDate>
      <ItemCode>7290115190250</ItemCode>
      <ItemType>1</ItemType>
      <ItemName>פרלמנט קצר</ItemName>
      <ManufacturerName>לא ידוע</ManufacturerName>
      <ManufactureCountry>לא ידוע</ManufactureCountry>
      <ManufacturerItemDescription>פרלמנט קצר</ManufacturerItemDescription>
      <UnitQty>יחידה   </UnitQty>
      <Quantity>0.00</Quantity>
      <UnitOfMeasure>יחידה   </UnitOfMeasure>
      <bIsWeighted>0</bIsWeighted>
      <QtyInPackage>לא ידוע</QtyInPackage>
      <ItemPrice>51.00</ItemPrice>
      <UnitOfMeasurePrice>0.0000</UnitOfMeasurePrice>
      <AllowDiscount>0</AllowDiscount>
      <ItemStatus>1</ItemStatus>
      <ItemId>232917</ItemId>
    </Item>
    <Item>
      <PriceUpdateDate>2025-01-06 11:31:07</PriceUpdateDate>
      <ItemCode>7290115190359</ItemCode>
      <ItemType>1</ItemType>
      <ItemName>אל אם כחול קצר</ItemName>
      <ManufacturerName>לא ידוע</ManufacturerName>
      <ManufactureCountry>לא ידוע</ManufactureCountry>
      <ManufacturerItemDescription>אל אם כחול קצר</ManufacturerItemDescription>
      <UnitQty>יחידה   </UnitQty>
      <Quantity>0.00</Quantity>
      <UnitOfMeasure>יחידה   </UnitOfMeasure>
      <bIsWeighted>0</bIsWeighted>
      <QtyInPackage>לא ידוע</QtyInPackage>
      <ItemPrice>41.00</ItemPrice>
      <UnitOfMeasurePrice>0.0000</UnitOfMeasurePrice>
      <AllowDiscount>0</AllowDiscount>
      <ItemStatus>1</ItemStatus>
      <ItemId>232918</ItemId>
    </Item>
    <Item>
      <PriceUpdateDate>2025-01-06 11:31:19</PriceUpdateDate>
      <ItemCode>7290115190434</ItemCode>
      <ItemType>1</ItemType>
      <ItemName>אל אם וייב סלימס חפי</ItemName>
      <ManufacturerName>לא ידוע</ManufacturerName>
      <ManufactureCountry>לא ידוע</ManufactureCountry>
      <ManufacturerItemDescription>אל אם וייב סלימס חפי</ManufacturerItemDescription>
      <UnitQty>יחידה   </UnitQty>
      <Quantity>0.00</Quantity>
      <UnitOfMeasure>יחידה   </UnitOfMeasure>
      <bIsWeighted>0</bIsWeighted>
      <QtyInPackage>לא ידוע</QtyInPackage>
      <ItemPrice>41.00</ItemPrice>
      <UnitOfMeasurePrice>0.0000</UnitOfMeasurePrice>
      <AllowDiscount>0</AllowDiscount>
      <ItemStatus>1</ItemStatus>
      <ItemId>232919</ItemId>
    </Item>
    <Item>
      <PriceUpdateDate>2025-01-06 11:31:38</PriceUpdateDate>
      <ItemCode>7290115190571</ItemCode>
      <ItemType>1</ItemType>
      <ItemName>נקסט לילך חפיסה</ItemName>
      <ManufacturerName>לא ידוע</ManufacturerName>
      <ManufactureCountry>לא ידוע</ManufactureCountry>
      <ManufacturerItemDescription>נקסט לילך חפיסה</ManufacturerItemDescription>
      <UnitQty>יחידה   </UnitQty>
      <Quantity>0.00</Quantity>
      <UnitOfMeasure>יחידה   </UnitOfMeasure>
      <bIsWeighted>0</bIsWeighted>
      <QtyInPackage>לא ידוע</QtyInPackage>
      <ItemPrice>40.00</ItemPrice>
      <UnitOfMeasurePrice>0.0000</UnitOfMeasurePrice>
      <AllowDiscount>0</AllowDiscount>
      <ItemStatus>1</ItemStatus>
      <ItemId>232920</ItemId>
    </Item>
    <Item>
      <PriceUpdateDate>2025-09-03 14:24:44</PriceUpdateDate>
      <ItemCode>7290001356630</ItemCode>
      <ItemType>1</ItemType>
      <ItemName>פילה הרינג כבוש שקיל</ItemName>
      <ManufacturerName>לא ידוע</ManufacturerName>
      <ManufactureCountry>לא ידוע</ManufactureCountry>
      <ManufacturerItemDescription>פילה הרינג כבוש שקיל</ManufacturerItemDescription>
      <UnitQty>קילוגרמים</UnitQty>
      <Quantity>1.00</Quantity>
      <UnitOfMeasure>ק"ג</UnitOfMeasure>
      <bIsWeighted>1</bIsWeighted>
      <QtyInPackage>לא ידוע</QtyInPackage>
      <ItemPrice>75.00</ItemPrice>
      <UnitOfMeasurePrice>75.0000</UnitOfMeasurePrice>
      <AllowDiscount>1</AllowDiscount>
      <ItemStatus>1</ItemStatus>
      <ItemId>235517</ItemId>
    </Item>
    <Item>
      <PriceUpdateDate>2025-09-03 07:19:50</PriceUpdateDate>
      <ItemCode>7290019816225</ItemCode>
      <ItemType>1</ItemType>
      <ItemName>אקסטרים טרמיסו 115גר</ItemName>
      <ManufacturerName>לא ידוע</ManufacturerName>
      <ManufactureCountry>לא ידוע</ManufactureCountry>
      <ManufacturerItemDescription>אקסטרים טרמיסו 115גר</ManufacturerItemDescription>
      <UnitQty>לא ידוע</UnitQty>
      <Quantity>115.00</Quantity>
      <UnitOfMeasure>לא ידוע</UnitOfMeasure>
      <bIsWeighted>0</bIsWeighted>
      <QtyInPackage>לא ידוע</QtyInPackage>
      <ItemPrice>13.90</ItemPrice>
      <UnitOfMeasurePrice>0.1209</UnitOfMeasurePrice>
      <AllowDiscount>1</AllowDiscount>
      <ItemStatus>1</ItemStatus>
      <ItemId>252076</ItemId>
    </Item>
    <Item>
      <PriceUpdateDate>2025-09-07 11:03:57</PriceUpdateDate>
      <ItemCode>8720608014958</ItemCode>
      <ItemType>1</ItemType>
      <ItemName>ליפטון תה שחור יילו</ItemName>
      <ManufacturerName>קריות זול</ManufacturerName>
      <ManufactureCountry>לא ידוע</ManufactureCountry>
      <ManufacturerItemDescription>ליפטון תה שחור יילו</ManufacturerItemDescription>
      <UnitQty>לא ידוע</UnitQty>
      <Quantity>150.00</Quantity>
      <UnitOfMeasure>לא ידוע</UnitOfMeasure>
      <bIsWeighted>0</bIsWeighted>
      <QtyInPackage>לא ידוע</QtyInPackage>
      <ItemPrice>21.90</ItemPrice>
      <UnitOfMeasurePrice>0.1460</UnitOfMeasurePrice>
      <AllowDiscount>1</AllowDiscount>
      <ItemStatus>1</ItemStatus>
      <ItemId>239159</ItemId>
    </Item>
    <Item>
      <PriceUpdateDate>2025-09-07 08:04:49</PriceUpdateDate>
      <ItemCode>769904000997</ItemCode>
      <ItemType>1</ItemType>
      <ItemName>דגש שקדי מרק</ItemName>
      <ManufacturerName>לא ידוע</ManufacturerName>
      <ManufactureCountry>לא ידוע</ManufactureCountry>
      <ManufacturerItemDescription>דגש שקדי מרק</ManufacturerItemDescription>
      <UnitQty>לא ידוע</UnitQty>
      <Quantity>200.00</Quantity>
      <UnitOfMeasure>לא ידוע</UnitOfMeasure>
      <bIsWeighted>0</bIsWeighted>
      <QtyInPackage>לא ידוע</QtyInPackage>
      <ItemPrice>18.90</ItemPrice>
      <UnitOfMeasurePrice>0.0945</UnitOfMeasurePrice>
      <AllowDiscount>1</AllowDiscount>
      <ItemStatus>1</ItemStatus>
      <ItemId>236661</ItemId>
    </Item>
    <Item>
      <PriceUpdateDate>2025-05-26 14:24:11</PriceUpdateDate>
      <ItemCode>3858887585205</ItemCode>
      <ItemType>1</ItemType>
      <ItemName>סומרסבי סיידר מנגו ל</ItemName>
      <ManufacturerName>לא ידוע</ManufacturerName>
      <ManufactureCountry>לא ידוע</ManufactureCountry>
      <ManufacturerItemDescription>סומרסבי סיידר מנגו ל</ManufacturerItemDescription>
      <UnitQty>לא ידוע</UnitQty>
      <Quantity>330.00</Quantity>
      <UnitOfMeasure>לא ידוע</UnitOfMeasure>
      <bIsWeighted>0</bIsWeighted>
      <QtyInPackage>לא ידוע</QtyInPackage>
      <ItemPrice>11.90</ItemPrice>
      <UnitOfMeasurePrice>0.0361</UnitOfMeasurePrice>
      <AllowDiscount>1</AllowDiscount>
      <ItemStatus>1</ItemStatus>
      <ItemId>250407</ItemId>
    </Item>
    <Item>
      <PriceUpdateDate>2025-09-03 11:51:09</PriceUpdateDate>
      <ItemCode>7290019790358</ItemCode>
      <ItemType>1</ItemType>
      <ItemName>חלב מועשר נטול לקטוז</ItemName>
      <ManufacturerName>לא ידוע</ManufacturerName>
      <ManufactureCountry>לא ידוע</ManufactureCountry>
      <ManufacturerItemDescription>חלב מועשר נטול לקטוז</ManufacturerItemDescription>
      <UnitQty>לא ידוע</UnitQty>
      <Quantity>1000.00</Quantity>
      <UnitOfMeasure>לא ידוע</UnitOfMeasure>
      <bIsWeighted>0</bIsWeighted>
      <QtyInPackage>לא ידוע</QtyInPackage>
      <ItemPrice>10.90</ItemPrice>
      <UnitOfMeasurePrice>0.0109</UnitOfMeasurePrice>
      <AllowDiscount>1</AllowDiscount>
      <ItemStatus>1</ItemStatus>
      <ItemId>245158</ItemId>
    </Item>
    <Item>
      <PriceUpdateDate>2025-08-26 12:48:25</PriceUpdateDate>
      <ItemCode>7290112004710</ItemCode>
      <ItemType>1</ItemType>
      <ItemName>ג'ל וניש שקוף לכביסה</ItemName>
      <ManufacturerName>לא ידוע</ManufacturerName>
      <ManufactureCountry>לא ידוע</ManufactureCountry>
      <ManufacturerItemDescription>ג'ל וניש שקוף לכביסה</ManufacturerItemDescription>
      <UnitQty>לא ידוע</UnitQty>
      <Quantity>750.00</Quantity>
      <UnitOfMeasure>לא ידוע</UnitOfMeasure>
      <bIsWeighted>0</bIsWeighted>
      <QtyInPackage>לא ידוע</QtyInPackage>
      <ItemPrice>21.90</ItemPrice>
      <UnitOfMeasurePrice>0.0292</UnitOfMeasurePrice>
      <AllowDiscount>1</AllowDiscount>
      <ItemStatus>1</ItemStatus>
      <ItemId>239894</ItemId>
    </Item>
    <Item>
      <PriceUpdateDate>2025-10-23 11:26:55</PriceUpdateDate>
      <ItemCode>7290016882407</ItemCode>
      <ItemType>1</ItemType>
      <ItemName>ממרח חצילים קלויים 5</ItemName>
      <ManufacturerName>לא ידוע</ManufacturerName>
      <ManufactureCountry>לא ידוע</ManufactureCountry>
      <ManufacturerItemDescription>ממרח חצילים קלויים 5</ManufacturerItemDescription>
      <UnitQty>לא ידוע</UnitQty>
      <Quantity>550.00</Quantity>
      <UnitOfMeasure>לא ידוע</UnitOfMeasure>
      <bIsWeighted>0</bIsWeighted>
      <QtyInPackage>לא ידוע</QtyInPackage>
      <ItemPrice>13.90</ItemPrice>
      <UnitOfMeasurePrice>0.0253</UnitOfMeasurePrice>
      <AllowDiscount>1</AllowDiscount>
      <ItemStatus>1</ItemStatus>
      <ItemId>233027</ItemId>
    </Item>
    <Item>
      <PriceUpdateDate>2024-12-01 07:49:32</PriceUpdateDate>
      <ItemCode>7290018192658</ItemCode>
      <ItemType>1</ItemType>
      <ItemName>פטריות צמד חמד איטלק</ItemName>
      <ManufacturerName>קריות זול</ManufacturerName>
      <ManufactureCountry>ישראל</ManufactureCountry>
      <ManufacturerItemDescription>פטריות צמד חמד איטלק</ManufacturerItemDescription>
      <UnitQty>יחידה   </UnitQty>
      <Quantity>0.00</Quantity>
      <UnitOfMeasure>יחידה   </UnitOfMeasure>
      <bIsWeighted>0</bIsWeighted>
      <QtyInPackage>לא ידוע</QtyInPackage>
      <ItemPrice>18.90</ItemPrice>
      <UnitOfMeasurePrice>0.0000</UnitOfMeasurePrice>
      <AllowDiscount>1</AllowDiscount>
      <ItemStatus>1</ItemStatus>
      <ItemId>233031</ItemId>
    </Item>
    <Item>
      <PriceUpdateDate>2025-12-05 11:34:18</PriceUpdateDate>
      <ItemCode>7622201401900</ItemCode>
      <ItemType>1</ItemType>
      <ItemName>עוגיות מילקה סנסיישן</ItemName>
      <ManufacturerName>לא ידוע</ManufacturerName>
      <ManufactureCountry>לא ידוע</ManufactureCountry>
      <ManufacturerItemDescription>עוגיות מילקה סנסיישן</ManufacturerItemDescription>
      <UnitQty>לא ידוע</UnitQty>
      <Quantity>156.00</Quantity>
      <UnitOfMeasure>לא ידוע</UnitOfMeasure>
      <bIsWeighted>0</bIsWeighted>
      <QtyInPackage>לא ידוע</QtyInPackage>
      <ItemPrice>17.90</ItemPrice>
      <UnitOfMeasurePrice>0.1147</UnitOfMeasurePrice>
      <AllowDiscount>1</AllowDiscount>
      <ItemStatus>1</ItemStatus>
      <ItemId>233111</ItemId>
    </Item>
    <Item>
      <PriceUpdateDate>2025-01-06 11:31:55</PriceUpdateDate>
      <ItemCode>7290115190595</ItemCode>
      <ItemType>1</ItemType>
      <ItemName>נקסט אוריג'ינל</ItemName>
      <ManufacturerName>קריות זול</ManufacturerName>
      <ManufactureCountry>לא ידוע</ManufactureCountry>
      <ManufacturerItemDescription>נקסט אוריג'ינל</ManufacturerItemDescription>
      <UnitQty>יחידה   </UnitQty>
      <Quantity>0.00</Quantity>
      <UnitOfMeasure>יחידה   </UnitOfMeasure>
      <bIsWeighted>0</bIsWeighted>
      <QtyInPackage>לא ידוע</QtyInPackage>
      <ItemPrice>40.00</ItemPrice>
      <UnitOfMeasurePrice>0.0000</UnitOfMeasurePrice>
      <AllowDiscount>0</AllowDiscount>
      <ItemStatus>1</ItemStatus>
      <ItemId>233116</ItemId>
    </Item>
    <Item>
      <PriceUpdateDate>2025-01-06 11:30:42</PriceUpdateDate>
      <ItemCode>7290115190090</ItemCode>
      <ItemType>1</ItemType>
      <ItemName>מרלבורו גולד קצר</ItemName>
      <ManufacturerName>לא ידוע</ManufacturerName>
      <ManufactureCountry>לא ידוע</ManufactureCountry>
      <ManufacturerItemDescription>מרלבורו גולד קצר</ManufacturerItemDescription>
      <UnitQty>יחידה   </UnitQty>
      <Quantity>0.00</Quantity>
      <UnitOfMeasure>יחידה   </UnitOfMeasure>
      <bIsWeighted>0</bIsWeighted>
      <QtyInPackage>לא ידוע</QtyInPackage>
      <ItemPrice>46.00</ItemPrice>
      <UnitOfMeasurePrice>0.0000</UnitOfMeasurePrice>
      <AllowDiscount>0</AllowDiscount>
      <ItemStatus>1</ItemStatus>
      <ItemId>233117</ItemId>
    </Item>
    <Item>
      <PriceUpdateDate>2025-01-06 11:31:31</PriceUpdateDate>
      <ItemCode>7290115190519</ItemCode>
      <ItemType>1</ItemType>
      <ItemName>נקסט פיין</ItemName>
      <ManufacturerName>קריות זול</ManufacturerName>
      <ManufactureCountry>לא ידוע</ManufactureCountry>
      <ManufacturerItemDescription>נקסט פיין</ManufacturerItemDescription>
      <UnitQty>יחידה   </UnitQty>
      <Quantity>0.00</Quantity>
      <UnitOfMeasure>יחידה   </UnitOfMeasure>
      <bIsWeighted>0</bIsWeighted>
      <QtyInPackage>לא ידוע</QtyInPackage>
      <ItemPrice>40.00</ItemPrice>
      <UnitOfMeasurePrice>0.0000</UnitOfMeasurePrice>
      <AllowDiscount>0</AllowDiscount>
      <ItemStatus>1</ItemStatus>
      <ItemId>233127</ItemId>
    </Item>
    <Item>
      <PriceUpdateDate>2025-01-06 11:30:47</PriceUpdateDate>
      <ItemCode>7290115190151</ItemCode>
      <ItemType>1</ItemType>
      <ItemName>מרלבורו כחול טאצ</ItemName>
      <ManufacturerName>לא ידוע</ManufacturerName>
      <ManufactureCountry>לא ידוע</ManufactureCountry>
      <ManufacturerItemDescription>מרלבורו כחול טאצ</ManufacturerItemDescription>
      <UnitQty>יחידה   </UnitQty>
      <Quantity>0.00</Quantity>
      <UnitOfMeasure>יחידה   </UnitOfMeasure>
      <bIsWeighted>0</bIsWeighted>
      <QtyInPackage>לא ידוע</QtyInPackage>
      <ItemPrice>41.00</ItemPrice>
      <UnitOfMeasurePrice>0.0000</UnitOfMeasurePrice>
      <AllowDiscount>0</AllowDiscount>
      <ItemStatus>1</ItemStatus>
      <ItemId>233134</ItemId>
    </Item>
    <Item>
      <PriceUpdateDate>2025-01-06 11:30:46</PriceUpdateDate>
      <ItemCode>7290115190137</ItemCode>
      <ItemType>1</ItemType>
      <ItemName>מרלבורו פיין טאצ</ItemName>
      <ManufacturerName>לא ידוע</ManufacturerName>
      <ManufactureCountry>לא ידוע</ManufactureCountry>
      <ManufacturerItemDescription>מרלבורו פיין טאצ</ManufacturerItemDescription>
      <UnitQty>יחידה   </UnitQty>
      <Quantity>0.00</Quantity>
      <UnitOfMeasure>יחידה   </UnitOfMeasure>
      <bIsWeighted>0</bIsWeighted>
      <QtyInPackage>לא ידוע</QtyInPackage>
      <ItemPrice>41.00</ItemPrice>
      <UnitOfMeasurePrice>0.0000</UnitOfMeasurePrice>
      <AllowDiscount>0</AllowDiscount>
      <ItemStatus>1</ItemStatus>
      <ItemId>233137</ItemId>
    </Item>
    <Item>
      <PriceUpdateDate>2025-01-06 11:31:09</PriceUpdateDate>
      <ItemCode>7290115190373</ItemCode>
      <ItemType>1</ItemType>
      <ItemName>אל אם פורברד קפסולה</ItemName>
      <ManufacturerName>לא ידוע</ManufacturerName>
      <ManufactureCountry>לא ידוע</ManufactureCountry>
      <ManufacturerItemDescription>אל אם פורברד קפסולה</ManufacturerItemDescription>
      <UnitQty>יחידה   </UnitQty>
      <Quantity>0.00</Quantity>
      <UnitOfMeasure>יחידה   </UnitOfMeasure>
      <bIsWeighted>0</bIsWeighted>
      <QtyInPackage>לא ידוע</QtyInPackage>
      <ItemPrice>41.00</ItemPrice>
      <UnitOfMeasurePrice>0.0000</UnitOfMeasurePrice>
      <AllowDiscount>0</AllowDiscount>
      <ItemStatus>1</ItemStatus>
      <ItemId>233139</ItemId>
    </Item>
    <Item>
      <PriceUpdateDate>2025-01-06 11:30:29</PriceUpdateDate>
      <ItemCode>7290115190014</ItemCode>
      <ItemType>1</ItemType>
      <ItemName>מרלבורו אדום קצר</ItemName>
      <ManufacturerName>לא ידוע</ManufacturerName>
      <ManufactureCountry>לא ידוע</ManufactureCountry>
      <ManufacturerItemDescription>מרלבורו אדום קצר</ManufacturerItemDescription>
      <UnitQty>יחידה   </UnitQty>
      <Quantity>0.00</Quantity>
      <UnitOfMeasure>יחידה   </UnitOfMeasure>
      <bIsWeighted>0</bIsWeighted>
      <QtyInPackage>לא ידוע</QtyInPackage>
      <ItemPrice>46.00</ItemPrice>
      <UnitOfMeasurePrice>0.0000</UnitOfMeasurePrice>
      <AllowDiscount>0</AllowDiscount>
      <ItemStatus>1</ItemStatus>
      <ItemId>233141</ItemId>
    </Item>
    <Item>
      <PriceUpdateDate>2025-08-21 13:13:42</PriceUpdateDate>
      <ItemCode>7290004225407</ItemCode>
      <ItemType>1</ItemType>
      <ItemName>סרדין חריף בשמן צמחי</ItemName>
      <ManufacturerName>לא ידוע</ManufacturerName>
      <ManufactureCountry>לא ידוע</ManufactureCountry>
      <ManufacturerItemDescription>סרדין חריף בשמן צמחי</ManufacturerItemDescription>
      <UnitQty>לא ידוע</UnitQty>
      <Quantity>125.00</Quantity>
      <UnitOfMeasure>לא ידוע</UnitOfMeasure>
      <bIsWeighted>0</bIsWeighted>
      <QtyInPackage>לא ידוע</QtyInPackage>
      <ItemPrice>6.90</ItemPrice>
      <UnitOfMeasurePrice>0.0552</UnitOfMeasurePrice>
      <AllowDiscount>1</AllowDiscount>
      <ItemStatus>1</ItemStatus>
      <ItemId>250946</ItemId>
    </Item>
    <Item>
      <PriceUpdateDate>2025-09-08 07:55:38</PriceUpdateDate>
      <ItemCode>7290017873725</ItemCode>
      <ItemType>1</ItemType>
      <ItemName>פרש וואנס מגבונים לח</ItemName>
      <ManufacturerName>לא ידוע</ManufacturerName>
      <ManufactureCountry>לא ידוע</ManufactureCountry>
      <ManufacturerItemDescription>פרש וואנס מגבונים לח</ManufacturerItemDescription>
      <UnitQty>יחידה   </UnitQty>
      <Quantity>0.00</Quantity>
      <UnitOfMeasure>יחידה   </UnitOfMeasure>
      <bIsWeighted>0</bIsWeighted>
      <QtyInPackage>לא ידוע</QtyInPackage>
      <ItemPrice>30.90</ItemPrice>
      <UnitOfMeasurePrice>0.0000</UnitOfMeasurePrice>
      <AllowDiscount>1</AllowDiscount>
      <ItemStatus>1</ItemStatus>
      <ItemId>245424</ItemId>
    </Item>
    <Item>
      <PriceUpdateDate>2025-04-20 08:41:54</PriceUpdateDate>
      <ItemCode>7290115204056</ItemCode>
      <ItemType>1</ItemType>
      <ItemName>אסם קטשופ מופחת סוכר</ItemName>
      <ManufacturerName>קריות זול</ManufacturerName>
      <ManufactureCountry>לא ידוע</ManufactureCountry>
      <ManufacturerItemDescription>אסם קטשופ מופחת סוכר</ManufacturerItemDescription>
      <UnitQty>לא ידוע</UnitQty>
      <Quantity>690.00</Quantity>
      <UnitOfMeasure>לא ידוע</UnitOfMeasure>
      <bIsWeighted>0</bIsWeighted>
      <QtyInPackage>לא ידוע</QtyInPackage>
      <ItemPrice>13.90</ItemPrice>
      <UnitOfMeasurePrice>0.0201</UnitOfMeasurePrice>
      <AllowDiscount>1</AllowDiscount>
      <ItemStatus>1</ItemStatus>
      <ItemId>235667</ItemId>
    </Item>
    <Item>
      <PriceUpdateDate>2025-12-03 07:35:57</PriceUpdateDate>
      <ItemCode>7290112497123</ItemCode>
      <ItemType>1</ItemType>
      <ItemName>*מבצע* סחלב תערובת ל</ItemName>
      <ManufacturerName>לא ידוע</ManufacturerName>
      <ManufactureCountry>לא ידוע</ManufactureCountry>
      <ManufacturerItemDescription>*מבצע* סחלב תערובת ל</ManufacturerItemDescription>
      <UnitQty>לא ידוע</UnitQty>
      <Quantity>112.00</Quantity>
      <UnitOfMeasure>לא ידוע</UnitOfMeasure>
      <bIsWeighted>0</bIsWeighted>
      <QtyInPackage>לא ידוע</QtyInPackage>
      <ItemPrice>13.80</ItemPrice>
      <UnitOfMeasurePrice>0.1232</UnitOfMeasurePrice>
      <AllowDiscount>1</AllowDiscount>
      <ItemStatus>1</ItemStatus>
      <ItemId>233155</ItemId>
    </Item>
    <Item>
      <PriceUpdateDate>2025-08-26 11:17:06</PriceUpdateDate>
      <ItemCode>7290109580043</ItemCode>
      <ItemType>1</ItemType>
      <ItemName>שניצל תירס 1.75ק"ג ז</ItemName>
      <ManufacturerName>לא ידוע</ManufacturerName>
      <ManufactureCountry>לא ידוע</ManufactureCountry>
      <ManufacturerItemDescription>שניצל תירס 1.75ק"ג ז</ManufacturerItemDescription>
      <UnitQty>לא ידוע</UnitQty>
      <Quantity>1750.00</Quantity>
      <UnitOfMeasure>לא ידוע</UnitOfMeasure>
      <bIsWeighted>0</bIsWeighted>
      <QtyInPackage>לא ידוע</QtyInPackage>
      <ItemPrice>61.90</ItemPrice>
      <UnitOfMeasurePrice>0.0354</UnitOfMeasurePrice>
      <AllowDiscount>1</AllowDiscount>
      <ItemStatus>1</ItemStatus>
      <ItemId>233178</ItemId>
    </Item>
    <Item>
      <PriceUpdateDate>2025-12-23 07:16:28</PriceUpdateDate>
      <ItemCode>7290006199942</ItemCode>
      <ItemType>1</ItemType>
      <ItemName>שמיניית גלידל פרי דו</ItemName>
      <ManufacturerName>לא ידוע</ManufacturerName>
      <ManufactureCountry>לא ידוע</ManufactureCountry>
      <ManufacturerItemDescription>שמיניית גלידל פרי דו</ManufacturerItemDescription>
      <UnitQty>לא ידוע</UnitQty>
      <Quantity>8.00</Quantity>
      <UnitOfMeasure>לא ידוע</UnitOfMeasure>
      <bIsWeighted>0</bIsWeighted>
      <QtyInPackage>לא ידוע</QtyInPackage>
      <ItemPrice>29.90</ItemPrice>
      <UnitOfMeasurePrice>3.7375</UnitOfMeasurePrice>
      <AllowDiscount>1</AllowDiscount>
      <ItemStatus>1</ItemStatus>
      <ItemId>233822</ItemId>
    </Item>
    <Item>
      <PriceUpdateDate>2025-10-27 11:35:22</PriceUpdateDate>
      <ItemCode>7290109581538</ItemCode>
      <ItemType>1</ItemType>
      <ItemName>פסטרמה סלמי פרגית דק</ItemName>
      <ManufacturerName>לא ידוע</ManufacturerName>
      <ManufactureCountry>לא ידוע</ManufactureCountry>
      <ManufacturerItemDescription>פסטרמה סלמי פרגית דק</ManufacturerItemDescription>
      <UnitQty>לא ידוע</UnitQty>
      <Quantity>120.00</Quantity>
      <UnitOfMeasure>לא ידוע</UnitOfMeasure>
      <bIsWeighted>0</bIsWeighted>
      <QtyInPackage>לא ידוע</QtyInPackage>
      <ItemPrice>19.90</ItemPrice>
      <UnitOfMeasurePrice>0.1658</UnitOfMeasurePrice>
      <AllowDiscount>1</AllowDiscount>
      <ItemStatus>1</ItemStatus>
      <ItemId>256251</ItemId>
    </Item>
    <Item>
      <PriceUpdateDate>2025-08-27 09:42:18</PriceUpdateDate>
      <ItemCode>7290001246832</ItemCode>
      <ItemType>1</ItemType>
      <ItemName>ג'ל כביסה כחול 5 ליט</ItemName>
      <ManufacturerName>לא ידוע</ManufacturerName>
      <ManufactureCountry>לא ידוע</ManufactureCountry>
      <ManufacturerItemDescription>ג'ל כביסה כחול 5 ליט</ManufacturerItemDescription>
      <UnitQty>ליטרים</UnitQty>
      <Quantity>5.00</Quantity>
      <UnitOfMeasure>ליטר    </UnitOfMeasure>
      <bIsWeighted>0</bIsWeighted>
      <QtyInPackage>לא ידוע</QtyInPackage>
      <ItemPrice>27.90</ItemPrice>
      <UnitOfMeasurePrice>5.5800</UnitOfMeasurePrice>
      <AllowDiscount>1</AllowDiscount>
      <ItemStatus>1</ItemStatus>
      <ItemId>233200</ItemId>
    </Item>
    <Item>
      <PriceUpdateDate>2025-09-07 10:41:28</PriceUpdateDate>
      <ItemCode>7290108352450</ItemCode>
      <ItemType>1</ItemType>
      <ItemName>ריצפז פרש הום בלוסום</ItemName>
      <ManufacturerName>לא ידוע</ManufacturerName>
      <ManufactureCountry>לא ידוע</ManufactureCountry>
      <ManufacturerItemDescription>ריצפז פרש הום בלוסום</ManufacturerItemDescription>
      <UnitQty>ליטרים</UnitQty>
      <Quantity>2.00</Quantity>
      <UnitOfMeasure>ליטר    </UnitOfMeasure>
      <bIsWeighted>0</bIsWeighted>
      <QtyInPackage>לא ידוע</QtyInPackage>
      <ItemPrice>22.90</ItemPrice>
      <UnitOfMeasurePrice>11.4500</UnitOfMeasurePrice>
      <AllowDiscount>1</AllowDiscount>
      <ItemStatus>1</ItemStatus>
      <ItemId>233233</ItemId>
    </Item>
    <Item>
      <PriceUpdateDate>2025-09-03 07:34:11</PriceUpdateDate>
      <ItemCode>7290018471029</ItemCode>
      <ItemType>1</ItemType>
      <ItemName>שוופס סודה לימון מאר</ItemName>
      <ManufacturerName>לא ידוע</ManufacturerName>
      <ManufactureCountry>לא ידוע</ManufactureCountry>
      <ManufacturerItemDescription>שוופס סודה לימון מאר</ManufacturerItemDescription>
      <UnitQty>לא ידוע</UnitQty>
      <Quantity>3000.00</Quantity>
      <UnitOfMeasure>לא ידוע</UnitOfMeasure>
      <bIsWeighted>0</bIsWeighted>
      <QtyInPackage>לא ידוע</QtyInPackage>
      <ItemPrice>18.50</ItemPrice>
      <UnitOfMeasurePrice>0.0062</UnitOfMeasurePrice>
      <AllowDiscount>1</AllowDiscount>
      <ItemStatus>1</ItemStatus>
      <ItemId>233244</ItemId>
    </Item>
    <Item>
      <PriceUpdateDate>2025-08-26 16:05:07</PriceUpdateDate>
      <ItemCode>7290112965264</ItemCode>
      <ItemType>1</ItemType>
      <ItemName>זוג מרק נמס אפונה בד</ItemName>
      <ManufacturerName>לא ידוע</ManufacturerName>
      <ManufactureCountry>לא ידוע</ManufactureCountry>
      <ManufacturerItemDescription>זוג מרק נמס אפונה בד</ManufacturerItemDescription>
      <UnitQty>לא ידוע</UnitQty>
      <Quantity>52.00</Quantity>
      <UnitOfMeasure>לא ידוע</UnitOfMeasure>
      <bIsWeighted>0</bIsWeighted>
      <QtyInPackage>לא ידוע</QtyInPackage>
      <ItemPrice>7.50</ItemPrice>
      <UnitOfMeasurePrice>0.1442</UnitOfMeasurePrice>
      <AllowDiscount>1</AllowDiscount>
      <ItemStatus>1</ItemStatus>
      <ItemId>233250</ItemId>
    </Item>
    <Item>
      <PriceUpdateDate>2025-08-26 16:05:07</PriceUpdateDate>
      <ItemCode>7290112965288</ItemCode>
      <ItemType>1</ItemType>
      <ItemName>זוג מרק נמס ירקות בד</ItemName>
      <ManufacturerName>לא ידוע</ManufacturerName>
      <ManufactureCountry>לא ידוע</ManufactureCountry>
      <ManufacturerItemDescription>זוג מרק נמס ירקות בד</ManufacturerItemDescription>
      <UnitQty>לא ידוע</UnitQty>
      <Quantity>56.00</Quantity>
      <UnitOfMeasure>לא ידוע</UnitOfMeasure>
      <bIsWeighted>0</bIsWeighted>
      <QtyInPackage>לא ידוע</QtyInPackage>
      <ItemPrice>7.50</ItemPrice>
      <UnitOfMeasurePrice>0.1339</UnitOfMeasurePrice>
      <AllowDiscount>1</AllowDiscount>
      <ItemStatus>1</ItemStatus>
      <ItemId>233251</ItemId>
    </Item>
    <Item>
      <PriceUpdateDate>2025-08-19 11:26:08</PriceUpdateDate>
      <ItemCode>7290013787392</ItemCode>
      <ItemType>1</ItemType>
      <ItemName>רביולי ריקו גבינות ק</ItemName>
      <ManufacturerName>לא ידוע</ManufacturerName>
      <ManufactureCountry>לא ידוע</ManufactureCountry>
      <ManufacturerItemDescription>רביולי ריקו גבינות ק</ManufacturerItemDescription>
      <UnitQty>לא ידוע</UnitQty>
      <Quantity>330.00</Quantity>
      <UnitOfMeasure>לא ידוע</UnitOfMeasure>
      <bIsWeighted>0</bIsWeighted>
      <QtyInPackage>לא ידוע</QtyInPackage>
      <ItemPrice>30.90</ItemPrice>
      <UnitOfMeasurePrice>0.0936</UnitOfMeasurePrice>
      <AllowDiscount>1</AllowDiscount>
      <ItemStatus>1</ItemStatus>
      <ItemId>233292</ItemId>
    </Item>
    <Item>
      <PriceUpdateDate>2025-08-19 11:26:09</PriceUpdateDate>
      <ItemCode>7290013787408</ItemCode>
      <ItemType>1</ItemType>
      <ItemName>רביולי ריקו בטטה 330</ItemName>
      <ManufacturerName>לא ידוע</ManufacturerName>
      <ManufactureCountry>לא ידוע</ManufactureCountry>
      <ManufacturerItemDescription>רביולי ריקו בטטה 330</ManufacturerItemDescription>
      <UnitQty>לא ידוע</UnitQty>
      <Quantity>330.00</Quantity>
      <UnitOfMeasure>לא ידוע</UnitOfMeasure>
      <bIsWeighted>0</bIsWeighted>
      <QtyInPackage>לא ידוע</QtyInPackage>
      <ItemPrice>30.90</ItemPrice>
      <UnitOfMeasurePrice>0.0936</UnitOfMeasurePrice>
      <AllowDiscount>1</AllowDiscount>
      <ItemStatus>1</ItemStatus>
      <ItemId>233293</ItemId>
    </Item>
    <Item>
      <PriceUpdateDate>2025-08-19 11:26:10</PriceUpdateDate>
      <ItemCode>7290013787415</ItemCode>
      <ItemType>1</ItemType>
      <ItemName>רביולי ריקו ריקוטה ת</ItemName>
      <ManufacturerName>לא ידוע</ManufacturerName>
      <ManufactureCountry>לא ידוע</ManufactureCountry>
      <ManufacturerItemDescription>רביולי ריקו ריקוטה ת</ManufacturerItemDescription>
      <UnitQty>לא ידוע</UnitQty>
      <Quantity>330.00</Quantity>
      <UnitOfMeasure>לא ידוע</UnitOfMeasure>
      <bIsWeighted>0</bIsWeighted>
      <QtyInPackage>לא ידוע</QtyInPackage>
      <ItemPrice>30.90</ItemPrice>
      <UnitOfMeasurePrice>0.0936</UnitOfMeasurePrice>
      <AllowDiscount>1</AllowDiscount>
      <ItemStatus>1</ItemStatus>
      <ItemId>233294</ItemId>
    </Item>
    <Item>
      <PriceUpdateDate>2025-08-21 11:54:41</PriceUpdateDate>
      <ItemCode>7290002345886</ItemCode>
      <ItemType>1</ItemType>
      <ItemName>צלי כתף  עגל טרי</ItemName>
      <ManufacturerName>לא ידוע</ManufacturerName>
      <ManufactureCountry>לא ידוע</ManufactureCountry>
      <ManufacturerItemDescription>צלי כתף  עגל טרי</ManufacturerItemDescription>
      <UnitQty>קילוגרמים</UnitQty>
      <Quantity>1.00</Quantity>
      <UnitOfMeasure>ק"ג</UnitOfMeasure>
      <bIsWeighted>1</bIsWeighted>
      <QtyInPackage>לא ידוע</QtyInPackage>
      <ItemPrice>99.90</ItemPrice>
      <UnitOfMeasurePrice>99.9000</UnitOfMeasurePrice>
      <AllowDiscount>1</AllowDiscount>
      <ItemStatus>1</ItemStatus>
      <ItemId>233738</ItemId>
    </Item>
    <Item>
      <PriceUpdateDate>2025-09-03 11:28:36</PriceUpdateDate>
      <ItemCode>7290116536774</ItemCode>
      <ItemType>1</ItemType>
      <ItemName>חטיף קליק אין אאוט ב</ItemName>
      <ManufacturerName>לא ידוע</ManufacturerName>
      <ManufactureCountry>לא ידוע</ManufactureCountry>
      <ManufacturerItemDescription>חטיף קליק אין אאוט ב</ManufacturerItemDescription>
      <UnitQty>לא ידוע</UnitQty>
      <Quantity>35.00</Quantity>
      <UnitOfMeasure>לא ידוע</UnitOfMeasure>
      <bIsWeighted>0</bIsWeighted>
      <QtyInPackage>לא ידוע</QtyInPackage>
      <ItemPrice>7.00</ItemPrice>
      <UnitOfMeasurePrice>0.2000</UnitOfMeasurePrice>
      <AllowDiscount>1</AllowDiscount>
      <ItemStatus>1</ItemStatus>
      <ItemId>250722</ItemId>
    </Item>
    <Item>
      <PriceUpdateDate>2025-08-26 16:06:04</PriceUpdateDate>
      <ItemCode>7290118427568</ItemCode>
      <ItemType>1</ItemType>
      <ItemName>מנה חמה ווק נודלס בר</ItemName>
      <ManufacturerName>קריות זול</ManufacturerName>
      <ManufactureCountry>לא ידוע</ManufactureCountry>
      <ManufacturerItemDescription>מנה חמה ווק נודלס בר</ManufacturerItemDescription>
      <UnitQty>לא ידוע</UnitQty>
      <Quantity>70.00</Quantity>
      <UnitOfMeasure>לא ידוע</UnitOfMeasure>
      <bIsWeighted>0</bIsWeighted>
      <QtyInPackage>לא ידוע</QtyInPackage>
      <ItemPrice>15.90</ItemPrice>
      <UnitOfMeasurePrice>0.2271</UnitOfMeasurePrice>
      <AllowDiscount>1</AllowDiscount>
      <ItemStatus>1</ItemStatus>
      <ItemId>254832</ItemId>
    </Item>
    <Item>
      <PriceUpdateDate>2025-08-31 10:27:25</PriceUpdateDate>
      <ItemCode>7290019333432</ItemCode>
      <ItemType>1</ItemType>
      <ItemName>בית השיטה חרוזית ליל</ItemName>
      <ManufacturerName>לא ידוע</ManufacturerName>
      <ManufactureCountry>לא ידוע</ManufactureCountry>
      <ManufacturerItemDescription>בית השיטה חרוזית ליל</ManufacturerItemDescription>
      <UnitQty>לא ידוע</UnitQty>
      <Quantity>190.00</Quantity>
      <UnitOfMeasure>לא ידוע</UnitOfMeasure>
      <bIsWeighted>0</bIsWeighted>
      <QtyInPackage>לא ידוע</QtyInPackage>
      <ItemPrice>10.90</ItemPrice>
      <UnitOfMeasurePrice>0.0574</UnitOfMeasurePrice>
      <AllowDiscount>1</AllowDiscount>
      <ItemStatus>1</ItemStatus>
      <ItemId>248831</ItemId>
    </Item>
    <Item>
      <PriceUpdateDate>2025-08-18 14:32:27</PriceUpdateDate>
      <ItemCode>5000204366938</ItemCode>
      <ItemType>1</ItemType>
      <ItemName>טואלט דאק נוזל לאסלה</ItemName>
      <ManufacturerName>לא ידוע</ManufacturerName>
      <ManufactureCountry>לא ידוע</ManufactureCountry>
      <ManufacturerItemDescription>טואלט דאק נוזל לאסלה</ManufacturerItemDescription>
      <UnitQty>לא ידוע</UnitQty>
      <Quantity>750.00</Quantity>
      <UnitOfMeasure>לא ידוע</UnitOfMeasure>
      <bIsWeighted>0</bIsWeighted>
      <QtyInPackage>לא ידוע</QtyInPackage>
      <ItemPrice>14.90</ItemPrice>
      <UnitOfMeasurePrice>0.0199</UnitOfMeasurePrice>
      <AllowDiscount>1</AllowDiscount>
      <ItemStatus>1</ItemStatus>
      <ItemId>255193</ItemId>
    </Item>
    <Item>
      <PriceUpdateDate>2025-09-08 07:54:57</PriceUpdateDate>
      <ItemCode>7290018213254</ItemCode>
      <ItemType>1</ItemType>
      <ItemName>שלישיית מגבות מטבח ע</ItemName>
      <ManufacturerName>לא ידוע</ManufacturerName>
      <ManufactureCountry>לא ידוע</ManufactureCountry>
      <ManufacturerItemDescription>שלישיית מגבות מטבח ע</ManufacturerItemDescription>
      <UnitQty>יחידה   </UnitQty>
      <Quantity>0.00</Quantity>
      <UnitOfMeasure>יחידה   </UnitOfMeasure>
      <bIsWeighted>0</bIsWeighted>
      <QtyInPackage>לא ידוע</QtyInPackage>
      <ItemPrice>14.90</ItemPrice>
      <UnitOfMeasurePrice>0.0000</UnitOfMeasurePrice>
      <AllowDiscount>1</AllowDiscount>
      <ItemStatus>1</ItemStatus>
      <ItemId>233499</ItemId>
    </Item>
    <Item>
      <PriceUpdateDate>2025-09-07 10:42:52</PriceUpdateDate>
      <ItemCode>7290111344527</ItemCode>
      <ItemType>1</ItemType>
      <ItemName>זוג שקיות אשפה ענקיי</ItemName>
      <ManufacturerName>לא ידוע</ManufacturerName>
      <ManufactureCountry>לא ידוע</ManufactureCountry>
      <ManufacturerItemDescription>זוג שקיות אשפה ענקיי</ManufacturerItemDescription>
      <UnitQty>יחידה   </UnitQty>
      <Quantity>0.00</Quantity>
      <UnitOfMeasure>יחידה   </UnitOfMeasure>
      <bIsWeighted>0</bIsWeighted>
      <QtyInPackage>לא ידוע</QtyInPackage>
      <ItemPrice>27.90</ItemPrice>
      <UnitOfMeasurePrice>0.0000</UnitOfMeasurePrice>
      <AllowDiscount>1</AllowDiscount>
      <ItemStatus>1</ItemStatus>
      <ItemId>234444</ItemId>
    </Item>
    <Item>
      <PriceUpdateDate>2025-09-07 10:41:42</PriceUpdateDate>
      <ItemCode>7290108354430</ItemCode>
      <ItemType>1</ItemType>
      <ItemName>כיף שמפו לשיער שמן ק</ItemName>
      <ManufacturerName>לא ידוע</ManufacturerName>
      <ManufactureCountry>לא ידוע</ManufactureCountry>
      <ManufacturerItemDescription>כיף שמפו לשיער שמן ק</ManufacturerItemDescription>
      <UnitQty>לא ידוע</UnitQty>
      <Quantity>700.00</Quantity>
      <UnitOfMeasure>לא ידוע</UnitOfMeasure>
      <bIsWeighted>0</bIsWeighted>
      <QtyInPackage>לא ידוע</QtyInPackage>
      <ItemPrice>13.90</ItemPrice>
      <UnitOfMeasurePrice>0.0199</UnitOfMeasurePrice>
      <AllowDiscount>1</AllowDiscount>
      <ItemStatus>1</ItemStatus>
      <ItemId>233547</ItemId>
    </Item>
    <Item>
      <PriceUpdateDate>2025-08-26 11:13:33</PriceUpdateDate>
      <ItemCode>7290112344755</ItemCode>
      <ItemType>1</ItemType>
      <ItemName>מילקי עם 26% פחות סו</ItemName>
      <ManufacturerName>לא ידוע</ManufacturerName>
      <ManufactureCountry>לא ידוע</ManufactureCountry>
      <ManufacturerItemDescription>מילקי עם 26% פחות סו</ManufacturerItemDescription>
      <UnitQty>לא ידוע</UnitQty>
      <Quantity>135.00</Quantity>
      <UnitOfMeasure>לא ידוע</UnitOfMeasure>
      <bIsWeighted>0</bIsWeighted>
      <QtyInPackage>לא ידוע</QtyInPackage>
      <ItemPrice>3.30</ItemPrice>
      <UnitOfMeasurePrice>0.0244</UnitOfMeasurePrice>
      <AllowDiscount>1</AllowDiscount>
      <ItemStatus>1</ItemStatus>
      <ItemId>233643</ItemId>
    </Item>
    <Item>
      <PriceUpdateDate>2025-10-23 09:50:14</PriceUpdateDate>
      <ItemCode>7290112339911</ItemCode>
      <ItemType>1</ItemType>
      <ItemName>מעדן דניאלה פטל 88גר</ItemName>
      <ManufacturerName>קריות זול</ManufacturerName>
      <ManufactureCountry>לא ידוע</ManufactureCountry>
      <ManufacturerItemDescription>מעדן דניאלה פטל 88גר</ManufacturerItemDescription>
      <UnitQty>לא ידוע</UnitQty>
      <Quantity>88.00</Quantity>
      <UnitOfMeasure>לא ידוע</UnitOfMeasure>
      <bIsWeighted>0</bIsWeighted>
      <QtyInPackage>לא ידוע</QtyInPackage>
      <ItemPrice>4.50</ItemPrice>
      <UnitOfMeasurePrice>0.0511</UnitOfMeasurePrice>
      <AllowDiscount>1</AllowDiscount>
      <ItemStatus>1</ItemStatus>
      <ItemId>233645</ItemId>
    </Item>
    <Item>
      <PriceUpdateDate>2025-08-31 09:58:08</PriceUpdateDate>
      <ItemCode>7290108503999</ItemCode>
      <ItemType>1</ItemType>
      <ItemName>פרוסות גבינה 150ג בט</ItemName>
      <ManufacturerName>לא ידוע</ManufacturerName>
      <ManufactureCountry>לא ידוע</ManufactureCountry>
      <ManufacturerItemDescription>פרוסות גבינה 150ג בט</ManufacturerItemDescription>
      <UnitQty>לא ידוע</UnitQty>
      <Quantity>150.00</Quantity>
      <UnitOfMeasure>לא ידוע</UnitOfMeasure>
      <bIsWeighted>0</bIsWeighted>
      <QtyInPackage>לא ידוע</QtyInPackage>
      <ItemPrice>11.90</ItemPrice>
      <UnitOfMeasurePrice>0.0793</UnitOfMeasurePrice>
      <AllowDiscount>1</AllowDiscount>
      <ItemStatus>1</ItemStatus>
      <ItemId>233666</ItemId>
    </Item>
    <Item>
      <PriceUpdateDate>2025-09-03 11:28:58</PriceUpdateDate>
      <ItemCode>8712561594608</ItemCode>
      <ItemType>1</ItemType>
      <ItemName>תחליב רחצה דאב הזנה</ItemName>
      <ManufacturerName>לא ידוע</ManufacturerName>
      <ManufactureCountry>לא ידוע</ManufactureCountry>
      <ManufacturerItemDescription>תחליב רחצה דאב הזנה</ManufacturerItemDescription>
      <UnitQty>לא ידוע</UnitQty>
      <Quantity>750.00</Quantity>
      <UnitOfMeasure>לא ידוע</UnitOfMeasure>
      <bIsWeighted>0</bIsWeighted>
      <QtyInPackage>לא ידוע</QtyInPackage>
      <ItemPrice>25.90</ItemPrice>
      <UnitOfMeasurePrice>0.0345</UnitOfMeasurePrice>
      <AllowDiscount>1</AllowDiscount>
      <ItemStatus>1</ItemStatus>
      <ItemId>233684</ItemId>
    </Item>
    <Item>
      <PriceUpdateDate>2025-06-03 13:46:01</PriceUpdateDate>
      <ItemCode>7290001714133</ItemCode>
      <ItemType>1</ItemType>
      <ItemName>גולש עגל</ItemName>
      <ManufacturerName>לא ידוע</ManufacturerName>
      <ManufactureCountry>לא ידוע</ManufactureCountry>
      <ManufacturerItemDescription>גולש עגל</ManufacturerItemDescription>
      <UnitQty>קילוגרמים</UnitQty>
      <Quantity>1.00</Quantity>
      <UnitOfMeasure>ק"ג</UnitOfMeasure>
      <bIsWeighted>1</bIsWeighted>
      <QtyInPackage>לא ידוע</QtyInPackage>
      <ItemPrice>89.90</ItemPrice>
      <UnitOfMeasurePrice>89.9000</UnitOfMeasurePrice>
      <AllowDiscount>1</AllowDiscount>
      <ItemStatus>1</ItemStatus>
      <ItemId>233690</ItemId>
    </Item>
    <Item>
      <PriceUpdateDate>2025-09-04 11:56:56</PriceUpdateDate>
      <ItemCode>5060639129102</ItemCode>
      <ItemType>1</ItemType>
      <ItemName>מונסטר אנרגי פח 500</ItemName>
      <ManufacturerName>לא ידוע</ManufacturerName>
      <ManufactureCountry>לא ידוע</ManufactureCountry>
      <ManufacturerItemDescription>מונסטר אנרגי פח 500</ManufacturerItemDescription>
      <UnitQty>לא ידוע</UnitQty>
      <Quantity>500.00</Quantity>
      <UnitOfMeasure>לא ידוע</UnitOfMeasure>
      <bIsWeighted>0</bIsWeighted>
      <QtyInPackage>לא ידוע</QtyInPackage>
      <ItemPrice>10.50</ItemPrice>
      <UnitOfMeasurePrice>0.0210</UnitOfMeasurePrice>
      <AllowDiscount>1</AllowDiscount>
      <ItemStatus>1</ItemStatus>
      <ItemId>233693</ItemId>
    </Item>
    <Item>
      <PriceUpdateDate>2025-09-04 12:01:37</PriceUpdateDate>
      <ItemCode>7290017888354</ItemCode>
      <ItemType>1</ItemType>
      <ItemName>מי עדן 750 מ"ל פקק ס</ItemName>
      <ManufacturerName>קריות זול</ManufacturerName>
      <ManufactureCountry>לא ידוע</ManufactureCountry>
      <ManufacturerItemDescription>מי עדן 750 מ"ל פקק ס</ManufacturerItemDescription>
      <UnitQty>לא ידוע</UnitQty>
      <Quantity>750.00</Quantity>
      <UnitOfMeasure>לא ידוע</UnitOfMeasure>
      <bIsWeighted>0</bIsWeighted>
      <QtyInPackage>לא ידוע</QtyInPackage>
      <ItemPrice>4.90</ItemPrice>
      <UnitOfMeasurePrice>0.0065</UnitOfMeasurePrice>
      <AllowDiscount>1</AllowDiscount>
      <ItemStatus>1</ItemStatus>
      <ItemId>233695</ItemId>
    </Item>
    <Item>
      <PriceUpdateDate>2025-08-26 10:12:53</PriceUpdateDate>
      <ItemCode>7290011947781</ItemCode>
      <ItemType>1</ItemType>
      <ItemName>מיקס זית ירוק וזית ק</ItemName>
      <ManufacturerName>לא ידוע</ManufacturerName>
      <ManufactureCountry>לא ידוע</ManufactureCountry>
      <ManufacturerItemDescription>מיקס זית ירוק וזית ק</ManufacturerItemDescription>
      <UnitQty>לא ידוע</UnitQty>
      <Quantity>215.00</Quantity>
      <UnitOfMeasure>לא ידוע</UnitOfMeasure>
      <bIsWeighted>0</bIsWeighted>
      <QtyInPackage>לא ידוע</QtyInPackage>
      <ItemPrice>18.90</ItemPrice>
      <UnitOfMeasurePrice>0.0879</UnitOfMeasurePrice>
      <AllowDiscount>1</AllowDiscount>
      <ItemStatus>1</ItemStatus>
      <ItemId>233720</ItemId>
    </Item>
    <Item>
      <PriceUpdateDate>2025-08-26 10:12:55</PriceUpdateDate>
      <ItemCode>7290011947798</ItemCode>
      <ItemType>1</ItemType>
      <ItemName>זית קלמטה ללא גלעין</ItemName>
      <ManufacturerName>לא ידוע</ManufacturerName>
      <ManufactureCountry>לא ידוע</ManufactureCountry>
      <ManufacturerItemDescription>זית קלמטה ללא גלעין</ManufacturerItemDescription>
      <UnitQty>לא ידוע</UnitQty>
      <Quantity>215.00</Quantity>
      <UnitOfMeasure>לא ידוע</UnitOfMeasure>
      <bIsWeighted>0</bIsWeighted>
      <QtyInPackage>לא ידוע</QtyInPackage>
      <ItemPrice>18.90</ItemPrice>
      <UnitOfMeasurePrice>0.0879</UnitOfMeasurePrice>
      <AllowDiscount>1</AllowDiscount>
      <ItemStatus>1</ItemStatus>
      <ItemId>233721</ItemId>
    </Item>
    <Item>
      <PriceUpdateDate>2025-08-21 11:54:42</PriceUpdateDate>
      <ItemCode>7290002627302</ItemCode>
      <ItemType>1</ItemType>
      <ItemName>צלי כתף  עגל טרי</ItemName>
      <ManufacturerName>לא ידוע</ManufacturerName>
      <ManufactureCountry>לא ידוע</ManufactureCountry>
      <ManufacturerItemDescription>צלי כתף  עגל טרי</ManufacturerItemDescription>
      <UnitQty>קילוגרמים</UnitQty>
      <Quantity>1.00</Quantity>
      <UnitOfMeasure>ק"ג</UnitOfMeasure>
      <bIsWeighted>1</bIsWeighted>
      <QtyInPackage>לא ידוע</QtyInPackage>
      <ItemPrice>99.90</ItemPrice>
      <UnitOfMeasurePrice>99.9000</UnitOfMeasurePrice>
      <AllowDiscount>1</AllowDiscount>
      <ItemStatus>1</ItemStatus>
      <ItemId>233740</ItemId>
    </Item>
    <Item>
      <PriceUpdateDate>2025-08-26 16:05:36</PriceUpdateDate>
      <ItemCode>7290115207989</ItemCode>
      <ItemType>1</ItemType>
      <ItemName>ויטמינצ'יק לימון 1 ל</ItemName>
      <ManufacturerName>לא ידוע</ManufacturerName>
      <ManufactureCountry>לא ידוע</ManufactureCountry>
      <ManufacturerItemDescription>ויטמינצ'יק לימון 1 ל</ManufacturerItemDescription>
      <UnitQty>לא ידוע</UnitQty>
      <Quantity>1000.00</Quantity>
      <UnitOfMeasure>לא ידוע</UnitOfMeasure>
      <bIsWeighted>0</bIsWeighted>
      <QtyInPackage>לא ידוע</QtyInPackage>
      <ItemPrice>15.90</ItemPrice>
      <UnitOfMeasurePrice>0.0159</UnitOfMeasurePrice>
      <AllowDiscount>1</AllowDiscount>
      <ItemStatus>1</ItemStatus>
      <ItemId>237294</ItemId>
    </Item>
    <Item>
      <PriceUpdateDate>2025-08-26 11:21:45</PriceUpdateDate>
      <ItemCode>7290110328221</ItemCode>
      <ItemType>1</ItemType>
      <ItemName>יוגורט תנובה נטול לק</ItemName>
      <ManufacturerName>לא ידוע</ManufacturerName>
      <ManufactureCountry>לא ידוע</ManufactureCountry>
      <ManufacturerItemDescription>יוגורט תנובה נטול לק</ManufacturerItemDescription>
      <UnitQty>לא ידוע</UnitQty>
      <Quantity>200.00</Quantity>
      <UnitOfMeasure>לא ידוע</UnitOfMeasure>
      <bIsWeighted>0</bIsWeighted>
      <QtyInPackage>לא ידוע</QtyInPackage>
      <ItemPrice>5.70</ItemPrice>
      <UnitOfMeasurePrice>0.0285</UnitOfMeasurePrice>
      <AllowDiscount>1</AllowDiscount>
      <ItemStatus>1</ItemStatus>
      <ItemId>234037</ItemId>
    </Item>
    <Item>
      <PriceUpdateDate>2025-08-31 09:22:43</PriceUpdateDate>
      <ItemCode>7290017812861</ItemCode>
      <ItemType>1</ItemType>
      <ItemName>יין וינו לבן יבש 750</ItemName>
      <ManufacturerName>קריות זול</ManufacturerName>
      <ManufactureCountry>לא ידוע</ManufactureCountry>
      <ManufacturerItemDescription>יין וינו לבן יבש 750</ManufacturerItemDescription>
      <UnitQty>לא ידוע</UnitQty>
      <Quantity>750.00</Quantity>
      <UnitOfMeasure>לא ידוע</UnitOfMeasure>
      <bIsWeighted>0</bIsWeighted>
      <QtyInPackage>לא ידוע</QtyInPackage>
      <ItemPrice>25.90</ItemPrice>
      <UnitOfMeasurePrice>0.0345</UnitOfMeasurePrice>
      <AllowDiscount>1</AllowDiscount>
      <ItemStatus>1</ItemStatus>
      <ItemId>234091</ItemId>
    </Item>
    <Item>
      <PriceUpdateDate>2025-08-31 09:22:43</PriceUpdateDate>
      <ItemCode>7290017812847</ItemCode>
      <ItemType>1</ItemType>
      <ItemName>פרנץ' גוורצטרמינר סל</ItemName>
      <ManufacturerName>קריות זול</ManufacturerName>
      <ManufactureCountry>לא ידוע</ManufactureCountry>
      <ManufacturerItemDescription>פרנץ' גוורצטרמינר סל</ManufacturerItemDescription>
      <UnitQty>לא ידוע</UnitQty>
      <Quantity>750.00</Quantity>
      <UnitOfMeasure>לא ידוע</UnitOfMeasure>
      <bIsWeighted>0</bIsWeighted>
      <QtyInPackage>לא ידוע</QtyInPackage>
      <ItemPrice>35.90</ItemPrice>
      <UnitOfMeasurePrice>0.0479</UnitOfMeasurePrice>
      <AllowDiscount>1</AllowDiscount>
      <ItemStatus>1</ItemStatus>
      <ItemId>234090</ItemId>
    </Item>
    <Item>
      <PriceUpdateDate>2025-10-23 11:26:56</PriceUpdateDate>
      <ItemCode>7290113195479</ItemCode>
      <ItemType>1</ItemType>
      <ItemName>קמח שקדים 200גרם שקד</ItemName>
      <ManufacturerName>לא ידוע</ManufacturerName>
      <ManufactureCountry>לא ידוע</ManufactureCountry>
      <ManufacturerItemDescription>קמח שקדים 200גרם שקד</ManufacturerItemDescription>
      <UnitQty>לא ידוע</UnitQty>
      <Quantity>200.00</Quantity>
      <UnitOfMeasure>לא ידוע</UnitOfMeasure>
      <bIsWeighted>0</bIsWeighted>
      <QtyInPackage>לא ידוע</QtyInPackage>
      <ItemPrice>17.50</ItemPrice>
      <UnitOfMeasurePrice>0.0875</UnitOfMeasurePrice>
      <AllowDiscount>1</AllowDiscount>
      <ItemStatus>1</ItemStatus>
      <ItemId>234110</ItemId>
    </Item>
    <Item>
      <PriceUpdateDate>2025-08-18 11:38:20</PriceUpdateDate>
      <ItemCode>3574661491806</ItemCode>
      <ItemType>1</ItemType>
      <ItemName>ליסטרין אדוונס וויט</ItemName>
      <ManufacturerName>לא ידוע</ManufacturerName>
      <ManufactureCountry>לא ידוע</ManufactureCountry>
      <ManufacturerItemDescription>ליסטרין אדוונס וויט</ManufacturerItemDescription>
      <UnitQty>לא ידוע</UnitQty>
      <Quantity>500.00</Quantity>
      <UnitOfMeasure>לא ידוע</UnitOfMeasure>
      <bIsWeighted>0</bIsWeighted>
      <QtyInPackage>לא ידוע</QtyInPackage>
      <ItemPrice>22.90</ItemPrice>
      <UnitOfMeasurePrice>0.0458</UnitOfMeasurePrice>
      <AllowDiscount>1</AllowDiscount>
      <ItemStatus>1</ItemStatus>
      <ItemId>234138</ItemId>
    </Item>
    <Item>
      <PriceUpdateDate>2025-08-26 11:13:49</PriceUpdateDate>
      <ItemCode>7290112355102</ItemCode>
      <ItemType>1</ItemType>
      <ItemName>גמדים סקוויז סלט פיר</ItemName>
      <ManufacturerName>לא ידוע</ManufacturerName>
      <ManufactureCountry>לא ידוע</ManufactureCountry>
      <ManufacturerItemDescription>גמדים סקוויז סלט פיר</ManufacturerItemDescription>
      <UnitQty>לא ידוע</UnitQty>
      <Quantity>100.00</Quantity>
      <UnitOfMeasure>לא ידוע</UnitOfMeasure>
      <bIsWeighted>0</bIsWeighted>
      <QtyInPackage>לא ידוע</QtyInPackage>
      <ItemPrice>6.50</ItemPrice>
      <UnitOfMeasurePrice>0.0650</UnitOfMeasurePrice>
      <AllowDiscount>1</AllowDiscount>
      <ItemStatus>1</ItemStatus>
      <ItemId>234204</ItemId>
    </Item>
    <Item>
      <PriceUpdateDate>2025-09-07 08:06:09</PriceUpdateDate>
      <ItemCode>8690531401722</ItemCode>
      <ItemType>1</ItemType>
      <ItemName>פלפל אדום קלוי צנצנת</ItemName>
      <ManufacturerName>לא ידוע</ManufacturerName>
      <ManufactureCountry>לא ידוע</ManufactureCountry>
      <ManufacturerItemDescription>פלפל אדום קלוי צנצנת</ManufacturerItemDescription>
      <UnitQty>לא ידוע</UnitQty>
      <Quantity>550.00</Quantity>
      <UnitOfMeasure>לא ידוע</UnitOfMeasure>
      <bIsWeighted>0</bIsWeighted>
      <QtyInPackage>לא ידוע</QtyInPackage>
      <ItemPrice>14.90</ItemPrice>
      <UnitOfMeasurePrice>0.0271</UnitOfMeasurePrice>
      <AllowDiscount>1</AllowDiscount>
      <ItemStatus>1</ItemStatus>
      <ItemId>234205</ItemId>
    </Item>
    <Item>
      <PriceUpdateDate>2025-08-20 11:37:50</PriceUpdateDate>
      <ItemCode>7290000481043</ItemCode>
      <ItemType>1</ItemType>
      <ItemName>פיתות כוסמין מארז 10</ItemName>
      <ManufacturerName>לא ידוע</ManufacturerName>
      <ManufactureCountry>לא ידוע</ManufactureCountry>
      <ManufacturerItemDescription>פיתות כוסמין מארז 10</ManufacturerItemDescription>
      <UnitQty>לא ידוע</UnitQty>
      <Quantity>700.00</Quantity>
      <UnitOfMeasure>לא ידוע</UnitOfMeasure>
      <bIsWeighted>0</bIsWeighted>
      <QtyInPackage>לא ידוע</QtyInPackage>
      <ItemPrice>18.90</ItemPrice>
      <UnitOfMeasurePrice>0.0270</UnitOfMeasurePrice>
      <AllowDiscount>1</AllowDiscount>
      <ItemStatus>1</ItemStatus>
      <ItemId>234219</ItemId>
    </Item>
    <Item>
      <PriceUpdateDate>2025-08-31 10:14:32</PriceUpdateDate>
      <ItemCode>7290109580166</ItemCode>
      <ItemType>1</ItemType>
      <ItemName>זוגלובק פרימיום סרוו</ItemName>
      <ManufacturerName>לא ידוע</ManufacturerName>
      <ManufactureCountry>לא ידוע</ManufactureCountry>
      <ManufacturerItemDescription>זוגלובק פרימיום סרוו</ManufacturerItemDescription>
      <UnitQty>לא ידוע</UnitQty>
      <Quantity>150.00</Quantity>
      <UnitOfMeasure>לא ידוע</UnitOfMeasure>
      <bIsWeighted>0</bIsWeighted>
      <QtyInPackage>לא ידוע</QtyInPackage>
      <ItemPrice>33.90</ItemPrice>
      <UnitOfMeasurePrice>0.2260</UnitOfMeasurePrice>
      <AllowDiscount>1</AllowDiscount>
      <ItemStatus>1</ItemStatus>
      <ItemId>234224</ItemId>
    </Item>
    <Item>
      <PriceUpdateDate>2025-08-31 10:14:32</PriceUpdateDate>
      <ItemCode>7290109580104</ItemCode>
      <ItemType>1</ItemType>
      <ItemName>זוגלובק פרימיום רוסט</ItemName>
      <ManufacturerName>לא ידוע</ManufacturerName>
      <ManufactureCountry>לא ידוע</ManufactureCountry>
      <ManufacturerItemDescription>זוגלובק פרימיום רוסט</ManufacturerItemDescription>
      <UnitQty>לא ידוע</UnitQty>
      <Quantity>150.00</Quantity>
      <UnitOfMeasure>לא ידוע</UnitOfMeasure>
      <bIsWeighted>0</bIsWeighted>
      <QtyInPackage>לא ידוע</QtyInPackage>
      <ItemPrice>33.90</ItemPrice>
      <UnitOfMeasurePrice>0.2260</UnitOfMeasurePrice>
      <AllowDiscount>1</AllowDiscount>
      <ItemStatus>1</ItemStatus>
      <ItemId>234225</ItemId>
    </Item>
    <Item>
      <PriceUpdateDate>2025-08-26 11:21:52</PriceUpdateDate>
      <ItemCode>7290110328504</ItemCode>
      <ItemType>1</ItemType>
      <ItemName>מיקס טריו מוצרלה  סק</ItemName>
      <ManufacturerName>לא ידוע</ManufacturerName>
      <ManufactureCountry>לא ידוע</ManufactureCountry>
      <ManufacturerItemDescription>מיקס טריו מוצרלה  סק</ManufacturerItemDescription>
      <UnitQty>לא ידוע</UnitQty>
      <Quantity>300.00</Quantity>
      <UnitOfMeasure>לא ידוע</UnitOfMeasure>
      <bIsWeighted>0</bIsWeighted>
      <QtyInPackage>לא ידוע</QtyInPackage>
      <ItemPrice>33.70</ItemPrice>
      <UnitOfMeasurePrice>0.1123</UnitOfMeasurePrice>
      <AllowDiscount>1</AllowDiscount>
      <ItemStatus>1</ItemStatus>
      <ItemId>234253</ItemId>
    </Item>
    <Item>
      <PriceUpdateDate>2025-01-06 11:31:27</PriceUpdateDate>
      <ItemCode>7290115190496</ItemCode>
      <ItemType>1</ItemType>
      <ItemName>נקסט פיין</ItemName>
      <ManufacturerName>לא ידוע</ManufacturerName>
      <ManufactureCountry>לא ידוע</ManufactureCountry>
      <ManufacturerItemDescription>נקסט פיין</ManufacturerItemDescription>
      <UnitQty>יחידה   </UnitQty>
      <Quantity>0.00</Quantity>
      <UnitOfMeasure>יחידה   </UnitOfMeasure>
      <bIsWeighted>0</bIsWeighted>
      <QtyInPackage>לא ידוע</QtyInPackage>
      <ItemPrice>40.00</ItemPrice>
      <UnitOfMeasurePrice>0.0000</UnitOfMeasurePrice>
      <AllowDiscount>0</AllowDiscount>
      <ItemStatus>1</ItemStatus>
      <ItemId>234263</ItemId>
    </Item>
    <Item>
      <PriceUpdateDate>2025-09-04 08:24:33</PriceUpdateDate>
      <ItemCode>76840100156</ItemCode>
      <ItemType>1</ItemType>
      <ItemName>גלידת בן אנד ג'ריס ד</ItemName>
      <ManufacturerName>לא ידוע</ManufacturerName>
      <ManufactureCountry>לא ידוע</ManufactureCountry>
      <ManufacturerItemDescription>גלידת בן אנד ג'ריס ד</ManufacturerItemDescription>
      <UnitQty>לא ידוע</UnitQty>
      <Quantity>473.00</Quantity>
      <UnitOfMeasure>לא ידוע</UnitOfMeasure>
      <bIsWeighted>0</bIsWeighted>
      <QtyInPackage>לא ידוע</QtyInPackage>
      <ItemPrice>24.90</ItemPrice>
      <UnitOfMeasurePrice>0.0526</UnitOfMeasurePrice>
      <AllowDiscount>1</AllowDiscount>
      <ItemStatus>1</ItemStatus>
      <ItemId>234447</ItemId>
    </Item>
    <Item>
      <PriceUpdateDate>2025-12-03 08:26:36</PriceUpdateDate>
      <ItemCode>8809168840471</ItemCode>
      <ItemType>1</ItemType>
      <ItemName>*מבצע* חטיף אצות מיו</ItemName>
      <ManufacturerName>לא ידוע</ManufacturerName>
      <ManufactureCountry>לא ידוע</ManufactureCountry>
      <ManufacturerItemDescription>*מבצע* חטיף אצות מיו</ManufacturerItemDescription>
      <UnitQty>לא ידוע</UnitQty>
      <Quantity>40.00</Quantity>
      <UnitOfMeasure>לא ידוע</UnitOfMeasure>
      <bIsWeighted>0</bIsWeighted>
      <QtyInPackage>לא ידוע</QtyInPackage>
      <ItemPrice>21.80</ItemPrice>
      <UnitOfMeasurePrice>0.5450</UnitOfMeasurePrice>
      <AllowDiscount>1</AllowDiscount>
      <ItemStatus>1</ItemStatus>
      <ItemId>234323</ItemId>
    </Item>
    <Item>
      <PriceUpdateDate>2025-06-26 07:30:48</PriceUpdateDate>
      <ItemCode>7290017065731</ItemCode>
      <ItemType>1</ItemType>
      <ItemName>גד גבינת שמנת NEW YO</ItemName>
      <ManufacturerName>לא ידוע</ManufacturerName>
      <ManufactureCountry>לא ידוע</ManufactureCountry>
      <ManufacturerItemDescription>גד גבינת שמנת NEW YO</ManufacturerItemDescription>
      <UnitQty>לא ידוע</UnitQty>
      <Quantity>200.00</Quantity>
      <UnitOfMeasure>לא ידוע</UnitOfMeasure>
      <bIsWeighted>0</bIsWeighted>
      <QtyInPackage>לא ידוע</QtyInPackage>
      <ItemPrice>17.90</ItemPrice>
      <UnitOfMeasurePrice>0.0895</UnitOfMeasurePrice>
      <AllowDiscount>1</AllowDiscount>
      <ItemStatus>1</ItemStatus>
      <ItemId>234384</ItemId>
    </Item>
    <Item>
      <PriceUpdateDate>2025-10-05 09:21:31</PriceUpdateDate>
      <ItemCode>7290003361441</ItemCode>
      <ItemType>1</ItemType>
      <ItemName>פילה סלמון מנות דליד</ItemName>
      <ManufacturerName>לא ידוע</ManufacturerName>
      <ManufactureCountry>לא ידוע</ManufactureCountry>
      <ManufacturerItemDescription>פילה סלמון מנות דליד</ManufacturerItemDescription>
      <UnitQty>לא ידוע</UnitQty>
      <Quantity>600.00</Quantity>
      <UnitOfMeasure>לא ידוע</UnitOfMeasure>
      <bIsWeighted>0</bIsWeighted>
      <QtyInPackage>לא ידוע</QtyInPackage>
      <ItemPrice>64.90</ItemPrice>
      <UnitOfMeasurePrice>0.1082</UnitOfMeasurePrice>
      <AllowDiscount>1</AllowDiscount>
      <ItemStatus>1</ItemStatus>
      <ItemId>250415</ItemId>
    </Item>
    <Item>
      <PriceUpdateDate>2025-09-03 07:34:13</PriceUpdateDate>
      <ItemCode>7290018471401</ItemCode>
      <ItemType>1</ItemType>
      <ItemName>פרוט &amp; ווג' אננס בננ</ItemName>
      <ManufacturerName>לא ידוע</ManufacturerName>
      <ManufactureCountry>לא ידוע</ManufactureCountry>
      <ManufacturerItemDescription>פרוט &amp; ווג' אננס בננ</ManufacturerItemDescription>
      <UnitQty>לא ידוע</UnitQty>
      <Quantity>1000.00</Quantity>
      <UnitOfMeasure>לא ידוע</UnitOfMeasure>
      <bIsWeighted>0</bIsWeighted>
      <QtyInPackage>לא ידוע</QtyInPackage>
      <ItemPrice>14.90</ItemPrice>
      <UnitOfMeasurePrice>0.0149</UnitOfMeasurePrice>
      <AllowDiscount>1</AllowDiscount>
      <ItemStatus>1</ItemStatus>
      <ItemId>234411</ItemId>
    </Item>
    <Item>
      <PriceUpdateDate>2025-08-20 11:44:35</PriceUpdateDate>
      <ItemCode>7290004033736</ItemCode>
      <ItemType>1</ItemType>
      <ItemName>לחם עננים סגנון בריו</ItemName>
      <ManufacturerName>לא ידוע</ManufacturerName>
      <ManufactureCountry>לא ידוע</ManufactureCountry>
      <ManufacturerItemDescription>לחם עננים סגנון בריו</ManufacturerItemDescription>
      <UnitQty>לא ידוע</UnitQty>
      <Quantity>500.00</Quantity>
      <UnitOfMeasure>לא ידוע</UnitOfMeasure>
      <bIsWeighted>0</bIsWeighted>
      <QtyInPackage>לא ידוע</QtyInPackage>
      <ItemPrice>17.90</ItemPrice>
      <UnitOfMeasurePrice>0.0358</UnitOfMeasurePrice>
      <AllowDiscount>1</AllowDiscount>
      <ItemStatus>1</ItemStatus>
      <ItemId>236389</ItemId>
    </Item>
    <Item>
      <PriceUpdateDate>2025-09-03 11:27:52</PriceUpdateDate>
      <ItemCode>7290112499448</ItemCode>
      <ItemType>1</ItemType>
      <ItemName>פינוק מרכך לשיער שמן</ItemName>
      <ManufacturerName>לא ידוע</ManufacturerName>
      <ManufactureCountry>לא ידוע</ManufactureCountry>
      <ManufacturerItemDescription>פינוק מרכך לשיער שמן</ManufacturerItemDescription>
      <UnitQty>לא ידוע</UnitQty>
      <Quantity>700.00</Quantity>
      <UnitOfMeasure>לא ידוע</UnitOfMeasure>
      <bIsWeighted>0</bIsWeighted>
      <QtyInPackage>לא ידוע</QtyInPackage>
      <ItemPrice>15.90</ItemPrice>
      <UnitOfMeasurePrice>0.0227</UnitOfMeasurePrice>
      <AllowDiscount>1</AllowDiscount>
      <ItemStatus>1</ItemStatus>
      <ItemId>234471</ItemId>
    </Item>
    <Item>
      <PriceUpdateDate>2025-09-03 11:27:52</PriceUpdateDate>
      <ItemCode>7290112499455</ItemCode>
      <ItemType>1</ItemType>
      <ItemName>פינוק ת.רחצה מרוקאי</ItemName>
      <ManufacturerName>לא ידוע</ManufacturerName>
      <ManufactureCountry>לא ידוע</ManufactureCountry>
      <ManufacturerItemDescription>פינוק ת.רחצה מרוקאי</ManufacturerItemDescription>
      <UnitQty>לא ידוע</UnitQty>
      <Quantity>700.00</Quantity>
      <UnitOfMeasure>לא ידוע</UnitOfMeasure>
      <bIsWeighted>0</bIsWeighted>
      <QtyInPackage>לא ידוע</QtyInPackage>
      <ItemPrice>15.90</ItemPrice>
      <UnitOfMeasurePrice>0.0227</UnitOfMeasurePrice>
      <AllowDiscount>1</AllowDiscount>
      <ItemStatus>1</ItemStatus>
      <ItemId>234472</ItemId>
    </Item>
    <Item>
      <PriceUpdateDate>2025-09-07 08:03:05</PriceUpdateDate>
      <ItemCode>7290017907208</ItemCode>
      <ItemType>1</ItemType>
      <ItemName>קמח רב תכליתי ללא גל</ItemName>
      <ManufacturerName>לא ידוע</ManufacturerName>
      <ManufactureCountry>לא ידוע</ManufactureCountry>
      <ManufacturerItemDescription>קמח רב תכליתי ללא גל</ManufacturerItemDescription>
      <UnitQty>לא ידוע</UnitQty>
      <Quantity>500.00</Quantity>
      <UnitOfMeasure>לא ידוע</UnitOfMeasure>
      <bIsWeighted>0</bIsWeighted>
      <QtyInPackage>לא ידוע</QtyInPackage>
      <ItemPrice>22.50</ItemPrice>
      <UnitOfMeasurePrice>0.0450</UnitOfMeasurePrice>
      <AllowDiscount>1</AllowDiscount>
      <ItemStatus>1</ItemStatus>
      <ItemId>234510</ItemId>
    </Item>
    <Item>
      <PriceUpdateDate>2025-09-05 07:57:41</PriceUpdateDate>
      <ItemCode>7290112498748</ItemCode>
      <ItemType>1</ItemType>
      <ItemName>מאגדת מיני סולרו וני</ItemName>
      <ManufacturerName>לא ידוע</ManufacturerName>
      <ManufactureCountry>לא ידוע</ManufactureCountry>
      <ManufacturerItemDescription>מאגדת מיני סולרו וני</ManufacturerItemDescription>
      <UnitQty>יחידה   </UnitQty>
      <Quantity>0.00</Quantity>
      <UnitOfMeasure>יחידה   </UnitOfMeasure>
      <bIsWeighted>0</bIsWeighted>
      <QtyInPackage>לא ידוע</QtyInPackage>
      <ItemPrice>29.90</ItemPrice>
      <UnitOfMeasurePrice>0.0000</UnitOfMeasurePrice>
      <AllowDiscount>1</AllowDiscount>
      <ItemStatus>1</ItemStatus>
      <ItemId>234573</ItemId>
    </Item>
    <Item>
      <PriceUpdateDate>2025-08-27 11:49:20</PriceUpdateDate>
      <ItemCode>7290014749849</ItemCode>
      <ItemType>1</ItemType>
      <ItemName>שניצל דק ענק קריספי</ItemName>
      <ManufacturerName>לא ידוע</ManufacturerName>
      <ManufactureCountry>לא ידוע</ManufactureCountry>
      <ManufacturerItemDescription>שניצל דק ענק קריספי</ManufacturerItemDescription>
      <UnitQty>לא ידוע</UnitQty>
      <Quantity>720.00</Quantity>
      <UnitOfMeasure>לא ידוע</UnitOfMeasure>
      <bIsWeighted>0</bIsWeighted>
      <QtyInPackage>לא ידוע</QtyInPackage>
      <ItemPrice>46.90</ItemPrice>
      <UnitOfMeasurePrice>0.0651</UnitOfMeasurePrice>
      <AllowDiscount>1</AllowDiscount>
      <ItemStatus>1</ItemStatus>
      <ItemId>234600</ItemId>
    </Item>
    <Item>
      <PriceUpdateDate>2025-08-26 16:05:23</PriceUpdateDate>
      <ItemCode>7290115201031</ItemCode>
      <ItemType>1</ItemType>
      <ItemName>פתי בר דובי שוקולד 1</ItemName>
      <ManufacturerName>לא ידוע</ManufacturerName>
      <ManufactureCountry>לא ידוע</ManufactureCountry>
      <ManufacturerItemDescription>פתי בר דובי שוקולד 1</ManufacturerItemDescription>
      <UnitQty>לא ידוע</UnitQty>
      <Quantity>175.00</Quantity>
      <UnitOfMeasure>לא ידוע</UnitOfMeasure>
      <bIsWeighted>0</bIsWeighted>
      <QtyInPackage>לא ידוע</QtyInPackage>
      <ItemPrice>14.90</ItemPrice>
      <UnitOfMeasurePrice>0.0851</UnitOfMeasurePrice>
      <AllowDiscount>1</AllowDiscount>
      <ItemStatus>1</ItemStatus>
      <ItemId>234603</ItemId>
    </Item>
    <Item>
      <PriceUpdateDate>2025-09-04 11:40:41</PriceUpdateDate>
      <ItemCode>7290018198148</ItemCode>
      <ItemType>1</ItemType>
      <ItemName>תפוגן קריספי צ'יפס ק</ItemName>
      <ManufacturerName>לא ידוע</ManufacturerName>
      <ManufactureCountry>לא ידוע</ManufactureCountry>
      <ManufacturerItemDescription>תפוגן קריספי צ'יפס ק</ManufacturerItemDescription>
      <UnitQty>לא ידוע</UnitQty>
      <Quantity>1250.00</Quantity>
      <UnitOfMeasure>לא ידוע</UnitOfMeasure>
      <bIsWeighted>0</bIsWeighted>
      <QtyInPackage>לא ידוע</QtyInPackage>
      <ItemPrice>30.90</ItemPrice>
      <UnitOfMeasurePrice>0.0247</UnitOfMeasurePrice>
      <AllowDiscount>1</AllowDiscount>
      <ItemStatus>1</ItemStatus>
      <ItemId>234604</ItemId>
    </Item>
    <Item>
      <PriceUpdateDate>2025-09-04 11:40:42</PriceUpdateDate>
      <ItemCode>7290018198254</ItemCode>
      <ItemType>1</ItemType>
      <ItemName>תפוגן קריספי צ'יפס פ</ItemName>
      <ManufacturerName>לא ידוע</ManufacturerName>
      <ManufactureCountry>לא ידוע</ManufactureCountry>
      <ManufacturerItemDescription>תפוגן קריספי צ'יפס פ</ManufacturerItemDescription>
      <UnitQty>לא ידוע</UnitQty>
      <Quantity>1250.00</Quantity>
      <UnitOfMeasure>לא ידוע</UnitOfMeasure>
      <bIsWeighted>0</bIsWeighted>
      <QtyInPackage>לא ידוע</QtyInPackage>
      <ItemPrice>30.90</ItemPrice>
      <UnitOfMeasurePrice>0.0247</UnitOfMeasurePrice>
      <AllowDiscount>1</AllowDiscount>
      <ItemStatus>1</ItemStatus>
      <ItemId>234605</ItemId>
    </Item>
    <Item>
      <PriceUpdateDate>2025-08-20 09:03:22</PriceUpdateDate>
      <ItemCode>4009900536257</ItemCode>
      <ItemType>1</ItemType>
      <ItemName>אורביט רפרשרס ספירמי</ItemName>
      <ManufacturerName>לא ידוע</ManufacturerName>
      <ManufactureCountry>לא ידוע</ManufactureCountry>
      <ManufacturerItemDescription>אורביט רפרשרס ספירמי</ManufacturerItemDescription>
      <UnitQty>לא ידוע</UnitQty>
      <Quantity>67.00</Quantity>
      <UnitOfMeasure>לא ידוע</UnitOfMeasure>
      <bIsWeighted>0</bIsWeighted>
      <QtyInPackage>לא ידוע</QtyInPackage>
      <ItemPrice>14.90</ItemPrice>
      <UnitOfMeasurePrice>0.2224</UnitOfMeasurePrice>
      <AllowDiscount>1</AllowDiscount>
      <ItemStatus>1</ItemStatus>
      <ItemId>234621</ItemId>
    </Item>
    <Item>
      <PriceUpdateDate>2025-08-20 09:03:22</PriceUpdateDate>
      <ItemCode>4009900536486</ItemCode>
      <ItemType>1</ItemType>
      <ItemName>אורביט רפרשרס באבלמי</ItemName>
      <ManufacturerName>לא ידוע</ManufacturerName>
      <ManufactureCountry>לא ידוע</ManufactureCountry>
      <ManufacturerItemDescription>אורביט רפרשרס באבלמי</ManufacturerItemDescription>
      <UnitQty>לא ידוע</UnitQty>
      <Quantity>67.00</Quantity>
      <UnitOfMeasure>לא ידוע</UnitOfMeasure>
      <bIsWeighted>0</bIsWeighted>
      <QtyInPackage>לא ידוע</QtyInPackage>
      <ItemPrice>14.90</ItemPrice>
      <UnitOfMeasurePrice>0.2224</UnitOfMeasurePrice>
      <AllowDiscount>1</AllowDiscount>
      <ItemStatus>1</ItemStatus>
      <ItemId>234623</ItemId>
    </Item>
    <Item>
      <PriceUpdateDate>2024-12-23 10:24:35</PriceUpdateDate>
      <ItemCode>7290101114369</ItemCode>
      <ItemType>1</ItemType>
      <ItemName>מאגדת שלישיה גלית תו</ItemName>
      <ManufacturerName>לא ידוע</ManufacturerName>
      <ManufactureCountry>לא ידוע</ManufactureCountry>
      <ManufacturerItemDescription>מאגדת שלישיה גלית תו</ManufacturerItemDescription>
      <UnitQty>יחידה   </UnitQty>
      <Quantity>0.00</Quantity>
      <UnitOfMeasure>יחידה   </UnitOfMeasure>
      <bIsWeighted>0</bIsWeighted>
      <QtyInPackage>לא ידוע</QtyInPackage>
      <ItemPrice>10.00</ItemPrice>
      <UnitOfMeasurePrice>0.0000</UnitOfMeasurePrice>
      <AllowDiscount>1</AllowDiscount>
      <ItemStatus>1</ItemStatus>
      <ItemId>247127</ItemId>
    </Item>
    <Item>
      <PriceUpdateDate>2025-08-18 09:16:49</PriceUpdateDate>
      <ItemCode>7290004725846</ItemCode>
      <ItemType>1</ItemType>
      <ItemName>גאודה חריץ במשקל תנו</ItemName>
      <ManufacturerName>לא ידוע</ManufacturerName>
      <ManufactureCountry>ישראל</ManufactureCountry>
      <ManufacturerItemDescription>גאודה חריץ במשקל תנו</ManufacturerItemDescription>
      <UnitQty>קילוגרמים</UnitQty>
      <Quantity>1.00</Quantity>
      <UnitOfMeasure>ק"ג</UnitOfMeasure>
      <bIsWeighted>1</bIsWeighted>
      <QtyInPackage>לא ידוע</QtyInPackage>
      <ItemPrice>105.00</ItemPrice>
      <UnitOfMeasurePrice>105.0000</UnitOfMeasurePrice>
      <AllowDiscount>1</AllowDiscount>
      <ItemStatus>1</ItemStatus>
      <ItemId>234765</ItemId>
    </Item>
    <Item>
      <PriceUpdateDate>2025-06-03 09:38:20</PriceUpdateDate>
      <ItemCode>7290001455937</ItemCode>
      <ItemType>1</ItemType>
      <ItemName>אנטריקוט טרי</ItemName>
      <ManufacturerName>לא ידוע</ManufacturerName>
      <ManufactureCountry>ישראל</ManufactureCountry>
      <ManufacturerItemDescription>אנטריקוט טרי</ManufacturerItemDescription>
      <UnitQty>קילוגרמים</UnitQty>
      <Quantity>1.00</Quantity>
      <UnitOfMeasure>ק"ג</UnitOfMeasure>
      <bIsWeighted>1</bIsWeighted>
      <QtyInPackage>לא ידוע</QtyInPackage>
      <ItemPrice>149.90</ItemPrice>
      <UnitOfMeasurePrice>149.9000</UnitOfMeasurePrice>
      <AllowDiscount>1</AllowDiscount>
      <ItemStatus>1</ItemStatus>
      <ItemId>234944</ItemId>
    </Item>
    <Item>
      <PriceUpdateDate>2024-08-11 09:15:06</PriceUpdateDate>
      <ItemCode>7290003287796</ItemCode>
      <ItemType>1</ItemType>
      <ItemName>סינטה טרי</ItemName>
      <ManufacturerName>לא ידוע</ManufacturerName>
      <ManufactureCountry>לא ידוע</ManufactureCountry>
      <ManufacturerItemDescription>סינטה טרי</ManufacturerItemDescription>
      <UnitQty>קילוגרמים</UnitQty>
      <Quantity>1.00</Quantity>
      <UnitOfMeasure>ק"ג</UnitOfMeasure>
      <bIsWeighted>1</bIsWeighted>
      <QtyInPackage>לא ידוע</QtyInPackage>
      <ItemPrice>159.00</ItemPrice>
      <UnitOfMeasurePrice>159.0000</UnitOfMeasurePrice>
      <AllowDiscount>1</AllowDiscount>
      <ItemStatus>1</ItemStatus>
      <ItemId>234945</ItemId>
    </Item>
    <Item>
      <PriceUpdateDate>2025-06-03 09:38:23</PriceUpdateDate>
      <ItemCode>7290004456283</ItemCode>
      <ItemType>1</ItemType>
      <ItemName>אנטריקוט טרי</ItemName>
      <ManufacturerName>לא ידוע</ManufacturerName>
      <ManufactureCountry>ישראל</ManufactureCountry>
      <ManufacturerItemDescription>אנטריקוט טרי</ManufacturerItemDescription>
      <UnitQty>קילוגרמים</UnitQty>
      <Quantity>1.00</Quantity>
      <UnitOfMeasure>ק"ג</UnitOfMeasure>
      <bIsWeighted>1</bIsWeighted>
      <QtyInPackage>לא ידוע</QtyInPackage>
      <ItemPrice>149.90</ItemPrice>
      <UnitOfMeasurePrice>149.9000</UnitOfMeasurePrice>
      <AllowDiscount>1</AllowDiscount>
      <ItemStatus>1</ItemStatus>
      <ItemId>234946</ItemId>
    </Item>
    <Item>
      <PriceUpdateDate>2025-08-31 08:43:51</PriceUpdateDate>
      <ItemCode>7290013542847</ItemCode>
      <ItemType>1</ItemType>
      <ItemName>כוס בירה 500CC אר 40</ItemName>
      <ManufacturerName>לא ידוע</ManufacturerName>
      <ManufactureCountry>לא ידוע</ManufactureCountry>
      <ManufacturerItemDescription>כוס בירה 500CC אר 40</ManufacturerItemDescription>
      <UnitQty>יחידה   </UnitQty>
      <Quantity>0.00</Quantity>
      <UnitOfMeasure>יחידה   </UnitOfMeasure>
      <bIsWeighted>0</bIsWeighted>
      <QtyInPackage>לא ידוע</QtyInPackage>
      <ItemPrice>12.90</ItemPrice>
      <UnitOfMeasurePrice>0.0000</UnitOfMeasurePrice>
      <AllowDiscount>1</AllowDiscount>
      <ItemStatus>1</ItemStatus>
      <ItemId>235060</ItemId>
    </Item>
    <Item>
      <PriceUpdateDate>2025-08-19 08:23:40</PriceUpdateDate>
      <ItemCode>4823077633317</ItemCode>
      <ItemType>1</ItemType>
      <ItemName>עוגיות לוויטה שוקולד</ItemName>
      <ManufacturerName>לא ידוע</ManufacturerName>
      <ManufactureCountry>לא ידוע</ManufactureCountry>
      <ManufacturerItemDescription>עוגיות לוויטה שוקולד</ManufacturerItemDescription>
      <UnitQty>לא ידוע</UnitQty>
      <Quantity>150.00</Quantity>
      <UnitOfMeasure>לא ידוע</UnitOfMeasure>
      <bIsWeighted>0</bIsWeighted>
      <QtyInPackage>לא ידוע</QtyInPackage>
      <ItemPrice>9.90</ItemPrice>
      <UnitOfMeasurePrice>0.0660</UnitOfMeasurePrice>
      <AllowDiscount>1</AllowDiscount>
      <ItemStatus>1</ItemStatus>
      <ItemId>235061</ItemId>
    </Item>
    <Item>
      <PriceUpdateDate>2025-09-08 07:54:31</PriceUpdateDate>
      <ItemCode>7290017870625</ItemCode>
      <ItemType>1</ItemType>
      <ItemName>כוס יהלום 250 מ"ל אר</ItemName>
      <ManufacturerName>לא ידוע</ManufacturerName>
      <ManufactureCountry>לא ידוע</ManufactureCountry>
      <ManufacturerItemDescription>כוס יהלום 250 מ"ל אר</ManufacturerItemDescription>
      <UnitQty>יחידה   </UnitQty>
      <Quantity>0.00</Quantity>
      <UnitOfMeasure>יחידה   </UnitOfMeasure>
      <bIsWeighted>0</bIsWeighted>
      <QtyInPackage>לא ידוע</QtyInPackage>
      <ItemPrice>12.90</ItemPrice>
      <UnitOfMeasurePrice>0.0000</UnitOfMeasurePrice>
      <AllowDiscount>1</AllowDiscount>
      <ItemStatus>1</ItemStatus>
      <ItemId>235067</ItemId>
    </Item>
    <Item>
      <PriceUpdateDate>2025-04-20 08:20:18</PriceUpdateDate>
      <ItemCode>4823077602863</ItemCode>
      <ItemType>1</ItemType>
      <ItemName>סוכריות ג'לי רושן "ק</ItemName>
      <ManufacturerName>לא ידוע</ManufacturerName>
      <ManufactureCountry>לא ידוע</ManufactureCountry>
      <ManufacturerItemDescription>סוכריות ג'לי רושן "ק</ManufacturerItemDescription>
      <UnitQty>לא ידוע</UnitQty>
      <Quantity>200.00</Quantity>
      <UnitOfMeasure>לא ידוע</UnitOfMeasure>
      <bIsWeighted>0</bIsWeighted>
      <QtyInPackage>לא ידוע</QtyInPackage>
      <ItemPrice>9.90</ItemPrice>
      <UnitOfMeasurePrice>0.0495</UnitOfMeasurePrice>
      <AllowDiscount>1</AllowDiscount>
      <ItemStatus>1</ItemStatus>
      <ItemId>235068</ItemId>
    </Item>
    <Item>
      <PriceUpdateDate>2024-12-31 12:09:30</PriceUpdateDate>
      <ItemCode>7290000136677</ItemCode>
      <ItemType>1</ItemType>
      <ItemName>פפסי קולה 1.5 ליטר</ItemName>
      <ManufacturerName>לא ידוע</ManufacturerName>
      <ManufactureCountry>לא ידוע</ManufactureCountry>
      <ManufacturerItemDescription>פפסי קולה 1.5 ליטר</ManufacturerItemDescription>
      <UnitQty>לא ידוע</UnitQty>
      <Quantity>1500.00</Quantity>
      <UnitOfMeasure>לא ידוע</UnitOfMeasure>
      <bIsWeighted>0</bIsWeighted>
      <QtyInPackage>לא ידוע</QtyInPackage>
      <ItemPrice>7.90</ItemPrice>
      <UnitOfMeasurePrice>0.0053</UnitOfMeasurePrice>
      <AllowDiscount>1</AllowDiscount>
      <ItemStatus>1</ItemStatus>
      <ItemId>237422</ItemId>
    </Item>
    <Item>
      <PriceUpdateDate>2025-09-03 13:38:04</PriceUpdateDate>
      <ItemCode>7290115670561</ItemCode>
      <ItemType>1</ItemType>
      <ItemName>ממרחית בטעם חלב בד"צ</ItemName>
      <ManufacturerName>לא ידוע</ManufacturerName>
      <ManufactureCountry>לא ידוע</ManufactureCountry>
      <ManufacturerItemDescription>ממרחית בטעם חלב בד"צ</ManufacturerItemDescription>
      <UnitQty>לא ידוע</UnitQty>
      <Quantity>500.00</Quantity>
      <UnitOfMeasure>לא ידוע</UnitOfMeasure>
      <bIsWeighted>0</bIsWeighted>
      <QtyInPackage>לא ידוע</QtyInPackage>
      <ItemPrice>18.90</ItemPrice>
      <UnitOfMeasurePrice>0.0378</UnitOfMeasurePrice>
      <AllowDiscount>1</AllowDiscount>
      <ItemStatus>1</ItemStatus>
      <ItemId>235154</ItemId>
    </Item>
    <Item>
      <PriceUpdateDate>2025-09-03 07:19:42</PriceUpdateDate>
      <ItemCode>7290018652015</ItemCode>
      <ItemType>1</ItemType>
      <ItemName>סופרולר</ItemName>
      <ManufacturerName>לא ידוע</ManufacturerName>
      <ManufactureCountry>לא ידוע</ManufactureCountry>
      <ManufacturerItemDescription>סופרולר</ManufacturerItemDescription>
      <UnitQty>יחידה   </UnitQty>
      <Quantity>0.00</Quantity>
      <UnitOfMeasure>יחידה   </UnitOfMeasure>
      <bIsWeighted>0</bIsWeighted>
      <QtyInPackage>לא ידוע</QtyInPackage>
      <ItemPrice>10.90</ItemPrice>
      <UnitOfMeasurePrice>0.0000</UnitOfMeasurePrice>
      <AllowDiscount>1</AllowDiscount>
      <ItemStatus>1</ItemStatus>
      <ItemId>235161</ItemId>
    </Item>
    <Item>
      <PriceUpdateDate>2025-09-03 16:19:18</PriceUpdateDate>
      <ItemCode>5904941751975</ItemCode>
      <ItemType>1</ItemType>
      <ItemName>בלו דיי ענבים 250 מ"</ItemName>
      <ManufacturerName>לא ידוע</ManufacturerName>
      <ManufactureCountry>לא ידוע</ManufactureCountry>
      <ManufacturerItemDescription>בלו דיי ענבים 250 מ"</ManufacturerItemDescription>
      <UnitQty>לא ידוע</UnitQty>
      <Quantity>250.00</Quantity>
      <UnitOfMeasure>לא ידוע</UnitOfMeasure>
      <bIsWeighted>0</bIsWeighted>
      <QtyInPackage>לא ידוע</QtyInPackage>
      <ItemPrice>5.90</ItemPrice>
      <UnitOfMeasurePrice>0.0236</UnitOfMeasurePrice>
      <AllowDiscount>1</AllowDiscount>
      <ItemStatus>1</ItemStatus>
      <ItemId>235256</ItemId>
    </Item>
    <Item>
      <PriceUpdateDate>2022-02-23 12:52:03</PriceUpdateDate>
      <ItemCode>7290004239893</ItemCode>
      <ItemType>1</ItemType>
      <ItemName>סטייק דנוור טרי</ItemName>
      <ManufacturerName>לא ידוע</ManufacturerName>
      <ManufactureCountry>לא ידוע</ManufactureCountry>
      <ManufacturerItemDescription>סטייק דנוור טרי</ManufacturerItemDescription>
      <UnitQty>קילוגרמים</UnitQty>
      <Quantity>1.00</Quantity>
      <UnitOfMeasure>ק"ג</UnitOfMeasure>
      <bIsWeighted>1</bIsWeighted>
      <QtyInPackage>לא ידוע</QtyInPackage>
      <ItemPrice>99.00</ItemPrice>
      <UnitOfMeasurePrice>99.0000</UnitOfMeasurePrice>
      <AllowDiscount>1</AllowDiscount>
      <ItemStatus>1</ItemStatus>
      <ItemId>235488</ItemId>
    </Item>
    <Item>
      <PriceUpdateDate>2024-10-30 07:53:16</PriceUpdateDate>
      <ItemCode>7290004364540</ItemCode>
      <ItemType>1</ItemType>
      <ItemName>איירון פלאט סטייק</ItemName>
      <ManufacturerName>לא ידוע</ManufacturerName>
      <ManufactureCountry>לא ידוע</ManufactureCountry>
      <ManufacturerItemDescription>איירון פלאט סטייק</ManufacturerItemDescription>
      <UnitQty>קילוגרמים</UnitQty>
      <Quantity>1.00</Quantity>
      <UnitOfMeasure>ק"ג</UnitOfMeasure>
      <bIsWeighted>1</bIsWeighted>
      <QtyInPackage>לא ידוע</QtyInPackage>
      <ItemPrice>159.00</ItemPrice>
      <UnitOfMeasurePrice>159.0000</UnitOfMeasurePrice>
      <AllowDiscount>1</AllowDiscount>
      <ItemStatus>1</ItemStatus>
      <ItemId>235492</ItemId>
    </Item>
    <Item>
      <PriceUpdateDate>2025-08-24 11:42:52</PriceUpdateDate>
      <ItemCode>651080647519</ItemCode>
      <ItemType>1</ItemType>
      <ItemName>פלאקרס "פלוסר" חוט ד</ItemName>
      <ManufacturerName>לא ידוע</ManufacturerName>
      <ManufactureCountry>לא ידוע</ManufactureCountry>
      <ManufacturerItemDescription>פלאקרס "פלוסר" חוט ד</ManufacturerItemDescription>
      <UnitQty>יחידה   </UnitQty>
      <Quantity>0.00</Quantity>
      <UnitOfMeasure>יחידה   </UnitOfMeasure>
      <bIsWeighted>0</bIsWeighted>
      <QtyInPackage>לא ידוע</QtyInPackage>
      <ItemPrice>12.90</ItemPrice>
      <UnitOfMeasurePrice>0.0000</UnitOfMeasurePrice>
      <AllowDiscount>1</AllowDiscount>
      <ItemStatus>1</ItemStatus>
      <ItemId>235550</ItemId>
    </Item>
    <Item>
      <PriceUpdateDate>2025-09-08 07:55:36</PriceUpdateDate>
      <ItemCode>7290017871950</ItemCode>
      <ItemType>1</ItemType>
      <ItemName>מגבוני נייר טואלט פר</ItemName>
      <ManufacturerName>לא ידוע</ManufacturerName>
      <ManufactureCountry>לא ידוע</ManufactureCountry>
      <ManufacturerItemDescription>מגבוני נייר טואלט פר</ManufacturerItemDescription>
      <UnitQty>יחידה   </UnitQty>
      <Quantity>0.00</Quantity>
      <UnitOfMeasure>יחידה   </UnitOfMeasure>
      <bIsWeighted>0</bIsWeighted>
      <QtyInPackage>לא ידוע</QtyInPackage>
      <ItemPrice>16.90</ItemPrice>
      <UnitOfMeasurePrice>0.0000</UnitOfMeasurePrice>
      <AllowDiscount>1</AllowDiscount>
      <ItemStatus>1</ItemStatus>
      <ItemId>235551</ItemId>
    </Item>
    <Item>
      <PriceUpdateDate>2025-04-20 07:41:59</PriceUpdateDate>
      <ItemCode>7622300315283</ItemCode>
      <ItemType>1</ItemType>
      <ItemName>אוראו וניל בד"ץ 154</ItemName>
      <ManufacturerName>לא ידוע</ManufacturerName>
      <ManufactureCountry>לא ידוע</ManufactureCountry>
      <ManufacturerItemDescription>אוראו וניל בד"ץ 154</ManufacturerItemDescription>
      <UnitQty>לא ידוע</UnitQty>
      <Quantity>154.00</Quantity>
      <UnitOfMeasure>לא ידוע</UnitOfMeasure>
      <bIsWeighted>0</bIsWeighted>
      <QtyInPackage>לא ידוע</QtyInPackage>
      <ItemPrice>8.90</ItemPrice>
      <UnitOfMeasurePrice>0.0578</UnitOfMeasurePrice>
      <AllowDiscount>1</AllowDiscount>
      <ItemStatus>1</ItemStatus>
      <ItemId>235561</ItemId>
    </Item>
    <Item>
      <PriceUpdateDate>2025-12-05 12:04:21</PriceUpdateDate>
      <ItemCode>7622201809188</ItemCode>
      <ItemType>1</ItemType>
      <ItemName>מילקה ביסקוויט 150גר</ItemName>
      <ManufacturerName>לא ידוע</ManufacturerName>
      <ManufactureCountry>לא ידוע</ManufactureCountry>
      <ManufacturerItemDescription>מילקה ביסקוויט 150גר</ManufacturerItemDescription>
      <UnitQty>לא ידוע</UnitQty>
      <Quantity>150.00</Quantity>
      <UnitOfMeasure>לא ידוע</UnitOfMeasure>
      <bIsWeighted>0</bIsWeighted>
      <QtyInPackage>לא ידוע</QtyInPackage>
      <ItemPrice>17.90</ItemPrice>
      <UnitOfMeasurePrice>0.1193</UnitOfMeasurePrice>
      <AllowDiscount>1</AllowDiscount>
      <ItemStatus>1</ItemStatus>
      <ItemId>235568</ItemId>
    </Item>
    <Item>
      <PriceUpdateDate>2025-08-26 11:21:32</PriceUpdateDate>
      <ItemCode>7290110327514</ItemCode>
      <ItemType>1</ItemType>
      <ItemName>משקה שיבולת שועל בטע</ItemName>
      <ManufacturerName>לא ידוע</ManufacturerName>
      <ManufactureCountry>ישראל</ManufactureCountry>
      <ManufacturerItemDescription>משקה שיבולת שועל בטע</ManufacturerItemDescription>
      <UnitQty>לא ידוע</UnitQty>
      <Quantity>1000.00</Quantity>
      <UnitOfMeasure>לא ידוע</UnitOfMeasure>
      <bIsWeighted>0</bIsWeighted>
      <QtyInPackage>לא ידוע</QtyInPackage>
      <ItemPrice>14.90</ItemPrice>
      <UnitOfMeasurePrice>0.0149</UnitOfMeasurePrice>
      <AllowDiscount>1</AllowDiscount>
      <ItemStatus>1</ItemStatus>
      <ItemId>235577</ItemId>
    </Item>
    <Item>
      <PriceUpdateDate>2025-02-13 07:33:50</PriceUpdateDate>
      <ItemCode>7290115678376</ItemCode>
      <ItemType>1</ItemType>
      <ItemName>מעדן הגולן שוקולד 12</ItemName>
      <ManufacturerName>קריות זול</ManufacturerName>
      <ManufactureCountry>לא ידוע</ManufactureCountry>
      <ManufacturerItemDescription>מעדן הגולן שוקולד 12</ManufacturerItemDescription>
      <UnitQty>לא ידוע</UnitQty>
      <Quantity>125.00</Quantity>
      <UnitOfMeasure>לא ידוע</UnitOfMeasure>
      <bIsWeighted>0</bIsWeighted>
      <QtyInPackage>לא ידוע</QtyInPackage>
      <ItemPrice>3.50</ItemPrice>
      <UnitOfMeasurePrice>0.0280</UnitOfMeasurePrice>
      <AllowDiscount>1</AllowDiscount>
      <ItemStatus>1</ItemStatus>
      <ItemId>235633</ItemId>
    </Item>
    <Item>
      <PriceUpdateDate>2025-02-13 07:33:50</PriceUpdateDate>
      <ItemCode>7290115678383</ItemCode>
      <ItemType>1</ItemType>
      <ItemName>מעדן הגולן שוקולד מר</ItemName>
      <ManufacturerName>קריות זול</ManufacturerName>
      <ManufactureCountry>לא ידוע</ManufactureCountry>
      <ManufacturerItemDescription>מעדן הגולן שוקולד מר</ManufacturerItemDescription>
      <UnitQty>לא ידוע</UnitQty>
      <Quantity>125.00</Quantity>
      <UnitOfMeasure>לא ידוע</UnitOfMeasure>
      <bIsWeighted>0</bIsWeighted>
      <QtyInPackage>לא ידוע</QtyInPackage>
      <ItemPrice>3.50</ItemPrice>
      <UnitOfMeasurePrice>0.0280</UnitOfMeasurePrice>
      <AllowDiscount>1</AllowDiscount>
      <ItemStatus>1</ItemStatus>
      <ItemId>235634</ItemId>
    </Item>
    <Item>
      <PriceUpdateDate>2025-09-03 13:38:07</PriceUpdateDate>
      <ItemCode>7290115671339</ItemCode>
      <ItemType>1</ItemType>
      <ItemName>מיני פינוקיות בראוני</ItemName>
      <ManufacturerName>לא ידוע</ManufacturerName>
      <ManufactureCountry>לא ידוע</ManufactureCountry>
      <ManufacturerItemDescription>מיני פינוקיות בראוני</ManufacturerItemDescription>
      <UnitQty>לא ידוע</UnitQty>
      <Quantity>180.00</Quantity>
      <UnitOfMeasure>לא ידוע</UnitOfMeasure>
      <bIsWeighted>0</bIsWeighted>
      <QtyInPackage>לא ידוע</QtyInPackage>
      <ItemPrice>15.90</ItemPrice>
      <UnitOfMeasurePrice>0.0883</UnitOfMeasurePrice>
      <AllowDiscount>1</AllowDiscount>
      <ItemStatus>1</ItemStatus>
      <ItemId>235640</ItemId>
    </Item>
    <Item>
      <PriceUpdateDate>2024-12-15 09:54:03</PriceUpdateDate>
      <ItemCode>6934931272028</ItemCode>
      <ItemType>1</ItemType>
      <ItemName>כף אשפה שקוף מתקפל</ItemName>
      <ManufacturerName>לא ידוע</ManufacturerName>
      <ManufactureCountry>לא ידוע</ManufactureCountry>
      <ManufacturerItemDescription>כף אשפה שקוף מתקפל</ManufacturerItemDescription>
      <UnitQty>יחידה   </UnitQty>
      <Quantity>0.00</Quantity>
      <UnitOfMeasure>יחידה   </UnitOfMeasure>
      <bIsWeighted>0</bIsWeighted>
      <QtyInPackage>לא ידוע</QtyInPackage>
      <ItemPrice>21.90</ItemPrice>
      <UnitOfMeasurePrice>0.0000</UnitOfMeasurePrice>
      <AllowDiscount>1</AllowDiscount>
      <ItemStatus>1</ItemStatus>
      <ItemId>235650</ItemId>
    </Item>
    <Item>
      <PriceUpdateDate>2025-11-02 11:20:21</PriceUpdateDate>
      <ItemCode>7290108358742</ItemCode>
      <ItemType>1</ItemType>
      <ItemName>ג'ל כביסה+מרכך בניחו</ItemName>
      <ManufacturerName>לא ידוע</ManufacturerName>
      <ManufactureCountry>לא ידוע</ManufactureCountry>
      <ManufacturerItemDescription>ג'ל כביסה+מרכך בניחו</ManufacturerItemDescription>
      <UnitQty>לא ידוע</UnitQty>
      <Quantity>2000.00</Quantity>
      <UnitOfMeasure>לא ידוע</UnitOfMeasure>
      <bIsWeighted>0</bIsWeighted>
      <QtyInPackage>לא ידוע</QtyInPackage>
      <ItemPrice>41.90</ItemPrice>
      <UnitOfMeasurePrice>0.0209</UnitOfMeasurePrice>
      <AllowDiscount>1</AllowDiscount>
      <ItemStatus>1</ItemStatus>
      <ItemId>256287</ItemId>
    </Item>
    <Item>
      <PriceUpdateDate>2025-10-27 14:50:20</PriceUpdateDate>
      <ItemCode>7290108358766</ItemCode>
      <ItemType>1</ItemType>
      <ItemName>מרכך כביסה מרוכז מקס</ItemName>
      <ManufacturerName>לא ידוע</ManufacturerName>
      <ManufactureCountry>לא ידוע</ManufactureCountry>
      <ManufacturerItemDescription>מרכך כביסה מרוכז מקס</ManufacturerItemDescription>
      <UnitQty>לא ידוע</UnitQty>
      <Quantity>1000.00</Quantity>
      <UnitOfMeasure>לא ידוע</UnitOfMeasure>
      <bIsWeighted>0</bIsWeighted>
      <QtyInPackage>לא ידוע</QtyInPackage>
      <ItemPrice>19.90</ItemPrice>
      <UnitOfMeasurePrice>0.0199</UnitOfMeasurePrice>
      <AllowDiscount>1</AllowDiscount>
      <ItemStatus>1</ItemStatus>
      <ItemId>256252</ItemId>
    </Item>
    <Item>
      <PriceUpdateDate>2025-09-04 13:46:43</PriceUpdateDate>
      <ItemCode>9000101509151</ItemCode>
      <ItemType>1</ItemType>
      <ItemName>ברף בריליאנט ג'ל אוק</ItemName>
      <ManufacturerName>לא ידוע</ManufacturerName>
      <ManufactureCountry>לא ידוע</ManufactureCountry>
      <ManufacturerItemDescription>ברף בריליאנט ג'ל אוק</ManufacturerItemDescription>
      <UnitQty>יחידה   </UnitQty>
      <Quantity>0.00</Quantity>
      <UnitOfMeasure>יחידה   </UnitOfMeasure>
      <bIsWeighted>0</bIsWeighted>
      <QtyInPackage>לא ידוע</QtyInPackage>
      <ItemPrice>22.90</ItemPrice>
      <UnitOfMeasurePrice>0.0000</UnitOfMeasurePrice>
      <AllowDiscount>1</AllowDiscount>
      <ItemStatus>1</ItemStatus>
      <ItemId>239798</ItemId>
    </Item>
    <Item>
      <PriceUpdateDate>2025-08-11 13:32:55</PriceUpdateDate>
      <ItemCode>7290104859779</ItemCode>
      <ItemType>1</ItemType>
      <ItemName>כוסות בירה 330 מ"ל 4</ItemName>
      <ManufacturerName>לא ידוע</ManufacturerName>
      <ManufactureCountry>לא ידוע</ManufactureCountry>
      <ManufacturerItemDescription>כוסות בירה 330 מ"ל 4</ManufacturerItemDescription>
      <UnitQty>יחידה   </UnitQty>
      <Quantity>0.00</Quantity>
      <UnitOfMeasure>יחידה   </UnitOfMeasure>
      <bIsWeighted>0</bIsWeighted>
      <QtyInPackage>לא ידוע</QtyInPackage>
      <ItemPrice>7.90</ItemPrice>
      <UnitOfMeasurePrice>0.0000</UnitOfMeasurePrice>
      <AllowDiscount>1</AllowDiscount>
      <ItemStatus>1</ItemStatus>
      <ItemId>255486</ItemId>
    </Item>
    <Item>
      <PriceUpdateDate>2025-08-31 10:22:19</PriceUpdateDate>
      <ItemCode>7290119376308</ItemCode>
      <ItemType>1</ItemType>
      <ItemName>שוקולית מאגדת מנות א</ItemName>
      <ManufacturerName>לא ידוע</ManufacturerName>
      <ManufactureCountry>לא ידוע</ManufactureCountry>
      <ManufacturerItemDescription>שוקולית מאגדת מנות א</ManufacturerItemDescription>
      <UnitQty>לא ידוע</UnitQty>
      <Quantity>216.00</Quantity>
      <UnitOfMeasure>לא ידוע</UnitOfMeasure>
      <bIsWeighted>0</bIsWeighted>
      <QtyInPackage>לא ידוע</QtyInPackage>
      <ItemPrice>16.90</ItemPrice>
      <UnitOfMeasurePrice>0.0782</UnitOfMeasurePrice>
      <AllowDiscount>1</AllowDiscount>
      <ItemStatus>1</ItemStatus>
      <ItemId>249315</ItemId>
    </Item>
    <Item>
      <PriceUpdateDate>2025-08-26 16:05:31</PriceUpdateDate>
      <ItemCode>7290115206173</ItemCode>
      <ItemType>1</ItemType>
      <ItemName>פתי בר קרמל אסם 500</ItemName>
      <ManufacturerName>לא ידוע</ManufacturerName>
      <ManufactureCountry>לא ידוע</ManufactureCountry>
      <ManufacturerItemDescription>פתי בר קרמל אסם 500</ManufacturerItemDescription>
      <UnitQty>לא ידוע</UnitQty>
      <Quantity>500.00</Quantity>
      <UnitOfMeasure>לא ידוע</UnitOfMeasure>
      <bIsWeighted>0</bIsWeighted>
      <QtyInPackage>לא ידוע</QtyInPackage>
      <ItemPrice>16.90</ItemPrice>
      <UnitOfMeasurePrice>0.0338</UnitOfMeasurePrice>
      <AllowDiscount>1</AllowDiscount>
      <ItemStatus>1</ItemStatus>
      <ItemId>235690</ItemId>
    </Item>
    <Item>
      <PriceUpdateDate>2021-12-28 14:43:30</PriceUpdateDate>
      <ItemCode>7290113790049</ItemCode>
      <ItemType>1</ItemType>
      <ItemName>מארז 3 נורה 10 וואט</ItemName>
      <ManufacturerName>לא ידוע</ManufacturerName>
      <ManufactureCountry>לא ידוע</ManufactureCountry>
      <ManufacturerItemDescription>מארז 3 נורה 10 וואט</ManufacturerItemDescription>
      <UnitQty>יחידה   </UnitQty>
      <Quantity>0.00</Quantity>
      <UnitOfMeasure>יחידה   </UnitOfMeasure>
      <bIsWeighted>0</bIsWeighted>
      <QtyInPackage>לא ידוע</QtyInPackage>
      <ItemPrice>19.90</ItemPrice>
      <UnitOfMeasurePrice>0.0000</UnitOfMeasurePrice>
      <AllowDiscount>1</AllowDiscount>
      <ItemStatus>1</ItemStatus>
      <ItemId>237231</ItemId>
    </Item>
    <Item>
      <PriceUpdateDate>2025-08-19 08:30:36</PriceUpdateDate>
      <ItemCode>4810168047351</ItemCode>
      <ItemType>1</ItemType>
      <ItemName>בצק עלים מרודד 450גר</ItemName>
      <ManufacturerName>לא ידוע</ManufacturerName>
      <ManufactureCountry>לא ידוע</ManufactureCountry>
      <ManufacturerItemDescription>בצק עלים מרודד 450גר</ManufacturerItemDescription>
      <UnitQty>לא ידוע</UnitQty>
      <Quantity>450.00</Quantity>
      <UnitOfMeasure>לא ידוע</UnitOfMeasure>
      <bIsWeighted>0</bIsWeighted>
      <QtyInPackage>לא ידוע</QtyInPackage>
      <ItemPrice>11.90</ItemPrice>
      <UnitOfMeasurePrice>0.0264</UnitOfMeasurePrice>
      <AllowDiscount>1</AllowDiscount>
      <ItemStatus>1</ItemStatus>
      <ItemId>235753</ItemId>
    </Item>
    <Item>
      <PriceUpdateDate>2025-09-07 08:05:41</PriceUpdateDate>
      <ItemCode>7290113196339</ItemCode>
      <ItemType>1</ItemType>
      <ItemName>מלפפונים קורנישונים</ItemName>
      <ManufacturerName>לא ידוע</ManufacturerName>
      <ManufactureCountry>לא ידוע</ManufactureCountry>
      <ManufacturerItemDescription>מלפפונים קורנישונים</ManufacturerItemDescription>
      <UnitQty>יחידה   </UnitQty>
      <Quantity>0.00</Quantity>
      <UnitOfMeasure>יחידה   </UnitOfMeasure>
      <bIsWeighted>0</bIsWeighted>
      <QtyInPackage>לא ידוע</QtyInPackage>
      <ItemPrice>14.90</ItemPrice>
      <UnitOfMeasurePrice>0.0000</UnitOfMeasurePrice>
      <AllowDiscount>1</AllowDiscount>
      <ItemStatus>1</ItemStatus>
      <ItemId>235784</ItemId>
    </Item>
    <Item>
      <PriceUpdateDate>2025-08-21 11:23:37</PriceUpdateDate>
      <ItemCode>7290017142388</ItemCode>
      <ItemType>1</ItemType>
      <ItemName>שמן חמניות פלוס 1 לי</ItemName>
      <ManufacturerName>לא ידוע</ManufacturerName>
      <ManufactureCountry>לא ידוע</ManufactureCountry>
      <ManufacturerItemDescription>שמן חמניות פלוס 1 לי</ManufacturerItemDescription>
      <UnitQty>ליטרים</UnitQty>
      <Quantity>1.00</Quantity>
      <UnitOfMeasure>ליטר    </UnitOfMeasure>
      <bIsWeighted>0</bIsWeighted>
      <QtyInPackage>לא ידוע</QtyInPackage>
      <ItemPrice>19.90</ItemPrice>
      <UnitOfMeasurePrice>19.9000</UnitOfMeasurePrice>
      <AllowDiscount>1</AllowDiscount>
      <ItemStatus>1</ItemStatus>
      <ItemId>235842</ItemId>
    </Item>
    <Item>
      <PriceUpdateDate>2025-08-21 11:23:40</PriceUpdateDate>
      <ItemCode>7290017928098</ItemCode>
      <ItemType>1</ItemType>
      <ItemName>מאיר בייגל שטוחלה מל</ItemName>
      <ManufacturerName>לא ידוע</ManufacturerName>
      <ManufactureCountry>לא ידוע</ManufactureCountry>
      <ManufacturerItemDescription>מאיר בייגל שטוחלה מל</ManufacturerItemDescription>
      <UnitQty>לא ידוע</UnitQty>
      <Quantity>330.00</Quantity>
      <UnitOfMeasure>לא ידוע</UnitOfMeasure>
      <bIsWeighted>0</bIsWeighted>
      <QtyInPackage>לא ידוע</QtyInPackage>
      <ItemPrice>13.90</ItemPrice>
      <UnitOfMeasurePrice>0.0421</UnitOfMeasurePrice>
      <AllowDiscount>1</AllowDiscount>
      <ItemStatus>1</ItemStatus>
      <ItemId>235900</ItemId>
    </Item>
    <Item>
      <PriceUpdateDate>2025-09-03 11:27:51</PriceUpdateDate>
      <ItemCode>7290112498274</ItemCode>
      <ItemType>1</ItemType>
      <ItemName>פינוק סבון ידיים לבנ</ItemName>
      <ManufacturerName>לא ידוע</ManufacturerName>
      <ManufactureCountry>לא ידוע</ManufactureCountry>
      <ManufacturerItemDescription>פינוק סבון ידיים לבנ</ManufacturerItemDescription>
      <UnitQty>לא ידוע</UnitQty>
      <Quantity>950.00</Quantity>
      <UnitOfMeasure>לא ידוע</UnitOfMeasure>
      <bIsWeighted>0</bIsWeighted>
      <QtyInPackage>לא ידוע</QtyInPackage>
      <ItemPrice>17.90</ItemPrice>
      <UnitOfMeasurePrice>0.0188</UnitOfMeasurePrice>
      <AllowDiscount>1</AllowDiscount>
      <ItemStatus>1</ItemStatus>
      <ItemId>235928</ItemId>
    </Item>
    <Item>
      <PriceUpdateDate>2025-08-26 16:05:37</PriceUpdateDate>
      <ItemCode>7290115208009</ItemCode>
      <ItemType>1</ItemType>
      <ItemName>ויטמינצ'יק ענבים 1 ל</ItemName>
      <ManufacturerName>לא ידוע</ManufacturerName>
      <ManufactureCountry>לא ידוע</ManufactureCountry>
      <ManufacturerItemDescription>ויטמינצ'יק ענבים 1 ל</ManufacturerItemDescription>
      <UnitQty>לא ידוע</UnitQty>
      <Quantity>1000.00</Quantity>
      <UnitOfMeasure>לא ידוע</UnitOfMeasure>
      <bIsWeighted>0</bIsWeighted>
      <QtyInPackage>לא ידוע</QtyInPackage>
      <ItemPrice>15.90</ItemPrice>
      <UnitOfMeasurePrice>0.0159</UnitOfMeasurePrice>
      <AllowDiscount>1</AllowDiscount>
      <ItemStatus>1</ItemStatus>
      <ItemId>237295</ItemId>
    </Item>
    <Item>
      <PriceUpdateDate>2024-12-18 13:57:34</PriceUpdateDate>
      <ItemCode>7290115679960</ItemCode>
      <ItemType>1</ItemType>
      <ItemName>ציטוס פופקורן טבעי 6</ItemName>
      <ManufacturerName>לא ידוע</ManufacturerName>
      <ManufactureCountry>לא ידוע</ManufactureCountry>
      <ManufacturerItemDescription>ציטוס פופקורן טבעי 6</ManufacturerItemDescription>
      <UnitQty>לא ידוע</UnitQty>
      <Quantity>60.00</Quantity>
      <UnitOfMeasure>לא ידוע</UnitOfMeasure>
      <bIsWeighted>0</bIsWeighted>
      <QtyInPackage>לא ידוע</QtyInPackage>
      <ItemPrice>5.50</ItemPrice>
      <UnitOfMeasurePrice>0.0917</UnitOfMeasurePrice>
      <AllowDiscount>1</AllowDiscount>
      <ItemStatus>1</ItemStatus>
      <ItemId>236015</ItemId>
    </Item>
    <Item>
      <PriceUpdateDate>2025-08-31 10:12:18</PriceUpdateDate>
      <ItemCode>7290110557102</ItemCode>
      <ItemType>1</ItemType>
      <ItemName>מעדן חלב עם שוקולד 1</ItemName>
      <ManufacturerName>לא ידוע</ManufacturerName>
      <ManufactureCountry>לא ידוע</ManufactureCountry>
      <ManufacturerItemDescription>מעדן חלב עם שוקולד 1</ManufacturerItemDescription>
      <UnitQty>לא ידוע</UnitQty>
      <Quantity>150.00</Quantity>
      <UnitOfMeasure>לא ידוע</UnitOfMeasure>
      <bIsWeighted>0</bIsWeighted>
      <QtyInPackage>לא ידוע</QtyInPackage>
      <ItemPrice>7.10</ItemPrice>
      <UnitOfMeasurePrice>0.0473</UnitOfMeasurePrice>
      <AllowDiscount>1</AllowDiscount>
      <ItemStatus>1</ItemStatus>
      <ItemId>236017</ItemId>
    </Item>
    <Item>
      <PriceUpdateDate>2025-08-20 11:37:16</PriceUpdateDate>
      <ItemCode>7290017396606</ItemCode>
      <ItemType>1</ItemType>
      <ItemName>לחמניית שמיניה מתוקה</ItemName>
      <ManufacturerName>לא ידוע</ManufacturerName>
      <ManufactureCountry>לא ידוע</ManufactureCountry>
      <ManufacturerItemDescription>לחמניית שמיניה מתוקה</ManufacturerItemDescription>
      <UnitQty>יחידה   </UnitQty>
      <Quantity>0.00</Quantity>
      <UnitOfMeasure>יחידה   </UnitOfMeasure>
      <bIsWeighted>0</bIsWeighted>
      <QtyInPackage>לא ידוע</QtyInPackage>
      <ItemPrice>19.90</ItemPrice>
      <UnitOfMeasurePrice>0.0000</UnitOfMeasurePrice>
      <AllowDiscount>1</AllowDiscount>
      <ItemStatus>1</ItemStatus>
      <ItemId>236052</ItemId>
    </Item>
    <Item>
      <PriceUpdateDate>2025-08-20 11:37:10</PriceUpdateDate>
      <ItemCode>7290017339627</ItemCode>
      <ItemType>1</ItemType>
      <ItemName>חלה בריוש כתר</ItemName>
      <ManufacturerName>לא ידוע</ManufacturerName>
      <ManufactureCountry>לא ידוע</ManufactureCountry>
      <ManufacturerItemDescription>חלה בריוש כתר</ManufacturerItemDescription>
      <UnitQty>יחידה   </UnitQty>
      <Quantity>0.00</Quantity>
      <UnitOfMeasure>יחידה   </UnitOfMeasure>
      <bIsWeighted>0</bIsWeighted>
      <QtyInPackage>לא ידוע</QtyInPackage>
      <ItemPrice>20.90</ItemPrice>
      <UnitOfMeasurePrice>0.0000</UnitOfMeasurePrice>
      <AllowDiscount>1</AllowDiscount>
      <ItemStatus>1</ItemStatus>
      <ItemId>236053</ItemId>
    </Item>
    <Item>
      <PriceUpdateDate>2025-08-20 11:37:14</PriceUpdateDate>
      <ItemCode>7290017396415</ItemCode>
      <ItemType>1</ItemType>
      <ItemName>ג'בטה דגנים</ItemName>
      <ManufacturerName>לא ידוע</ManufacturerName>
      <ManufactureCountry>לא ידוע</ManufactureCountry>
      <ManufacturerItemDescription>ג'בטה דגנים</ManufacturerItemDescription>
      <UnitQty>יחידה   </UnitQty>
      <Quantity>0.00</Quantity>
      <UnitOfMeasure>יחידה   </UnitOfMeasure>
      <bIsWeighted>0</bIsWeighted>
      <QtyInPackage>לא ידוע</QtyInPackage>
      <ItemPrice>19.90</ItemPrice>
      <UnitOfMeasurePrice>0.0000</UnitOfMeasurePrice>
      <AllowDiscount>1</AllowDiscount>
      <ItemStatus>1</ItemStatus>
      <ItemId>236055</ItemId>
    </Item>
    <Item>
      <PriceUpdateDate>2025-08-20 11:37:15</PriceUpdateDate>
      <ItemCode>7290017396439</ItemCode>
      <ItemType>1</ItemType>
      <ItemName>ג'בטה לבן</ItemName>
      <ManufacturerName>לא ידוע</ManufacturerName>
      <ManufactureCountry>לא ידוע</ManufactureCountry>
      <ManufacturerItemDescription>ג'בטה לבן</ManufacturerItemDescription>
      <UnitQty>יחידה   </UnitQty>
      <Quantity>0.00</Quantity>
      <UnitOfMeasure>יחידה   </UnitOfMeasure>
      <bIsWeighted>0</bIsWeighted>
      <QtyInPackage>לא ידוע</QtyInPackage>
      <ItemPrice>19.90</ItemPrice>
      <UnitOfMeasurePrice>0.0000</UnitOfMeasurePrice>
      <AllowDiscount>1</AllowDiscount>
      <ItemStatus>1</ItemStatus>
      <ItemId>236056</ItemId>
    </Item>
    <Item>
      <PriceUpdateDate>2025-08-31 09:58:22</PriceUpdateDate>
      <ItemCode>7290108508888</ItemCode>
      <ItemType>1</ItemType>
      <ItemName>ביסקוויט פתי בר וילי</ItemName>
      <ManufacturerName>לא ידוע</ManufacturerName>
      <ManufactureCountry>לא ידוע</ManufactureCountry>
      <ManufacturerItemDescription>ביסקוויט פתי בר וילי</ManufacturerItemDescription>
      <UnitQty>לא ידוע</UnitQty>
      <Quantity>500.00</Quantity>
      <UnitOfMeasure>לא ידוע</UnitOfMeasure>
      <bIsWeighted>0</bIsWeighted>
      <QtyInPackage>לא ידוע</QtyInPackage>
      <ItemPrice>9.90</ItemPrice>
      <UnitOfMeasurePrice>0.0198</UnitOfMeasurePrice>
      <AllowDiscount>1</AllowDiscount>
      <ItemStatus>1</ItemStatus>
      <ItemId>236110</ItemId>
    </Item>
    <Item>
      <PriceUpdateDate>2025-08-27 09:42:23</PriceUpdateDate>
      <ItemCode>7290010613052</ItemCode>
      <ItemType>1</ItemType>
      <ItemName>רצפות מרוכז סגול 2 ל</ItemName>
      <ManufacturerName>לא ידוע</ManufacturerName>
      <ManufactureCountry>לא ידוע</ManufactureCountry>
      <ManufacturerItemDescription>רצפות מרוכז סגול 2 ל</ManufacturerItemDescription>
      <UnitQty>לא ידוע</UnitQty>
      <Quantity>2000.00</Quantity>
      <UnitOfMeasure>לא ידוע</UnitOfMeasure>
      <bIsWeighted>0</bIsWeighted>
      <QtyInPackage>לא ידוע</QtyInPackage>
      <ItemPrice>18.90</ItemPrice>
      <UnitOfMeasurePrice>0.0094</UnitOfMeasurePrice>
      <AllowDiscount>1</AllowDiscount>
      <ItemStatus>1</ItemStatus>
      <ItemId>236170</ItemId>
    </Item>
    <Item>
      <PriceUpdateDate>2025-08-19 08:23:55</PriceUpdateDate>
      <ItemCode>4823077634277</ItemCode>
      <ItemType>1</ItemType>
      <ItemName>עוגיות תות שדה לוויט</ItemName>
      <ManufacturerName>לא ידוע</ManufacturerName>
      <ManufactureCountry>לא ידוע</ManufactureCountry>
      <ManufacturerItemDescription>עוגיות תות שדה לוויט</ManufacturerItemDescription>
      <UnitQty>לא ידוע</UnitQty>
      <Quantity>135.00</Quantity>
      <UnitOfMeasure>לא ידוע</UnitOfMeasure>
      <bIsWeighted>0</bIsWeighted>
      <QtyInPackage>לא ידוע</QtyInPackage>
      <ItemPrice>9.90</ItemPrice>
      <UnitOfMeasurePrice>0.0733</UnitOfMeasurePrice>
      <AllowDiscount>1</AllowDiscount>
      <ItemStatus>1</ItemStatus>
      <ItemId>236177</ItemId>
    </Item>
    <Item>
      <PriceUpdateDate>2025-08-19 08:23:51</PriceUpdateDate>
      <ItemCode>4823077634222</ItemCode>
      <ItemType>1</ItemType>
      <ItemName>עוגיות תפוז לוויטה 1</ItemName>
      <ManufacturerName>לא ידוע</ManufacturerName>
      <ManufactureCountry>לא ידוע</ManufactureCountry>
      <ManufacturerItemDescription>עוגיות תפוז לוויטה 1</ManufacturerItemDescription>
      <UnitQty>לא ידוע</UnitQty>
      <Quantity>135.00</Quantity>
      <UnitOfMeasure>לא ידוע</UnitOfMeasure>
      <bIsWeighted>0</bIsWeighted>
      <QtyInPackage>לא ידוע</QtyInPackage>
      <ItemPrice>9.90</ItemPrice>
      <UnitOfMeasurePrice>0.0733</UnitOfMeasurePrice>
      <AllowDiscount>1</AllowDiscount>
      <ItemStatus>1</ItemStatus>
      <ItemId>236178</ItemId>
    </Item>
    <Item>
      <PriceUpdateDate>2025-08-31 08:46:36</PriceUpdateDate>
      <ItemCode>7290013031556</ItemCode>
      <ItemType>1</ItemType>
      <ItemName>שמן תירס 2.5 ליטר</ItemName>
      <ManufacturerName>לא ידוע</ManufacturerName>
      <ManufactureCountry>לא ידוע</ManufactureCountry>
      <ManufacturerItemDescription>שמן תירס 2.5 ליטר</ManufacturerItemDescription>
      <UnitQty>לא ידוע</UnitQty>
      <Quantity>2500.00</Quantity>
      <UnitOfMeasure>לא ידוע</UnitOfMeasure>
      <bIsWeighted>0</bIsWeighted>
      <QtyInPackage>לא ידוע</QtyInPackage>
      <ItemPrice>33.90</ItemPrice>
      <UnitOfMeasurePrice>0.0136</UnitOfMeasurePrice>
      <AllowDiscount>1</AllowDiscount>
      <ItemStatus>1</ItemStatus>
      <ItemId>236179</ItemId>
    </Item>
    <Item>
      <PriceUpdateDate>2025-08-26 16:05:37</PriceUpdateDate>
      <ItemCode>7290115208061</ItemCode>
      <ItemType>1</ItemType>
      <ItemName>ויטמינציק תפוח 1 ליט</ItemName>
      <ManufacturerName>לא ידוע</ManufacturerName>
      <ManufactureCountry>לא ידוע</ManufactureCountry>
      <ManufacturerItemDescription>ויטמינציק תפוח 1 ליט</ManufacturerItemDescription>
      <UnitQty>לא ידוע</UnitQty>
      <Quantity>1000.00</Quantity>
      <UnitOfMeasure>לא ידוע</UnitOfMeasure>
      <bIsWeighted>0</bIsWeighted>
      <QtyInPackage>לא ידוע</QtyInPackage>
      <ItemPrice>15.90</ItemPrice>
      <UnitOfMeasurePrice>0.0159</UnitOfMeasurePrice>
      <AllowDiscount>1</AllowDiscount>
      <ItemStatus>1</ItemStatus>
      <ItemId>237296</ItemId>
    </Item>
    <Item>
      <PriceUpdateDate>2025-08-24 20:32:08</PriceUpdateDate>
      <ItemCode>7290000136653</ItemCode>
      <ItemType>1</ItemType>
      <ItemName>נשר מאלט דיאט 1.5ליט</ItemName>
      <ManufacturerName>לא ידוע</ManufacturerName>
      <ManufactureCountry>לא ידוע</ManufactureCountry>
      <ManufacturerItemDescription>נשר מאלט דיאט 1.5ליט</ManufacturerItemDescription>
      <UnitQty>לא ידוע</UnitQty>
      <Quantity>1500.00</Quantity>
      <UnitOfMeasure>לא ידוע</UnitOfMeasure>
      <bIsWeighted>0</bIsWeighted>
      <QtyInPackage>לא ידוע</QtyInPackage>
      <ItemPrice>11.50</ItemPrice>
      <UnitOfMeasurePrice>0.0077</UnitOfMeasurePrice>
      <AllowDiscount>1</AllowDiscount>
      <ItemStatus>1</ItemStatus>
      <ItemId>236809</ItemId>
    </Item>
    <Item>
      <PriceUpdateDate>2025-09-07 10:42:59</PriceUpdateDate>
      <ItemCode>7290111347252</ItemCode>
      <ItemType>1</ItemType>
      <ItemName>חיתולי האגיס אקסטרה</ItemName>
      <ManufacturerName>לא ידוע</ManufacturerName>
      <ManufactureCountry>לא ידוע</ManufactureCountry>
      <ManufacturerItemDescription>חיתולי האגיס אקסטרה</ManufacturerItemDescription>
      <UnitQty>יחידה   </UnitQty>
      <Quantity>0.00</Quantity>
      <UnitOfMeasure>יחידה   </UnitOfMeasure>
      <bIsWeighted>0</bIsWeighted>
      <QtyInPackage>לא ידוע</QtyInPackage>
      <ItemPrice>56.90</ItemPrice>
      <UnitOfMeasurePrice>0.0000</UnitOfMeasurePrice>
      <AllowDiscount>1</AllowDiscount>
      <ItemStatus>1</ItemStatus>
      <ItemId>247561</ItemId>
    </Item>
    <Item>
      <PriceUpdateDate>2025-09-03 07:19:44</PriceUpdateDate>
      <ItemCode>7290018652770</ItemCode>
      <ItemType>1</ItemType>
      <ItemName>טילון גולדה 115 גרם</ItemName>
      <ManufacturerName>לא ידוע</ManufacturerName>
      <ManufactureCountry>לא ידוע</ManufactureCountry>
      <ManufacturerItemDescription>טילון גולדה 115 גרם</ManufacturerItemDescription>
      <UnitQty>לא ידוע</UnitQty>
      <Quantity>115.00</Quantity>
      <UnitOfMeasure>לא ידוע</UnitOfMeasure>
      <bIsWeighted>0</bIsWeighted>
      <QtyInPackage>לא ידוע</QtyInPackage>
      <ItemPrice>13.90</ItemPrice>
      <UnitOfMeasurePrice>0.1209</UnitOfMeasurePrice>
      <AllowDiscount>1</AllowDiscount>
      <ItemStatus>1</ItemStatus>
      <ItemId>237594</ItemId>
    </Item>
    <Item>
      <PriceUpdateDate>2025-08-26 16:05:30</PriceUpdateDate>
      <ItemCode>7290115205176</ItemCode>
      <ItemType>1</ItemType>
      <ItemName>פיטנס קרקר דק כפרי 1</ItemName>
      <ManufacturerName>לא ידוע</ManufacturerName>
      <ManufactureCountry>לא ידוע</ManufactureCountry>
      <ManufacturerItemDescription>פיטנס קרקר דק כפרי 1</ManufacturerItemDescription>
      <UnitQty>לא ידוע</UnitQty>
      <Quantity>140.00</Quantity>
      <UnitOfMeasure>לא ידוע</UnitOfMeasure>
      <bIsWeighted>0</bIsWeighted>
      <QtyInPackage>לא ידוע</QtyInPackage>
      <ItemPrice>14.50</ItemPrice>
      <UnitOfMeasurePrice>0.1036</UnitOfMeasurePrice>
      <AllowDiscount>1</AllowDiscount>
      <ItemStatus>1</ItemStatus>
      <ItemId>236300</ItemId>
    </Item>
    <Item>
      <PriceUpdateDate>2025-08-21 10:18:29</PriceUpdateDate>
      <ItemCode>7290006376732</ItemCode>
      <ItemType>1</ItemType>
      <ItemName>שומשום 200 גרם חילדה</ItemName>
      <ManufacturerName>לא ידוע</ManufacturerName>
      <ManufactureCountry>לא ידוע</ManufactureCountry>
      <ManufacturerItemDescription>שומשום 200 גרם חילדה</ManufacturerItemDescription>
      <UnitQty>לא ידוע</UnitQty>
      <Quantity>200.00</Quantity>
      <UnitOfMeasure>לא ידוע</UnitOfMeasure>
      <bIsWeighted>0</bIsWeighted>
      <QtyInPackage>לא ידוע</QtyInPackage>
      <ItemPrice>7.90</ItemPrice>
      <UnitOfMeasurePrice>0.0395</UnitOfMeasurePrice>
      <AllowDiscount>1</AllowDiscount>
      <ItemStatus>1</ItemStatus>
      <ItemId>236317</ItemId>
    </Item>
    <Item>
      <PriceUpdateDate>2025-08-26 16:06:36</PriceUpdateDate>
      <ItemCode>8445290156136</ItemCode>
      <ItemType>1</ItemType>
      <ItemName>סטארבקס קפסולות בטעם</ItemName>
      <ManufacturerName>לא ידוע</ManufacturerName>
      <ManufactureCountry>לא ידוע</ManufactureCountry>
      <ManufacturerItemDescription>סטארבקס קפסולות בטעם</ManufacturerItemDescription>
      <UnitQty>יחידה   </UnitQty>
      <Quantity>0.00</Quantity>
      <UnitOfMeasure>יחידה   </UnitOfMeasure>
      <bIsWeighted>0</bIsWeighted>
      <QtyInPackage>לא ידוע</QtyInPackage>
      <ItemPrice>24.90</ItemPrice>
      <UnitOfMeasurePrice>0.0000</UnitOfMeasurePrice>
      <AllowDiscount>1</AllowDiscount>
      <ItemStatus>1</ItemStatus>
      <ItemId>240729</ItemId>
    </Item>
    <Item>
      <PriceUpdateDate>2025-09-08 07:58:40</PriceUpdateDate>
      <ItemCode>8718951689985</ItemCode>
      <ItemType>1</ItemType>
      <ItemName>קולגייט משחת שיניים</ItemName>
      <ManufacturerName>לא ידוע</ManufacturerName>
      <ManufactureCountry>לא ידוע</ManufactureCountry>
      <ManufacturerItemDescription>קולגייט משחת שיניים</ManufacturerItemDescription>
      <UnitQty>לא ידוע</UnitQty>
      <Quantity>100.00</Quantity>
      <UnitOfMeasure>לא ידוע</UnitOfMeasure>
      <bIsWeighted>0</bIsWeighted>
      <QtyInPackage>לא ידוע</QtyInPackage>
      <ItemPrice>21.90</ItemPrice>
      <UnitOfMeasurePrice>0.2190</UnitOfMeasurePrice>
      <AllowDiscount>1</AllowDiscount>
      <ItemStatus>1</ItemStatus>
      <ItemId>254743</ItemId>
    </Item>
    <Item>
      <PriceUpdateDate>2025-09-03 13:28:52</PriceUpdateDate>
      <ItemCode>7290119860593</ItemCode>
      <ItemType>1</ItemType>
      <ItemName>שקית סטבילו אובלטים</ItemName>
      <ManufacturerName>לא ידוע</ManufacturerName>
      <ManufactureCountry>לא ידוע</ManufactureCountry>
      <ManufacturerItemDescription>שקית סטבילו אובלטים</ManufacturerItemDescription>
      <UnitQty>לא ידוע</UnitQty>
      <Quantity>225.00</Quantity>
      <UnitOfMeasure>לא ידוע</UnitOfMeasure>
      <bIsWeighted>0</bIsWeighted>
      <QtyInPackage>לא ידוע</QtyInPackage>
      <ItemPrice>14.90</ItemPrice>
      <UnitOfMeasurePrice>0.0662</UnitOfMeasurePrice>
      <AllowDiscount>1</AllowDiscount>
      <ItemStatus>1</ItemStatus>
      <ItemId>248829</ItemId>
    </Item>
    <Item>
      <PriceUpdateDate>2025-08-26 12:48:34</PriceUpdateDate>
      <ItemCode>7290112005045</ItemCode>
      <ItemType>1</ItemType>
      <ItemName>וניש אבקה לכביסה לבנ</ItemName>
      <ManufacturerName>לא ידוע</ManufacturerName>
      <ManufactureCountry>לא ידוע</ManufactureCountry>
      <ManufacturerItemDescription>וניש אבקה לכביסה לבנ</ManufacturerItemDescription>
      <UnitQty>לא ידוע</UnitQty>
      <Quantity>480.00</Quantity>
      <UnitOfMeasure>לא ידוע</UnitOfMeasure>
      <bIsWeighted>0</bIsWeighted>
      <QtyInPackage>לא ידוע</QtyInPackage>
      <ItemPrice>22.90</ItemPrice>
      <UnitOfMeasurePrice>0.0477</UnitOfMeasurePrice>
      <AllowDiscount>1</AllowDiscount>
      <ItemStatus>1</ItemStatus>
      <ItemId>238619</ItemId>
    </Item>
    <Item>
      <PriceUpdateDate>2025-09-08 08:26:01</PriceUpdateDate>
      <ItemCode>7290002370475</ItemCode>
      <ItemType>1</ItemType>
      <ItemName>גבינה עם עובש דנהבלו</ItemName>
      <ManufacturerName>לא ידוע</ManufacturerName>
      <ManufactureCountry>ספרד</ManufactureCountry>
      <ManufacturerItemDescription>גבינה עם עובש דנהבלו</ManufacturerItemDescription>
      <UnitQty>קילוגרמים</UnitQty>
      <Quantity>1.00</Quantity>
      <UnitOfMeasure>ק"ג</UnitOfMeasure>
      <bIsWeighted>1</bIsWeighted>
      <QtyInPackage>לא ידוע</QtyInPackage>
      <ItemPrice>105.00</ItemPrice>
      <UnitOfMeasurePrice>105.0000</UnitOfMeasurePrice>
      <AllowDiscount>1</AllowDiscount>
      <ItemStatus>1</ItemStatus>
      <ItemId>236341</ItemId>
    </Item>
    <Item>
      <PriceUpdateDate>2025-08-20 12:24:35</PriceUpdateDate>
      <ItemCode>7290002065555</ItemCode>
      <ItemType>1</ItemType>
      <ItemName>לחמניות בשקית 6יח 45</ItemName>
      <ManufacturerName>לא ידוע</ManufacturerName>
      <ManufactureCountry>לא ידוע</ManufactureCountry>
      <ManufacturerItemDescription>לחמניות בשקית 6יח 45</ManufacturerItemDescription>
      <UnitQty>לא ידוע</UnitQty>
      <Quantity>750.00</Quantity>
      <UnitOfMeasure>לא ידוע</UnitOfMeasure>
      <bIsWeighted>0</bIsWeighted>
      <QtyInPackage>לא ידוע</QtyInPackage>
      <ItemPrice>14.90</ItemPrice>
      <UnitOfMeasurePrice>0.0199</UnitOfMeasurePrice>
      <AllowDiscount>1</AllowDiscount>
      <ItemStatus>1</ItemStatus>
      <ItemId>236480</ItemId>
    </Item>
    <Item>
      <PriceUpdateDate>2025-08-20 12:24:35</PriceUpdateDate>
      <ItemCode>7290008713900</ItemCode>
      <ItemType>1</ItemType>
      <ItemName>לחם שיפון עגול 750 ג</ItemName>
      <ManufacturerName>לא ידוע</ManufacturerName>
      <ManufactureCountry>לא ידוע</ManufactureCountry>
      <ManufacturerItemDescription>לחם שיפון עגול 750 ג</ManufacturerItemDescription>
      <UnitQty>לא ידוע</UnitQty>
      <Quantity>750.00</Quantity>
      <UnitOfMeasure>לא ידוע</UnitOfMeasure>
      <bIsWeighted>0</bIsWeighted>
      <QtyInPackage>לא ידוע</QtyInPackage>
      <ItemPrice>17.90</ItemPrice>
      <UnitOfMeasurePrice>0.0239</UnitOfMeasurePrice>
      <AllowDiscount>1</AllowDiscount>
      <ItemStatus>1</ItemStatus>
      <ItemId>236495</ItemId>
    </Item>
    <Item>
      <PriceUpdateDate>2025-08-20 12:24:36</PriceUpdateDate>
      <ItemCode>7290013027399</ItemCode>
      <ItemType>1</ItemType>
      <ItemName>לחם אנג'ל 100 שיפון</ItemName>
      <ManufacturerName>לא ידוע</ManufacturerName>
      <ManufactureCountry>לא ידוע</ManufactureCountry>
      <ManufacturerItemDescription>לחם אנג'ל 100 שיפון</ManufacturerItemDescription>
      <UnitQty>לא ידוע</UnitQty>
      <Quantity>750.00</Quantity>
      <UnitOfMeasure>לא ידוע</UnitOfMeasure>
      <bIsWeighted>0</bIsWeighted>
      <QtyInPackage>לא ידוע</QtyInPackage>
      <ItemPrice>17.90</ItemPrice>
      <UnitOfMeasurePrice>0.0239</UnitOfMeasurePrice>
      <AllowDiscount>1</AllowDiscount>
      <ItemStatus>1</ItemStatus>
      <ItemId>236497</ItemId>
    </Item>
    <Item>
      <PriceUpdateDate>2025-09-07 10:41:29</PriceUpdateDate>
      <ItemCode>7290108352535</ItemCode>
      <ItemType>1</ItemType>
      <ItemName>מקסימה דפי בישום למי</ItemName>
      <ManufacturerName>לא ידוע</ManufacturerName>
      <ManufactureCountry>לא ידוע</ManufactureCountry>
      <ManufacturerItemDescription>מקסימה דפי בישום למי</ManufacturerItemDescription>
      <UnitQty>לא ידוע</UnitQty>
      <Quantity>20.00</Quantity>
      <UnitOfMeasure>לא ידוע</UnitOfMeasure>
      <bIsWeighted>0</bIsWeighted>
      <QtyInPackage>לא ידוע</QtyInPackage>
      <ItemPrice>14.90</ItemPrice>
      <UnitOfMeasurePrice>0.7450</UnitOfMeasurePrice>
      <AllowDiscount>1</AllowDiscount>
      <ItemStatus>1</ItemStatus>
      <ItemId>236505</ItemId>
    </Item>
    <Item>
      <PriceUpdateDate>2025-05-28 12:57:36</PriceUpdateDate>
      <ItemCode>7290116531243</ItemCode>
      <ItemType>1</ItemType>
      <ItemName>פינוק שמפו ומרכך 2 ב</ItemName>
      <ManufacturerName>קריות זול</ManufacturerName>
      <ManufactureCountry>לא ידוע</ManufactureCountry>
      <ManufacturerItemDescription>פינוק שמפו ומרכך 2 ב</ManufacturerItemDescription>
      <UnitQty>לא ידוע</UnitQty>
      <Quantity>700.00</Quantity>
      <UnitOfMeasure>לא ידוע</UnitOfMeasure>
      <bIsWeighted>0</bIsWeighted>
      <QtyInPackage>לא ידוע</QtyInPackage>
      <ItemPrice>15.90</ItemPrice>
      <UnitOfMeasurePrice>0.0227</UnitOfMeasurePrice>
      <AllowDiscount>1</AllowDiscount>
      <ItemStatus>1</ItemStatus>
      <ItemId>236548</ItemId>
    </Item>
    <Item>
      <PriceUpdateDate>2025-02-13 07:33:49</PriceUpdateDate>
      <ItemCode>7290110557133</ItemCode>
      <ItemType>1</ItemType>
      <ItemName>מעדן הגולן וניל 125</ItemName>
      <ManufacturerName>קריות זול</ManufacturerName>
      <ManufactureCountry>לא ידוע</ManufactureCountry>
      <ManufacturerItemDescription>מעדן הגולן וניל 125</ManufacturerItemDescription>
      <UnitQty>לא ידוע</UnitQty>
      <Quantity>125.00</Quantity>
      <UnitOfMeasure>לא ידוע</UnitOfMeasure>
      <bIsWeighted>0</bIsWeighted>
      <QtyInPackage>לא ידוע</QtyInPackage>
      <ItemPrice>3.50</ItemPrice>
      <UnitOfMeasurePrice>0.0280</UnitOfMeasurePrice>
      <AllowDiscount>1</AllowDiscount>
      <ItemStatus>1</ItemStatus>
      <ItemId>236559</ItemId>
    </Item>
    <Item>
      <PriceUpdateDate>2025-08-21 12:19:26</PriceUpdateDate>
      <ItemCode>7290110329686</ItemCode>
      <ItemType>1</ItemType>
      <ItemName>משקה חלב גו בטעם עוג</ItemName>
      <ManufacturerName>לא ידוע</ManufacturerName>
      <ManufactureCountry>לא ידוע</ManufactureCountry>
      <ManufacturerItemDescription>משקה חלב גו בטעם עוג</ManufacturerItemDescription>
      <UnitQty>לא ידוע</UnitQty>
      <Quantity>340.00</Quantity>
      <UnitOfMeasure>לא ידוע</UnitOfMeasure>
      <bIsWeighted>0</bIsWeighted>
      <QtyInPackage>לא ידוע</QtyInPackage>
      <ItemPrice>10.50</ItemPrice>
      <UnitOfMeasurePrice>0.0309</UnitOfMeasurePrice>
      <AllowDiscount>1</AllowDiscount>
      <ItemStatus>1</ItemStatus>
      <ItemId>236618</ItemId>
    </Item>
    <Item>
      <PriceUpdateDate>2025-08-26 11:21:59</PriceUpdateDate>
      <ItemCode>7290110329143</ItemCode>
      <ItemType>1</ItemType>
      <ItemName>מעדן חלב גו בטעם וני</ItemName>
      <ManufacturerName>לא ידוע</ManufacturerName>
      <ManufactureCountry>לא ידוע</ManufactureCountry>
      <ManufacturerItemDescription>מעדן חלב גו בטעם וני</ManufacturerItemDescription>
      <UnitQty>לא ידוע</UnitQty>
      <Quantity>120.00</Quantity>
      <UnitOfMeasure>לא ידוע</UnitOfMeasure>
      <bIsWeighted>0</bIsWeighted>
      <QtyInPackage>לא ידוע</QtyInPackage>
      <ItemPrice>6.80</ItemPrice>
      <UnitOfMeasurePrice>0.0567</UnitOfMeasurePrice>
      <AllowDiscount>1</AllowDiscount>
      <ItemStatus>1</ItemStatus>
      <ItemId>236620</ItemId>
    </Item>
    <Item>
      <PriceUpdateDate>2025-08-26 11:21:58</PriceUpdateDate>
      <ItemCode>7290110329136</ItemCode>
      <ItemType>1</ItemType>
      <ItemName>מעדן חלב גו בטעם שוק</ItemName>
      <ManufacturerName>לא ידוע</ManufacturerName>
      <ManufactureCountry>לא ידוע</ManufactureCountry>
      <ManufacturerItemDescription>מעדן חלב גו בטעם שוק</ManufacturerItemDescription>
      <UnitQty>לא ידוע</UnitQty>
      <Quantity>120.00</Quantity>
      <UnitOfMeasure>לא ידוע</UnitOfMeasure>
      <bIsWeighted>0</bIsWeighted>
      <QtyInPackage>לא ידוע</QtyInPackage>
      <ItemPrice>6.80</ItemPrice>
      <UnitOfMeasurePrice>0.0567</UnitOfMeasurePrice>
      <AllowDiscount>1</AllowDiscount>
      <ItemStatus>1</ItemStatus>
      <ItemId>236621</ItemId>
    </Item>
    <Item>
      <PriceUpdateDate>2025-09-08 07:54:25</PriceUpdateDate>
      <ItemCode>7290016028836</ItemCode>
      <ItemType>1</ItemType>
      <ItemName>קש מתקפל צבעוני אר'</ItemName>
      <ManufacturerName>לא ידוע</ManufacturerName>
      <ManufactureCountry>לא ידוע</ManufactureCountry>
      <ManufacturerItemDescription>קש מתקפל צבעוני אר'</ManufacturerItemDescription>
      <UnitQty>יחידה   </UnitQty>
      <Quantity>0.00</Quantity>
      <UnitOfMeasure>יחידה   </UnitOfMeasure>
      <bIsWeighted>0</bIsWeighted>
      <QtyInPackage>לא ידוע</QtyInPackage>
      <ItemPrice>9.90</ItemPrice>
      <UnitOfMeasurePrice>0.0000</UnitOfMeasurePrice>
      <AllowDiscount>1</AllowDiscount>
      <ItemStatus>1</ItemStatus>
      <ItemId>236657</ItemId>
    </Item>
    <Item>
      <PriceUpdateDate>2025-09-02 10:01:27</PriceUpdateDate>
      <ItemCode>8008912010300</ItemCode>
      <ItemType>1</ItemType>
      <ItemName>ליגורי פסטה פרפלה מס</ItemName>
      <ManufacturerName>לא ידוע</ManufacturerName>
      <ManufactureCountry>לא ידוע</ManufactureCountry>
      <ManufacturerItemDescription>ליגורי פסטה פרפלה מס</ManufacturerItemDescription>
      <UnitQty>לא ידוע</UnitQty>
      <Quantity>500.00</Quantity>
      <UnitOfMeasure>לא ידוע</UnitOfMeasure>
      <bIsWeighted>0</bIsWeighted>
      <QtyInPackage>לא ידוע</QtyInPackage>
      <ItemPrice>10.90</ItemPrice>
      <UnitOfMeasurePrice>0.0218</UnitOfMeasurePrice>
      <AllowDiscount>1</AllowDiscount>
      <ItemStatus>1</ItemStatus>
      <ItemId>236671</ItemId>
    </Item>
    <Item>
      <PriceUpdateDate>2025-09-02 10:01:27</PriceUpdateDate>
      <ItemCode>8008912010317</ItemCode>
      <ItemType>1</ItemType>
      <ItemName>ליגורי פסטה פוזילי מ</ItemName>
      <ManufacturerName>לא ידוע</ManufacturerName>
      <ManufactureCountry>לא ידוע</ManufactureCountry>
      <ManufacturerItemDescription>ליגורי פסטה פוזילי מ</ManufacturerItemDescription>
      <UnitQty>לא ידוע</UnitQty>
      <Quantity>500.00</Quantity>
      <UnitOfMeasure>לא ידוע</UnitOfMeasure>
      <bIsWeighted>0</bIsWeighted>
      <QtyInPackage>לא ידוע</QtyInPackage>
      <ItemPrice>10.90</ItemPrice>
      <UnitOfMeasurePrice>0.0218</UnitOfMeasurePrice>
      <AllowDiscount>1</AllowDiscount>
      <ItemStatus>1</ItemStatus>
      <ItemId>236672</ItemId>
    </Item>
    <Item>
      <PriceUpdateDate>2025-09-02 10:01:28</PriceUpdateDate>
      <ItemCode>8008912010423</ItemCode>
      <ItemType>1</ItemType>
      <ItemName>ליגורי פסטה פנה ריגט</ItemName>
      <ManufacturerName>לא ידוע</ManufacturerName>
      <ManufactureCountry>לא ידוע</ManufactureCountry>
      <ManufacturerItemDescription>ליגורי פסטה פנה ריגט</ManufacturerItemDescription>
      <UnitQty>לא ידוע</UnitQty>
      <Quantity>500.00</Quantity>
      <UnitOfMeasure>לא ידוע</UnitOfMeasure>
      <bIsWeighted>0</bIsWeighted>
      <QtyInPackage>לא ידוע</QtyInPackage>
      <ItemPrice>10.90</ItemPrice>
      <UnitOfMeasurePrice>0.0218</UnitOfMeasurePrice>
      <AllowDiscount>1</AllowDiscount>
      <ItemStatus>1</ItemStatus>
      <ItemId>236673</ItemId>
    </Item>
    <Item>
      <PriceUpdateDate>2025-09-02 10:01:28</PriceUpdateDate>
      <ItemCode>8008912010331</ItemCode>
      <ItemType>1</ItemType>
      <ItemName>ליגורי פסטה ניוקטי ס</ItemName>
      <ManufacturerName>לא ידוע</ManufacturerName>
      <ManufactureCountry>לא ידוע</ManufactureCountry>
      <ManufacturerItemDescription>ליגורי פסטה ניוקטי ס</ManufacturerItemDescription>
      <UnitQty>לא ידוע</UnitQty>
      <Quantity>500.00</Quantity>
      <UnitOfMeasure>לא ידוע</UnitOfMeasure>
      <bIsWeighted>0</bIsWeighted>
      <QtyInPackage>לא ידוע</QtyInPackage>
      <ItemPrice>10.90</ItemPrice>
      <UnitOfMeasurePrice>0.0218</UnitOfMeasurePrice>
      <AllowDiscount>1</AllowDiscount>
      <ItemStatus>1</ItemStatus>
      <ItemId>236674</ItemId>
    </Item>
    <Item>
      <PriceUpdateDate>2025-08-31 10:12:18</PriceUpdateDate>
      <ItemCode>7290110557027</ItemCode>
      <ItemType>1</ItemType>
      <ItemName>חומוס 50% טחינה 400</ItemName>
      <ManufacturerName>לא ידוע</ManufacturerName>
      <ManufactureCountry>לא ידוע</ManufactureCountry>
      <ManufacturerItemDescription>חומוס 50% טחינה 400</ManufacturerItemDescription>
      <UnitQty>לא ידוע</UnitQty>
      <Quantity>400.00</Quantity>
      <UnitOfMeasure>לא ידוע</UnitOfMeasure>
      <bIsWeighted>0</bIsWeighted>
      <QtyInPackage>לא ידוע</QtyInPackage>
      <ItemPrice>15.90</ItemPrice>
      <UnitOfMeasurePrice>0.0398</UnitOfMeasurePrice>
      <AllowDiscount>1</AllowDiscount>
      <ItemStatus>1</ItemStatus>
      <ItemId>236677</ItemId>
    </Item>
    <Item>
      <PriceUpdateDate>2025-08-26 10:48:10</PriceUpdateDate>
      <ItemCode>5411188135005</ItemCode>
      <ItemType>1</ItemType>
      <ItemName>אלפרו 1.8% שומן NOT</ItemName>
      <ManufacturerName>לא ידוע</ManufacturerName>
      <ManufactureCountry>לא ידוע</ManufactureCountry>
      <ManufacturerItemDescription>אלפרו 1.8% שומן NOT</ManufacturerItemDescription>
      <UnitQty>לא ידוע</UnitQty>
      <Quantity>1000.00</Quantity>
      <UnitOfMeasure>לא ידוע</UnitOfMeasure>
      <bIsWeighted>0</bIsWeighted>
      <QtyInPackage>לא ידוע</QtyInPackage>
      <ItemPrice>16.90</ItemPrice>
      <UnitOfMeasurePrice>0.0169</UnitOfMeasurePrice>
      <AllowDiscount>1</AllowDiscount>
      <ItemStatus>1</ItemStatus>
      <ItemId>236687</ItemId>
    </Item>
    <Item>
      <PriceUpdateDate>2025-09-03 11:27:56</PriceUpdateDate>
      <ItemCode>7290116530482</ItemCode>
      <ItemType>1</ItemType>
      <ItemName>מארז קורנפלקס של אלו</ItemName>
      <ManufacturerName>לא ידוע</ManufacturerName>
      <ManufactureCountry>לא ידוע</ManufactureCountry>
      <ManufacturerItemDescription>מארז קורנפלקס של אלו</ManufacturerItemDescription>
      <UnitQty>יחידה   </UnitQty>
      <Quantity>0.00</Quantity>
      <UnitOfMeasure>יחידה   </UnitOfMeasure>
      <bIsWeighted>0</bIsWeighted>
      <QtyInPackage>לא ידוע</QtyInPackage>
      <ItemPrice>17.90</ItemPrice>
      <UnitOfMeasurePrice>0.0000</UnitOfMeasurePrice>
      <AllowDiscount>1</AllowDiscount>
      <ItemStatus>1</ItemStatus>
      <ItemId>236744</ItemId>
    </Item>
    <Item>
      <PriceUpdateDate>2025-08-20 09:49:41</PriceUpdateDate>
      <ItemCode>7290001881040</ItemCode>
      <ItemType>1</ItemType>
      <ItemName>מלפפון ביבי במלח 600</ItemName>
      <ManufacturerName>לא ידוע</ManufacturerName>
      <ManufactureCountry>לא ידוע</ManufactureCountry>
      <ManufacturerItemDescription>מלפפון ביבי במלח 600</ManufacturerItemDescription>
      <UnitQty>לא ידוע</UnitQty>
      <Quantity>600.00</Quantity>
      <UnitOfMeasure>לא ידוע</UnitOfMeasure>
      <bIsWeighted>0</bIsWeighted>
      <QtyInPackage>לא ידוע</QtyInPackage>
      <ItemPrice>33.90</ItemPrice>
      <UnitOfMeasurePrice>0.0565</UnitOfMeasurePrice>
      <AllowDiscount>1</AllowDiscount>
      <ItemStatus>1</ItemStatus>
      <ItemId>236788</ItemId>
    </Item>
    <Item>
      <PriceUpdateDate>2025-06-30 16:16:21</PriceUpdateDate>
      <ItemCode>7290000136455</ItemCode>
      <ItemType>1</ItemType>
      <ItemName>גאמפ אשכוליות 1.5ליט</ItemName>
      <ManufacturerName>לא ידוע</ManufacturerName>
      <ManufactureCountry>לא ידוע</ManufactureCountry>
      <ManufacturerItemDescription>גאמפ אשכוליות 1.5ליט</ManufacturerItemDescription>
      <UnitQty>לא ידוע</UnitQty>
      <Quantity>1500.00</Quantity>
      <UnitOfMeasure>לא ידוע</UnitOfMeasure>
      <bIsWeighted>0</bIsWeighted>
      <QtyInPackage>לא ידוע</QtyInPackage>
      <ItemPrice>8.90</ItemPrice>
      <UnitOfMeasurePrice>0.0059</UnitOfMeasurePrice>
      <AllowDiscount>1</AllowDiscount>
      <ItemStatus>1</ItemStatus>
      <ItemId>236812</ItemId>
    </Item>
    <Item>
      <PriceUpdateDate>2025-06-30 16:16:22</PriceUpdateDate>
      <ItemCode>7290000136561</ItemCode>
      <ItemType>1</ItemType>
      <ItemName>גאמפ תות בננה 1.5 לי</ItemName>
      <ManufacturerName>לא ידוע</ManufacturerName>
      <ManufactureCountry>לא ידוע</ManufactureCountry>
      <ManufacturerItemDescription>גאמפ תות בננה 1.5 לי</ManufacturerItemDescription>
      <UnitQty>לא ידוע</UnitQty>
      <Quantity>1500.00</Quantity>
      <UnitOfMeasure>לא ידוע</UnitOfMeasure>
      <bIsWeighted>0</bIsWeighted>
      <QtyInPackage>לא ידוע</QtyInPackage>
      <ItemPrice>8.90</ItemPrice>
      <UnitOfMeasurePrice>0.0059</UnitOfMeasurePrice>
      <AllowDiscount>1</AllowDiscount>
      <ItemStatus>1</ItemStatus>
      <ItemId>236815</ItemId>
    </Item>
    <Item>
      <PriceUpdateDate>2025-06-30 16:16:22</PriceUpdateDate>
      <ItemCode>7290000136585</ItemCode>
      <ItemType>1</ItemType>
      <ItemName>גאמפ תפוזים 1.5 ליטר</ItemName>
      <ManufacturerName>לא ידוע</ManufacturerName>
      <ManufactureCountry>לא ידוע</ManufactureCountry>
      <ManufacturerItemDescription>גאמפ תפוזים 1.5 ליטר</ManufacturerItemDescription>
      <UnitQty>לא ידוע</UnitQty>
      <Quantity>1500.00</Quantity>
      <UnitOfMeasure>לא ידוע</UnitOfMeasure>
      <bIsWeighted>0</bIsWeighted>
      <QtyInPackage>לא ידוע</QtyInPackage>
      <ItemPrice>8.90</ItemPrice>
      <UnitOfMeasurePrice>0.0059</UnitOfMeasurePrice>
      <AllowDiscount>1</AllowDiscount>
      <ItemStatus>1</ItemStatus>
      <ItemId>236816</ItemId>
    </Item>
    <Item>
      <PriceUpdateDate>2025-06-30 16:16:21</PriceUpdateDate>
      <ItemCode>7290000136486</ItemCode>
      <ItemType>1</ItemType>
      <ItemName>גאמפ דיאט אשכוליות 1</ItemName>
      <ManufacturerName>לא ידוע</ManufacturerName>
      <ManufactureCountry>לא ידוע</ManufactureCountry>
      <ManufacturerItemDescription>גאמפ דיאט אשכוליות 1</ManufacturerItemDescription>
      <UnitQty>לא ידוע</UnitQty>
      <Quantity>1500.00</Quantity>
      <UnitOfMeasure>לא ידוע</UnitOfMeasure>
      <bIsWeighted>0</bIsWeighted>
      <QtyInPackage>לא ידוע</QtyInPackage>
      <ItemPrice>8.90</ItemPrice>
      <UnitOfMeasurePrice>0.0059</UnitOfMeasurePrice>
      <AllowDiscount>1</AllowDiscount>
      <ItemStatus>1</ItemStatus>
      <ItemId>236818</ItemId>
    </Item>
    <Item>
      <PriceUpdateDate>2025-06-30 16:16:22</PriceUpdateDate>
      <ItemCode>7290000136608</ItemCode>
      <ItemType>1</ItemType>
      <ItemName>גאמפ תפוח צלול 1.5לי</ItemName>
      <ManufacturerName>לא ידוע</ManufacturerName>
      <ManufactureCountry>לא ידוע</ManufactureCountry>
      <ManufacturerItemDescription>גאמפ תפוח צלול 1.5לי</ManufacturerItemDescription>
      <UnitQty>לא ידוע</UnitQty>
      <Quantity>1500.00</Quantity>
      <UnitOfMeasure>לא ידוע</UnitOfMeasure>
      <bIsWeighted>0</bIsWeighted>
      <QtyInPackage>לא ידוע</QtyInPackage>
      <ItemPrice>8.90</ItemPrice>
      <UnitOfMeasurePrice>0.0059</UnitOfMeasurePrice>
      <AllowDiscount>1</AllowDiscount>
      <ItemStatus>1</ItemStatus>
      <ItemId>236819</ItemId>
    </Item>
    <Item>
      <PriceUpdateDate>2025-08-24 20:32:06</PriceUpdateDate>
      <ItemCode>7290000136158</ItemCode>
      <ItemType>1</ItemType>
      <ItemName>פפסי זירו 1.5 ל</ItemName>
      <ManufacturerName>לא ידוע</ManufacturerName>
      <ManufactureCountry>לא ידוע</ManufactureCountry>
      <ManufacturerItemDescription>פפסי זירו 1.5 ל</ManufacturerItemDescription>
      <UnitQty>לא ידוע</UnitQty>
      <Quantity>1500.00</Quantity>
      <UnitOfMeasure>לא ידוע</UnitOfMeasure>
      <bIsWeighted>0</bIsWeighted>
      <QtyInPackage>לא ידוע</QtyInPackage>
      <ItemPrice>9.30</ItemPrice>
      <UnitOfMeasurePrice>0.0062</UnitOfMeasurePrice>
      <AllowDiscount>1</AllowDiscount>
      <ItemStatus>1</ItemStatus>
      <ItemId>236823</ItemId>
    </Item>
    <Item>
      <PriceUpdateDate>2025-08-21 12:21:53</PriceUpdateDate>
      <ItemCode>7290110114886</ItemCode>
      <ItemType>1</ItemType>
      <ItemName>פריגת 100% מיץ קלמנט</ItemName>
      <ManufacturerName>לא ידוע</ManufacturerName>
      <ManufactureCountry>לא ידוע</ManufactureCountry>
      <ManufacturerItemDescription>פריגת 100% מיץ קלמנט</ManufacturerItemDescription>
      <UnitQty>לא ידוע</UnitQty>
      <Quantity>2000.00</Quantity>
      <UnitOfMeasure>לא ידוע</UnitOfMeasure>
      <bIsWeighted>0</bIsWeighted>
      <QtyInPackage>לא ידוע</QtyInPackage>
      <ItemPrice>33.70</ItemPrice>
      <UnitOfMeasurePrice>0.0168</UnitOfMeasurePrice>
      <AllowDiscount>1</AllowDiscount>
      <ItemStatus>1</ItemStatus>
      <ItemId>236833</ItemId>
    </Item>
    <Item>
      <PriceUpdateDate>2025-08-21 12:21:54</PriceUpdateDate>
      <ItemCode>7290110114893</ItemCode>
      <ItemType>1</ItemType>
      <ItemName>פריגת 100% מיץ תפוזי</ItemName>
      <ManufacturerName>לא ידוע</ManufacturerName>
      <ManufactureCountry>לא ידוע</ManufactureCountry>
      <ManufacturerItemDescription>פריגת 100% מיץ תפוזי</ManufacturerItemDescription>
      <UnitQty>לא ידוע</UnitQty>
      <Quantity>2000.00</Quantity>
      <UnitOfMeasure>לא ידוע</UnitOfMeasure>
      <bIsWeighted>0</bIsWeighted>
      <QtyInPackage>לא ידוע</QtyInPackage>
      <ItemPrice>33.70</ItemPrice>
      <UnitOfMeasurePrice>0.0168</UnitOfMeasurePrice>
      <AllowDiscount>1</AllowDiscount>
      <ItemStatus>1</ItemStatus>
      <ItemId>236834</ItemId>
    </Item>
    <Item>
      <PriceUpdateDate>2025-08-21 12:21:54</PriceUpdateDate>
      <ItemCode>7290110114909</ItemCode>
      <ItemType>1</ItemType>
      <ItemName>פריגת 100% מיץ עשוי</ItemName>
      <ManufacturerName>לא ידוע</ManufacturerName>
      <ManufactureCountry>לא ידוע</ManufactureCountry>
      <ManufacturerItemDescription>פריגת 100% מיץ עשוי</ManufacturerItemDescription>
      <UnitQty>לא ידוע</UnitQty>
      <Quantity>2000.00</Quantity>
      <UnitOfMeasure>לא ידוע</UnitOfMeasure>
      <bIsWeighted>0</bIsWeighted>
      <QtyInPackage>לא ידוע</QtyInPackage>
      <ItemPrice>33.70</ItemPrice>
      <UnitOfMeasurePrice>0.0168</UnitOfMeasurePrice>
      <AllowDiscount>1</AllowDiscount>
      <ItemStatus>1</ItemStatus>
      <ItemId>236835</ItemId>
    </Item>
    <Item>
      <PriceUpdateDate>2025-05-26 14:24:30</PriceUpdateDate>
      <ItemCode>7290110114855</ItemCode>
      <ItemType>1</ItemType>
      <ItemName>נביעות שישייה 6*1.5ל</ItemName>
      <ManufacturerName>קריות זול</ManufacturerName>
      <ManufactureCountry>לא ידוע</ManufactureCountry>
      <ManufacturerItemDescription>נביעות שישייה 6*1.5ל</ManufacturerItemDescription>
      <UnitQty>לא ידוע</UnitQty>
      <Quantity>9000.00</Quantity>
      <UnitOfMeasure>לא ידוע</UnitOfMeasure>
      <bIsWeighted>0</bIsWeighted>
      <QtyInPackage>לא ידוע</QtyInPackage>
      <ItemPrice>17.90</ItemPrice>
      <UnitOfMeasurePrice>0.0020</UnitOfMeasurePrice>
      <AllowDiscount>1</AllowDiscount>
      <ItemStatus>1</ItemStatus>
      <ItemId>236840</ItemId>
    </Item>
    <Item>
      <PriceUpdateDate>2025-09-04 12:00:20</PriceUpdateDate>
      <ItemCode>7290110115203</ItemCode>
      <ItemType>1</ItemType>
      <ItemName>קוקה-קולה 1.5 ליטר</ItemName>
      <ManufacturerName>לא ידוע</ManufacturerName>
      <ManufactureCountry>לא ידוע</ManufactureCountry>
      <ManufacturerItemDescription>קוקה-קולה 1.5 ליטר</ManufacturerItemDescription>
      <UnitQty>לא ידוע</UnitQty>
      <Quantity>1500.00</Quantity>
      <UnitOfMeasure>לא ידוע</UnitOfMeasure>
      <bIsWeighted>0</bIsWeighted>
      <QtyInPackage>לא ידוע</QtyInPackage>
      <ItemPrice>9.20</ItemPrice>
      <UnitOfMeasurePrice>0.0061</UnitOfMeasurePrice>
      <AllowDiscount>1</AllowDiscount>
      <ItemStatus>1</ItemStatus>
      <ItemId>236846</ItemId>
    </Item>
    <Item>
      <PriceUpdateDate>2025-09-04 12:00:20</PriceUpdateDate>
      <ItemCode>7290110115210</ItemCode>
      <ItemType>1</ItemType>
      <ItemName>קוקה קולה דיאט 1.5ל</ItemName>
      <ManufacturerName>לא ידוע</ManufacturerName>
      <ManufactureCountry>לא ידוע</ManufactureCountry>
      <ManufacturerItemDescription>קוקה קולה דיאט 1.5ל</ManufacturerItemDescription>
      <UnitQty>לא ידוע</UnitQty>
      <Quantity>1500.00</Quantity>
      <UnitOfMeasure>לא ידוע</UnitOfMeasure>
      <bIsWeighted>0</bIsWeighted>
      <QtyInPackage>לא ידוע</QtyInPackage>
      <ItemPrice>9.20</ItemPrice>
      <UnitOfMeasurePrice>0.0061</UnitOfMeasurePrice>
      <AllowDiscount>1</AllowDiscount>
      <ItemStatus>1</ItemStatus>
      <ItemId>236847</ItemId>
    </Item>
    <Item>
      <PriceUpdateDate>2025-09-04 12:00:20</PriceUpdateDate>
      <ItemCode>7290110115227</ItemCode>
      <ItemType>1</ItemType>
      <ItemName>קוקה-קולה זירו 1.5 ל</ItemName>
      <ManufacturerName>לא ידוע</ManufacturerName>
      <ManufactureCountry>לא ידוע</ManufactureCountry>
      <ManufacturerItemDescription>קוקה-קולה זירו 1.5 ל</ManufacturerItemDescription>
      <UnitQty>לא ידוע</UnitQty>
      <Quantity>1500.00</Quantity>
      <UnitOfMeasure>לא ידוע</UnitOfMeasure>
      <bIsWeighted>0</bIsWeighted>
      <QtyInPackage>לא ידוע</QtyInPackage>
      <ItemPrice>9.20</ItemPrice>
      <UnitOfMeasurePrice>0.0061</UnitOfMeasurePrice>
      <AllowDiscount>1</AllowDiscount>
      <ItemStatus>1</ItemStatus>
      <ItemId>236848</ItemId>
    </Item>
    <Item>
      <PriceUpdateDate>2025-09-04 12:00:20</PriceUpdateDate>
      <ItemCode>7290110115234</ItemCode>
      <ItemType>1</ItemType>
      <ItemName>קוקה קולה זירו נטול</ItemName>
      <ManufacturerName>לא ידוע</ManufacturerName>
      <ManufactureCountry>לא ידוע</ManufactureCountry>
      <ManufacturerItemDescription>קוקה קולה זירו נטול</ManufacturerItemDescription>
      <UnitQty>לא ידוע</UnitQty>
      <Quantity>1500.00</Quantity>
      <UnitOfMeasure>לא ידוע</UnitOfMeasure>
      <bIsWeighted>0</bIsWeighted>
      <QtyInPackage>לא ידוע</QtyInPackage>
      <ItemPrice>9.20</ItemPrice>
      <UnitOfMeasurePrice>0.0061</UnitOfMeasurePrice>
      <AllowDiscount>1</AllowDiscount>
      <ItemStatus>1</ItemStatus>
      <ItemId>236849</ItemId>
    </Item>
    <Item>
      <PriceUpdateDate>2025-09-04 12:00:21</PriceUpdateDate>
      <ItemCode>7290110115241</ItemCode>
      <ItemType>1</ItemType>
      <ItemName>קוקה קולה זירו לימון</ItemName>
      <ManufacturerName>לא ידוע</ManufacturerName>
      <ManufactureCountry>לא ידוע</ManufactureCountry>
      <ManufacturerItemDescription>קוקה קולה זירו לימון</ManufacturerItemDescription>
      <UnitQty>לא ידוע</UnitQty>
      <Quantity>1500.00</Quantity>
      <UnitOfMeasure>לא ידוע</UnitOfMeasure>
      <bIsWeighted>0</bIsWeighted>
      <QtyInPackage>לא ידוע</QtyInPackage>
      <ItemPrice>9.20</ItemPrice>
      <UnitOfMeasurePrice>0.0061</UnitOfMeasurePrice>
      <AllowDiscount>1</AllowDiscount>
      <ItemStatus>1</ItemStatus>
      <ItemId>236850</ItemId>
    </Item>
    <Item>
      <PriceUpdateDate>2025-12-04 07:13:53</PriceUpdateDate>
      <ItemCode>7290110115364</ItemCode>
      <ItemType>1</ItemType>
      <ItemName>ק.קולה שישייה 6*1.5ל</ItemName>
      <ManufacturerName>לא ידוע</ManufacturerName>
      <ManufactureCountry>לא ידוע</ManufactureCountry>
      <ManufacturerItemDescription>ק.קולה שישייה 6*1.5ל</ManufacturerItemDescription>
      <UnitQty>לא ידוע</UnitQty>
      <Quantity>9000.00</Quantity>
      <UnitOfMeasure>לא ידוע</UnitOfMeasure>
      <bIsWeighted>0</bIsWeighted>
      <QtyInPackage>לא ידוע</QtyInPackage>
      <ItemPrice>48.90</ItemPrice>
      <UnitOfMeasurePrice>0.0054</UnitOfMeasurePrice>
      <AllowDiscount>1</AllowDiscount>
      <ItemStatus>1</ItemStatus>
      <ItemId>236852</ItemId>
    </Item>
    <Item>
      <PriceUpdateDate>2025-07-24 07:39:30</PriceUpdateDate>
      <ItemCode>7290018925096</ItemCode>
      <ItemType>1</ItemType>
      <ItemName>משקה קל תפוזים פרימו</ItemName>
      <ManufacturerName>לא ידוע</ManufacturerName>
      <ManufactureCountry>לא ידוע</ManufactureCountry>
      <ManufacturerItemDescription>משקה קל תפוזים פרימו</ManufacturerItemDescription>
      <UnitQty>לא ידוע</UnitQty>
      <Quantity>1500.00</Quantity>
      <UnitOfMeasure>לא ידוע</UnitOfMeasure>
      <bIsWeighted>0</bIsWeighted>
      <QtyInPackage>לא ידוע</QtyInPackage>
      <ItemPrice>8.90</ItemPrice>
      <UnitOfMeasurePrice>0.0059</UnitOfMeasurePrice>
      <AllowDiscount>1</AllowDiscount>
      <ItemStatus>1</ItemStatus>
      <ItemId>236855</ItemId>
    </Item>
    <Item>
      <PriceUpdateDate>2025-07-24 07:39:30</PriceUpdateDate>
      <ItemCode>7290018925102</ItemCode>
      <ItemType>1</ItemType>
      <ItemName>משקה קל ענבים פרימור</ItemName>
      <ManufacturerName>לא ידוע</ManufacturerName>
      <ManufactureCountry>לא ידוע</ManufactureCountry>
      <ManufacturerItemDescription>משקה קל ענבים פרימור</ManufacturerItemDescription>
      <UnitQty>לא ידוע</UnitQty>
      <Quantity>1500.00</Quantity>
      <UnitOfMeasure>לא ידוע</UnitOfMeasure>
      <bIsWeighted>0</bIsWeighted>
      <QtyInPackage>לא ידוע</QtyInPackage>
      <ItemPrice>8.90</ItemPrice>
      <UnitOfMeasurePrice>0.0059</UnitOfMeasurePrice>
      <AllowDiscount>1</AllowDiscount>
      <ItemStatus>1</ItemStatus>
      <ItemId>236856</ItemId>
    </Item>
    <Item>
      <PriceUpdateDate>2025-07-24 07:39:31</PriceUpdateDate>
      <ItemCode>7290018925126</ItemCode>
      <ItemType>1</ItemType>
      <ItemName>משקה קל תפוחי עץ פרי</ItemName>
      <ManufacturerName>לא ידוע</ManufacturerName>
      <ManufactureCountry>לא ידוע</ManufactureCountry>
      <ManufacturerItemDescription>משקה קל תפוחי עץ פרי</ManufacturerItemDescription>
      <UnitQty>לא ידוע</UnitQty>
      <Quantity>1500.00</Quantity>
      <UnitOfMeasure>לא ידוע</UnitOfMeasure>
      <bIsWeighted>0</bIsWeighted>
      <QtyInPackage>לא ידוע</QtyInPackage>
      <ItemPrice>8.90</ItemPrice>
      <UnitOfMeasurePrice>0.0059</UnitOfMeasurePrice>
      <AllowDiscount>1</AllowDiscount>
      <ItemStatus>1</ItemStatus>
      <ItemId>236858</ItemId>
    </Item>
    <Item>
      <PriceUpdateDate>2025-07-24 07:39:31</PriceUpdateDate>
      <ItemCode>7290018925140</ItemCode>
      <ItemType>1</ItemType>
      <ItemName>משקה קל אשכולית פרימ</ItemName>
      <ManufacturerName>לא ידוע</ManufacturerName>
      <ManufactureCountry>לא ידוע</ManufactureCountry>
      <ManufacturerItemDescription>משקה קל אשכולית פרימ</ManufacturerItemDescription>
      <UnitQty>לא ידוע</UnitQty>
      <Quantity>1500.00</Quantity>
      <UnitOfMeasure>לא ידוע</UnitOfMeasure>
      <bIsWeighted>0</bIsWeighted>
      <QtyInPackage>לא ידוע</QtyInPackage>
      <ItemPrice>8.90</ItemPrice>
      <UnitOfMeasurePrice>0.0059</UnitOfMeasurePrice>
      <AllowDiscount>1</AllowDiscount>
      <ItemStatus>1</ItemStatus>
      <ItemId>236859</ItemId>
    </Item>
    <Item>
      <PriceUpdateDate>2025-07-24 07:39:31</PriceUpdateDate>
      <ItemCode>7290018925164</ItemCode>
      <ItemType>1</ItemType>
      <ItemName>משקה קל תות-בננה פרי</ItemName>
      <ManufacturerName>לא ידוע</ManufacturerName>
      <ManufactureCountry>לא ידוע</ManufactureCountry>
      <ManufacturerItemDescription>משקה קל תות-בננה פרי</ManufacturerItemDescription>
      <UnitQty>לא ידוע</UnitQty>
      <Quantity>1500.00</Quantity>
      <UnitOfMeasure>לא ידוע</UnitOfMeasure>
      <bIsWeighted>0</bIsWeighted>
      <QtyInPackage>לא ידוע</QtyInPackage>
      <ItemPrice>8.90</ItemPrice>
      <UnitOfMeasurePrice>0.0059</UnitOfMeasurePrice>
      <AllowDiscount>1</AllowDiscount>
      <ItemStatus>1</ItemStatus>
      <ItemId>236861</ItemId>
    </Item>
    <Item>
      <PriceUpdateDate>2025-07-24 07:39:31</PriceUpdateDate>
      <ItemCode>7290018925133</ItemCode>
      <ItemType>1</ItemType>
      <ItemName>משקה קל מנגו פרימור</ItemName>
      <ManufacturerName>לא ידוע</ManufacturerName>
      <ManufactureCountry>לא ידוע</ManufactureCountry>
      <ManufacturerItemDescription>משקה קל מנגו פרימור</ManufacturerItemDescription>
      <UnitQty>לא ידוע</UnitQty>
      <Quantity>1500.00</Quantity>
      <UnitOfMeasure>לא ידוע</UnitOfMeasure>
      <bIsWeighted>0</bIsWeighted>
      <QtyInPackage>לא ידוע</QtyInPackage>
      <ItemPrice>8.90</ItemPrice>
      <UnitOfMeasurePrice>0.0059</UnitOfMeasurePrice>
      <AllowDiscount>1</AllowDiscount>
      <ItemStatus>1</ItemStatus>
      <ItemId>236862</ItemId>
    </Item>
    <Item>
      <PriceUpdateDate>2025-09-04 12:01:38</PriceUpdateDate>
      <ItemCode>7290019056973</ItemCode>
      <ItemType>1</ItemType>
      <ItemName>מי עדן שישייה 6*1.5</ItemName>
      <ManufacturerName>קריות זול</ManufacturerName>
      <ManufactureCountry>לא ידוע</ManufactureCountry>
      <ManufacturerItemDescription>מי עדן שישייה 6*1.5</ManufacturerItemDescription>
      <UnitQty>לא ידוע</UnitQty>
      <Quantity>9000.00</Quantity>
      <UnitOfMeasure>לא ידוע</UnitOfMeasure>
      <bIsWeighted>0</bIsWeighted>
      <QtyInPackage>לא ידוע</QtyInPackage>
      <ItemPrice>16.50</ItemPrice>
      <UnitOfMeasurePrice>0.0018</UnitOfMeasurePrice>
      <AllowDiscount>1</AllowDiscount>
      <ItemStatus>1</ItemStatus>
      <ItemId>236864</ItemId>
    </Item>
    <Item>
      <PriceUpdateDate>2025-07-21 09:18:29</PriceUpdateDate>
      <ItemCode>7290019056553</ItemCode>
      <ItemType>1</ItemType>
      <ItemName>עין גדי מים מינרלים</ItemName>
      <ManufacturerName>קריות זול</ManufacturerName>
      <ManufactureCountry>לא ידוע</ManufactureCountry>
      <ManufacturerItemDescription>עין גדי מים מינרלים</ManufacturerItemDescription>
      <UnitQty>לא ידוע</UnitQty>
      <Quantity>12000.00</Quantity>
      <UnitOfMeasure>לא ידוע</UnitOfMeasure>
      <bIsWeighted>0</bIsWeighted>
      <QtyInPackage>לא ידוע</QtyInPackage>
      <ItemPrice>14.90</ItemPrice>
      <UnitOfMeasurePrice>0.0012</UnitOfMeasurePrice>
      <AllowDiscount>1</AllowDiscount>
      <ItemStatus>1</ItemStatus>
      <ItemId>236865</ItemId>
    </Item>
    <Item>
      <PriceUpdateDate>2025-09-03 07:34:24</PriceUpdateDate>
      <ItemCode>7290019056560</ItemCode>
      <ItemType>1</ItemType>
      <ItemName>עין גדי 2ליטר</ItemName>
      <ManufacturerName>לא ידוע</ManufacturerName>
      <ManufactureCountry>לא ידוע</ManufactureCountry>
      <ManufacturerItemDescription>עין גדי 2ליטר</ManufacturerItemDescription>
      <UnitQty>לא ידוע</UnitQty>
      <Quantity>2000.00</Quantity>
      <UnitOfMeasure>לא ידוע</UnitOfMeasure>
      <bIsWeighted>0</bIsWeighted>
      <QtyInPackage>לא ידוע</QtyInPackage>
      <ItemPrice>5.20</ItemPrice>
      <UnitOfMeasurePrice>0.0026</UnitOfMeasurePrice>
      <AllowDiscount>1</AllowDiscount>
      <ItemStatus>1</ItemStatus>
      <ItemId>236866</ItemId>
    </Item>
    <Item>
      <PriceUpdateDate>2025-09-03 07:34:24</PriceUpdateDate>
      <ItemCode>7290019056584</ItemCode>
      <ItemType>1</ItemType>
      <ItemName>ספרינג תפוזים 1.5ליט</ItemName>
      <ManufacturerName>קריות זול</ManufacturerName>
      <ManufactureCountry>לא ידוע</ManufactureCountry>
      <ManufacturerItemDescription>ספרינג תפוזים 1.5ליט</ManufacturerItemDescription>
      <UnitQty>לא ידוע</UnitQty>
      <Quantity>1500.00</Quantity>
      <UnitOfMeasure>לא ידוע</UnitOfMeasure>
      <bIsWeighted>0</bIsWeighted>
      <QtyInPackage>לא ידוע</QtyInPackage>
      <ItemPrice>9.50</ItemPrice>
      <UnitOfMeasurePrice>0.0063</UnitOfMeasurePrice>
      <AllowDiscount>1</AllowDiscount>
      <ItemStatus>1</ItemStatus>
      <ItemId>236868</ItemId>
    </Item>
    <Item>
      <PriceUpdateDate>2025-09-03 07:34:25</PriceUpdateDate>
      <ItemCode>7290019056607</ItemCode>
      <ItemType>1</ItemType>
      <ItemName>ספרינג תפוחים 1.5ליט</ItemName>
      <ManufacturerName>קריות זול</ManufacturerName>
      <ManufactureCountry>לא ידוע</ManufactureCountry>
      <ManufacturerItemDescription>ספרינג תפוחים 1.5ליט</ManufacturerItemDescription>
      <UnitQty>לא ידוע</UnitQty>
      <Quantity>1500.00</Quantity>
      <UnitOfMeasure>לא ידוע</UnitOfMeasure>
      <bIsWeighted>0</bIsWeighted>
      <QtyInPackage>לא ידוע</QtyInPackage>
      <ItemPrice>9.50</ItemPrice>
      <UnitOfMeasurePrice>0.0063</UnitOfMeasurePrice>
      <AllowDiscount>1</AllowDiscount>
      <ItemStatus>1</ItemStatus>
      <ItemId>236869</ItemId>
    </Item>
    <Item>
      <PriceUpdateDate>2025-09-03 07:34:27</PriceUpdateDate>
      <ItemCode>7290019056676</ItemCode>
      <ItemType>1</ItemType>
      <ItemName>ספרינג דיאט אשכוליות</ItemName>
      <ManufacturerName>קריות זול</ManufacturerName>
      <ManufactureCountry>לא ידוע</ManufactureCountry>
      <ManufacturerItemDescription>ספרינג דיאט אשכוליות</ManufacturerItemDescription>
      <UnitQty>לא ידוע</UnitQty>
      <Quantity>1500.00</Quantity>
      <UnitOfMeasure>לא ידוע</UnitOfMeasure>
      <bIsWeighted>0</bIsWeighted>
      <QtyInPackage>לא ידוע</QtyInPackage>
      <ItemPrice>9.50</ItemPrice>
      <UnitOfMeasurePrice>0.0063</UnitOfMeasurePrice>
      <AllowDiscount>1</AllowDiscount>
      <ItemStatus>1</ItemStatus>
      <ItemId>236871</ItemId>
    </Item>
    <Item>
      <PriceUpdateDate>2025-09-03 07:34:25</PriceUpdateDate>
      <ItemCode>7290019056621</ItemCode>
      <ItemType>1</ItemType>
      <ItemName>ספרינג פירות טרופיים</ItemName>
      <ManufacturerName>קריות זול</ManufacturerName>
      <ManufactureCountry>לא ידוע</ManufactureCountry>
      <ManufacturerItemDescription>ספרינג פירות טרופיים</ManufacturerItemDescription>
      <UnitQty>לא ידוע</UnitQty>
      <Quantity>1500.00</Quantity>
      <UnitOfMeasure>לא ידוע</UnitOfMeasure>
      <bIsWeighted>0</bIsWeighted>
      <QtyInPackage>לא ידוע</QtyInPackage>
      <ItemPrice>9.50</ItemPrice>
      <UnitOfMeasurePrice>0.0063</UnitOfMeasurePrice>
      <AllowDiscount>1</AllowDiscount>
      <ItemStatus>1</ItemStatus>
      <ItemId>236873</ItemId>
    </Item>
    <Item>
      <PriceUpdateDate>2025-09-03 07:34:26</PriceUpdateDate>
      <ItemCode>7290019056645</ItemCode>
      <ItemType>1</ItemType>
      <ItemName>ספרינג אגס סברס תפוח</ItemName>
      <ManufacturerName>קריות זול</ManufacturerName>
      <ManufactureCountry>לא ידוע</ManufactureCountry>
      <ManufacturerItemDescription>ספרינג אגס סברס תפוח</ManufacturerItemDescription>
      <UnitQty>לא ידוע</UnitQty>
      <Quantity>1500.00</Quantity>
      <UnitOfMeasure>לא ידוע</UnitOfMeasure>
      <bIsWeighted>0</bIsWeighted>
      <QtyInPackage>לא ידוע</QtyInPackage>
      <ItemPrice>9.50</ItemPrice>
      <UnitOfMeasurePrice>0.0063</UnitOfMeasurePrice>
      <AllowDiscount>1</AllowDiscount>
      <ItemStatus>1</ItemStatus>
      <ItemId>236875</ItemId>
    </Item>
    <Item>
      <PriceUpdateDate>2024-11-22 08:35:44</PriceUpdateDate>
      <ItemCode>7290019056119</ItemCode>
      <ItemType>1</ItemType>
      <ItemName>שוופס סודה 1.5ליטר</ItemName>
      <ManufacturerName>לא ידוע</ManufacturerName>
      <ManufactureCountry>לא ידוע</ManufactureCountry>
      <ManufacturerItemDescription>שוופס סודה 1.5ליטר</ManufacturerItemDescription>
      <UnitQty>לא ידוע</UnitQty>
      <Quantity>1500.00</Quantity>
      <UnitOfMeasure>לא ידוע</UnitOfMeasure>
      <bIsWeighted>0</bIsWeighted>
      <QtyInPackage>לא ידוע</QtyInPackage>
      <ItemPrice>4.90</ItemPrice>
      <UnitOfMeasurePrice>0.0033</UnitOfMeasurePrice>
      <AllowDiscount>1</AllowDiscount>
      <ItemStatus>1</ItemStatus>
      <ItemId>236878</ItemId>
    </Item>
    <Item>
      <PriceUpdateDate>2024-11-22 08:35:46</PriceUpdateDate>
      <ItemCode>7290019056362</ItemCode>
      <ItemType>1</ItemType>
      <ItemName>תפוזינה ענבים 1.5ליט</ItemName>
      <ManufacturerName>קריות זול</ManufacturerName>
      <ManufactureCountry>לא ידוע</ManufactureCountry>
      <ManufacturerItemDescription>תפוזינה ענבים 1.5ליט</ManufacturerItemDescription>
      <UnitQty>לא ידוע</UnitQty>
      <Quantity>1500.00</Quantity>
      <UnitOfMeasure>לא ידוע</UnitOfMeasure>
      <bIsWeighted>0</bIsWeighted>
      <QtyInPackage>לא ידוע</QtyInPackage>
      <ItemPrice>8.50</ItemPrice>
      <UnitOfMeasurePrice>0.0057</UnitOfMeasurePrice>
      <AllowDiscount>1</AllowDiscount>
      <ItemStatus>1</ItemStatus>
      <ItemId>236879</ItemId>
    </Item>
    <Item>
      <PriceUpdateDate>2024-11-22 08:35:46</PriceUpdateDate>
      <ItemCode>7290019056379</ItemCode>
      <ItemType>1</ItemType>
      <ItemName>תפוזינה תפוזים 1.5לי</ItemName>
      <ManufacturerName>קריות זול</ManufacturerName>
      <ManufactureCountry>לא ידוע</ManufactureCountry>
      <ManufacturerItemDescription>תפוזינה תפוזים 1.5לי</ManufacturerItemDescription>
      <UnitQty>לא ידוע</UnitQty>
      <Quantity>1500.00</Quantity>
      <UnitOfMeasure>לא ידוע</UnitOfMeasure>
      <bIsWeighted>0</bIsWeighted>
      <QtyInPackage>לא ידוע</QtyInPackage>
      <ItemPrice>8.50</ItemPrice>
      <UnitOfMeasurePrice>0.0057</UnitOfMeasurePrice>
      <AllowDiscount>1</AllowDiscount>
      <ItemStatus>1</ItemStatus>
      <ItemId>236880</ItemId>
    </Item>
    <Item>
      <PriceUpdateDate>2024-11-22 08:35:47</PriceUpdateDate>
      <ItemCode>7290019056386</ItemCode>
      <ItemType>1</ItemType>
      <ItemName>תפוזינה אשכוליות 1.5</ItemName>
      <ManufacturerName>קריות זול</ManufacturerName>
      <ManufactureCountry>לא ידוע</ManufactureCountry>
      <ManufacturerItemDescription>תפוזינה אשכוליות 1.5</ManufacturerItemDescription>
      <UnitQty>לא ידוע</UnitQty>
      <Quantity>1500.00</Quantity>
      <UnitOfMeasure>לא ידוע</UnitOfMeasure>
      <bIsWeighted>0</bIsWeighted>
      <QtyInPackage>לא ידוע</QtyInPackage>
      <ItemPrice>8.50</ItemPrice>
      <UnitOfMeasurePrice>0.0057</UnitOfMeasurePrice>
      <AllowDiscount>1</AllowDiscount>
      <ItemStatus>1</ItemStatus>
      <ItemId>236881</ItemId>
    </Item>
    <Item>
      <PriceUpdateDate>2024-11-22 08:35:47</PriceUpdateDate>
      <ItemCode>7290019056393</ItemCode>
      <ItemType>1</ItemType>
      <ItemName>תפוזינה תות בננה 1.5</ItemName>
      <ManufacturerName>קריות זול</ManufacturerName>
      <ManufactureCountry>לא ידוע</ManufactureCountry>
      <ManufacturerItemDescription>תפוזינה תות בננה 1.5</ManufacturerItemDescription>
      <UnitQty>לא ידוע</UnitQty>
      <Quantity>1500.00</Quantity>
      <UnitOfMeasure>לא ידוע</UnitOfMeasure>
      <bIsWeighted>0</bIsWeighted>
      <QtyInPackage>לא ידוע</QtyInPackage>
      <ItemPrice>8.50</ItemPrice>
      <UnitOfMeasurePrice>0.0057</UnitOfMeasurePrice>
      <AllowDiscount>1</AllowDiscount>
      <ItemStatus>1</ItemStatus>
      <ItemId>236882</ItemId>
    </Item>
    <Item>
      <PriceUpdateDate>2024-11-22 08:35:48</PriceUpdateDate>
      <ItemCode>7290019056430</ItemCode>
      <ItemType>1</ItemType>
      <ItemName>תפוזינה דיאט תפוזים</ItemName>
      <ManufacturerName>קריות זול</ManufacturerName>
      <ManufactureCountry>לא ידוע</ManufactureCountry>
      <ManufacturerItemDescription>תפוזינה דיאט תפוזים</ManufacturerItemDescription>
      <UnitQty>לא ידוע</UnitQty>
      <Quantity>1500.00</Quantity>
      <UnitOfMeasure>לא ידוע</UnitOfMeasure>
      <bIsWeighted>0</bIsWeighted>
      <QtyInPackage>לא ידוע</QtyInPackage>
      <ItemPrice>8.50</ItemPrice>
      <UnitOfMeasurePrice>0.0057</UnitOfMeasurePrice>
      <AllowDiscount>1</AllowDiscount>
      <ItemStatus>1</ItemStatus>
      <ItemId>236884</ItemId>
    </Item>
    <Item>
      <PriceUpdateDate>2024-11-22 08:35:47</PriceUpdateDate>
      <ItemCode>7290019056409</ItemCode>
      <ItemType>1</ItemType>
      <ItemName>תפוזינה מנגו עסיסי 1</ItemName>
      <ManufacturerName>קריות זול</ManufacturerName>
      <ManufactureCountry>לא ידוע</ManufactureCountry>
      <ManufacturerItemDescription>תפוזינה מנגו עסיסי 1</ManufacturerItemDescription>
      <UnitQty>לא ידוע</UnitQty>
      <Quantity>1500.00</Quantity>
      <UnitOfMeasure>לא ידוע</UnitOfMeasure>
      <bIsWeighted>0</bIsWeighted>
      <QtyInPackage>לא ידוע</QtyInPackage>
      <ItemPrice>8.50</ItemPrice>
      <UnitOfMeasurePrice>0.0057</UnitOfMeasurePrice>
      <AllowDiscount>1</AllowDiscount>
      <ItemStatus>1</ItemStatus>
      <ItemId>236887</ItemId>
    </Item>
    <Item>
      <PriceUpdateDate>2024-11-22 08:35:47</PriceUpdateDate>
      <ItemCode>7290019056423</ItemCode>
      <ItemType>1</ItemType>
      <ItemName>תפוזינה תפוח רענן 1.</ItemName>
      <ManufacturerName>קריות זול</ManufacturerName>
      <ManufactureCountry>לא ידוע</ManufactureCountry>
      <ManufacturerItemDescription>תפוזינה תפוח רענן 1.</ManufacturerItemDescription>
      <UnitQty>לא ידוע</UnitQty>
      <Quantity>1500.00</Quantity>
      <UnitOfMeasure>לא ידוע</UnitOfMeasure>
      <bIsWeighted>0</bIsWeighted>
      <QtyInPackage>לא ידוע</QtyInPackage>
      <ItemPrice>8.50</ItemPrice>
      <UnitOfMeasurePrice>0.0057</UnitOfMeasurePrice>
      <AllowDiscount>1</AllowDiscount>
      <ItemStatus>1</ItemStatus>
      <ItemId>236888</ItemId>
    </Item>
    <Item>
      <PriceUpdateDate>2025-09-03 07:34:19</PriceUpdateDate>
      <ItemCode>7290019056065</ItemCode>
      <ItemType>1</ItemType>
      <ItemName>שוופס מוגז עדין פירו</ItemName>
      <ManufacturerName>לא ידוע</ManufacturerName>
      <ManufactureCountry>לא ידוע</ManufactureCountry>
      <ManufacturerItemDescription>שוופס מוגז עדין פירו</ManufacturerItemDescription>
      <UnitQty>לא ידוע</UnitQty>
      <Quantity>1500.00</Quantity>
      <UnitOfMeasure>לא ידוע</UnitOfMeasure>
      <bIsWeighted>0</bIsWeighted>
      <QtyInPackage>לא ידוע</QtyInPackage>
      <ItemPrice>9.90</ItemPrice>
      <UnitOfMeasurePrice>0.0066</UnitOfMeasurePrice>
      <AllowDiscount>1</AllowDiscount>
      <ItemStatus>1</ItemStatus>
      <ItemId>236890</ItemId>
    </Item>
    <Item>
      <PriceUpdateDate>2025-09-03 07:34:19</PriceUpdateDate>
      <ItemCode>7290019056072</ItemCode>
      <ItemType>1</ItemType>
      <ItemName>שוופס מוגז עדין אננס</ItemName>
      <ManufacturerName>לא ידוע</ManufacturerName>
      <ManufactureCountry>לא ידוע</ManufactureCountry>
      <ManufacturerItemDescription>שוופס מוגז עדין אננס</ManufacturerItemDescription>
      <UnitQty>לא ידוע</UnitQty>
      <Quantity>1500.00</Quantity>
      <UnitOfMeasure>לא ידוע</UnitOfMeasure>
      <bIsWeighted>0</bIsWeighted>
      <QtyInPackage>לא ידוע</QtyInPackage>
      <ItemPrice>9.90</ItemPrice>
      <UnitOfMeasurePrice>0.0066</UnitOfMeasurePrice>
      <AllowDiscount>1</AllowDiscount>
      <ItemStatus>1</ItemStatus>
      <ItemId>236891</ItemId>
    </Item>
    <Item>
      <PriceUpdateDate>2025-09-03 07:34:19</PriceUpdateDate>
      <ItemCode>7290019056096</ItemCode>
      <ItemType>1</ItemType>
      <ItemName>שוופס מוגז עדין אפרס</ItemName>
      <ManufacturerName>לא ידוע</ManufacturerName>
      <ManufactureCountry>לא ידוע</ManufactureCountry>
      <ManufacturerItemDescription>שוופס מוגז עדין אפרס</ManufacturerItemDescription>
      <UnitQty>לא ידוע</UnitQty>
      <Quantity>1500.00</Quantity>
      <UnitOfMeasure>לא ידוע</UnitOfMeasure>
      <bIsWeighted>0</bIsWeighted>
      <QtyInPackage>לא ידוע</QtyInPackage>
      <ItemPrice>9.90</ItemPrice>
      <UnitOfMeasurePrice>0.0066</UnitOfMeasurePrice>
      <AllowDiscount>1</AllowDiscount>
      <ItemStatus>1</ItemStatus>
      <ItemId>236893</ItemId>
    </Item>
    <Item>
      <PriceUpdateDate>2025-09-03 07:34:16</PriceUpdateDate>
      <ItemCode>7290018471906</ItemCode>
      <ItemType>1</ItemType>
      <ItemName>שוופס מוגז לימונדה ו</ItemName>
      <ManufacturerName>לא ידוע</ManufacturerName>
      <ManufactureCountry>לא ידוע</ManufactureCountry>
      <ManufacturerItemDescription>שוופס מוגז לימונדה ו</ManufacturerItemDescription>
      <UnitQty>לא ידוע</UnitQty>
      <Quantity>1500.00</Quantity>
      <UnitOfMeasure>לא ידוע</UnitOfMeasure>
      <bIsWeighted>0</bIsWeighted>
      <QtyInPackage>לא ידוע</QtyInPackage>
      <ItemPrice>9.90</ItemPrice>
      <UnitOfMeasurePrice>0.0066</UnitOfMeasurePrice>
      <AllowDiscount>1</AllowDiscount>
      <ItemStatus>1</ItemStatus>
      <ItemId>236894</ItemId>
    </Item>
    <Item>
      <PriceUpdateDate>2025-09-03 07:34:16</PriceUpdateDate>
      <ItemCode>7290018471913</ItemCode>
      <ItemType>1</ItemType>
      <ItemName>שוופס מוגז תפוחים 1.</ItemName>
      <ManufacturerName>לא ידוע</ManufacturerName>
      <ManufactureCountry>לא ידוע</ManufactureCountry>
      <ManufacturerItemDescription>שוופס מוגז תפוחים 1.</ManufacturerItemDescription>
      <UnitQty>לא ידוע</UnitQty>
      <Quantity>1500.00</Quantity>
      <UnitOfMeasure>לא ידוע</UnitOfMeasure>
      <bIsWeighted>0</bIsWeighted>
      <QtyInPackage>לא ידוע</QtyInPackage>
      <ItemPrice>9.90</ItemPrice>
      <UnitOfMeasurePrice>0.0066</UnitOfMeasurePrice>
      <AllowDiscount>1</AllowDiscount>
      <ItemStatus>1</ItemStatus>
      <ItemId>236895</ItemId>
    </Item>
    <Item>
      <PriceUpdateDate>2025-09-03 07:34:17</PriceUpdateDate>
      <ItemCode>7290018471944</ItemCode>
      <ItemType>1</ItemType>
      <ItemName>שוופס מוגז למונייד 1</ItemName>
      <ManufacturerName>לא ידוע</ManufacturerName>
      <ManufactureCountry>לא ידוע</ManufactureCountry>
      <ManufacturerItemDescription>שוופס מוגז למונייד 1</ManufacturerItemDescription>
      <UnitQty>לא ידוע</UnitQty>
      <Quantity>1500.00</Quantity>
      <UnitOfMeasure>לא ידוע</UnitOfMeasure>
      <bIsWeighted>0</bIsWeighted>
      <QtyInPackage>לא ידוע</QtyInPackage>
      <ItemPrice>9.90</ItemPrice>
      <UnitOfMeasurePrice>0.0066</UnitOfMeasurePrice>
      <AllowDiscount>1</AllowDiscount>
      <ItemStatus>1</ItemStatus>
      <ItemId>236896</ItemId>
    </Item>
    <Item>
      <PriceUpdateDate>2025-09-03 07:34:17</PriceUpdateDate>
      <ItemCode>7290018471920</ItemCode>
      <ItemType>1</ItemType>
      <ItemName>שוופס מוגז ענבים 1.5</ItemName>
      <ManufacturerName>לא ידוע</ManufacturerName>
      <ManufactureCountry>לא ידוע</ManufactureCountry>
      <ManufacturerItemDescription>שוופס מוגז ענבים 1.5</ManufacturerItemDescription>
      <UnitQty>לא ידוע</UnitQty>
      <Quantity>1500.00</Quantity>
      <UnitOfMeasure>לא ידוע</UnitOfMeasure>
      <bIsWeighted>0</bIsWeighted>
      <QtyInPackage>לא ידוע</QtyInPackage>
      <ItemPrice>9.90</ItemPrice>
      <UnitOfMeasurePrice>0.0066</UnitOfMeasurePrice>
      <AllowDiscount>1</AllowDiscount>
      <ItemStatus>1</ItemStatus>
      <ItemId>236898</ItemId>
    </Item>
    <Item>
      <PriceUpdateDate>2025-09-03 07:34:17</PriceUpdateDate>
      <ItemCode>7290018471937</ItemCode>
      <ItemType>1</ItemType>
      <ItemName>שוופס מוגז פירות תות</ItemName>
      <ManufacturerName>לא ידוע</ManufacturerName>
      <ManufactureCountry>לא ידוע</ManufactureCountry>
      <ManufacturerItemDescription>שוופס מוגז פירות תות</ManufacturerItemDescription>
      <UnitQty>לא ידוע</UnitQty>
      <Quantity>1500.00</Quantity>
      <UnitOfMeasure>לא ידוע</UnitOfMeasure>
      <bIsWeighted>0</bIsWeighted>
      <QtyInPackage>לא ידוע</QtyInPackage>
      <ItemPrice>9.90</ItemPrice>
      <UnitOfMeasurePrice>0.0066</UnitOfMeasurePrice>
      <AllowDiscount>1</AllowDiscount>
      <ItemStatus>1</ItemStatus>
      <ItemId>236899</ItemId>
    </Item>
    <Item>
      <PriceUpdateDate>2025-09-03 07:34:22</PriceUpdateDate>
      <ItemCode>7290019056454</ItemCode>
      <ItemType>1</ItemType>
      <ItemName>אר.סי קולה 1.5ליטר</ItemName>
      <ManufacturerName>לא ידוע</ManufacturerName>
      <ManufactureCountry>לא ידוע</ManufactureCountry>
      <ManufacturerItemDescription>אר.סי קולה 1.5ליטר</ManufacturerItemDescription>
      <UnitQty>לא ידוע</UnitQty>
      <Quantity>1500.00</Quantity>
      <UnitOfMeasure>לא ידוע</UnitOfMeasure>
      <bIsWeighted>0</bIsWeighted>
      <QtyInPackage>לא ידוע</QtyInPackage>
      <ItemPrice>7.90</ItemPrice>
      <UnitOfMeasurePrice>0.0053</UnitOfMeasurePrice>
      <AllowDiscount>1</AllowDiscount>
      <ItemStatus>1</ItemStatus>
      <ItemId>236903</ItemId>
    </Item>
    <Item>
      <PriceUpdateDate>2025-09-03 07:34:21</PriceUpdateDate>
      <ItemCode>7290019056232</ItemCode>
      <ItemType>1</ItemType>
      <ItemName>שוופס ליים מוחיטו 1.</ItemName>
      <ManufacturerName>לא ידוע</ManufacturerName>
      <ManufactureCountry>לא ידוע</ManufactureCountry>
      <ManufacturerItemDescription>שוופס ליים מוחיטו 1.</ManufacturerItemDescription>
      <UnitQty>לא ידוע</UnitQty>
      <Quantity>1500.00</Quantity>
      <UnitOfMeasure>לא ידוע</UnitOfMeasure>
      <bIsWeighted>0</bIsWeighted>
      <QtyInPackage>לא ידוע</QtyInPackage>
      <ItemPrice>9.90</ItemPrice>
      <UnitOfMeasurePrice>0.0066</UnitOfMeasurePrice>
      <AllowDiscount>1</AllowDiscount>
      <ItemStatus>1</ItemStatus>
      <ItemId>236904</ItemId>
    </Item>
    <Item>
      <PriceUpdateDate>2025-09-03 07:34:23</PriceUpdateDate>
      <ItemCode>7290019056508</ItemCode>
      <ItemType>1</ItemType>
      <ItemName>משקה וואטר פרוט ענבי</ItemName>
      <ManufacturerName>לא ידוע</ManufacturerName>
      <ManufactureCountry>לא ידוע</ManufactureCountry>
      <ManufacturerItemDescription>משקה וואטר פרוט ענבי</ManufacturerItemDescription>
      <UnitQty>לא ידוע</UnitQty>
      <Quantity>1500.00</Quantity>
      <UnitOfMeasure>לא ידוע</UnitOfMeasure>
      <bIsWeighted>0</bIsWeighted>
      <QtyInPackage>לא ידוע</QtyInPackage>
      <ItemPrice>9.90</ItemPrice>
      <UnitOfMeasurePrice>0.0066</UnitOfMeasurePrice>
      <AllowDiscount>1</AllowDiscount>
      <ItemStatus>1</ItemStatus>
      <ItemId>236906</ItemId>
    </Item>
    <Item>
      <PriceUpdateDate>2025-09-03 07:34:23</PriceUpdateDate>
      <ItemCode>7290019056515</ItemCode>
      <ItemType>1</ItemType>
      <ItemName>משקה וואטר פרוט אננס</ItemName>
      <ManufacturerName>לא ידוע</ManufacturerName>
      <ManufactureCountry>לא ידוע</ManufactureCountry>
      <ManufacturerItemDescription>משקה וואטר פרוט אננס</ManufacturerItemDescription>
      <UnitQty>לא ידוע</UnitQty>
      <Quantity>1500.00</Quantity>
      <UnitOfMeasure>לא ידוע</UnitOfMeasure>
      <bIsWeighted>0</bIsWeighted>
      <QtyInPackage>לא ידוע</QtyInPackage>
      <ItemPrice>9.90</ItemPrice>
      <UnitOfMeasurePrice>0.0066</UnitOfMeasurePrice>
      <AllowDiscount>1</AllowDiscount>
      <ItemStatus>1</ItemStatus>
      <ItemId>236907</ItemId>
    </Item>
    <Item>
      <PriceUpdateDate>2025-09-03 07:34:24</PriceUpdateDate>
      <ItemCode>7290019056546</ItemCode>
      <ItemType>1</ItemType>
      <ItemName>משקה וואטר פרוט אבטי</ItemName>
      <ManufacturerName>לא ידוע</ManufacturerName>
      <ManufactureCountry>לא ידוע</ManufactureCountry>
      <ManufacturerItemDescription>משקה וואטר פרוט אבטי</ManufacturerItemDescription>
      <UnitQty>לא ידוע</UnitQty>
      <Quantity>1500.00</Quantity>
      <UnitOfMeasure>לא ידוע</UnitOfMeasure>
      <bIsWeighted>0</bIsWeighted>
      <QtyInPackage>לא ידוע</QtyInPackage>
      <ItemPrice>9.90</ItemPrice>
      <UnitOfMeasurePrice>0.0066</UnitOfMeasurePrice>
      <AllowDiscount>1</AllowDiscount>
      <ItemStatus>1</ItemStatus>
      <ItemId>236910</ItemId>
    </Item>
    <Item>
      <PriceUpdateDate>2024-12-31 12:14:54</PriceUpdateDate>
      <ItemCode>7290019056720</ItemCode>
      <ItemType>1</ItemType>
      <ItemName>קריסטל מיץ ענבים 2 ל</ItemName>
      <ManufacturerName>קריות זול</ManufacturerName>
      <ManufactureCountry>לא ידוע</ManufactureCountry>
      <ManufacturerItemDescription>קריסטל מיץ ענבים 2 ל</ManufacturerItemDescription>
      <UnitQty>לא ידוע</UnitQty>
      <Quantity>2000.00</Quantity>
      <UnitOfMeasure>לא ידוע</UnitOfMeasure>
      <bIsWeighted>0</bIsWeighted>
      <QtyInPackage>לא ידוע</QtyInPackage>
      <ItemPrice>6.50</ItemPrice>
      <UnitOfMeasurePrice>0.0033</UnitOfMeasurePrice>
      <AllowDiscount>1</AllowDiscount>
      <ItemStatus>1</ItemStatus>
      <ItemId>236911</ItemId>
    </Item>
    <Item>
      <PriceUpdateDate>2024-12-31 12:14:55</PriceUpdateDate>
      <ItemCode>7290019056744</ItemCode>
      <ItemType>1</ItemType>
      <ItemName>קריסטל מיץ תפוזים 2</ItemName>
      <ManufacturerName>קריות זול</ManufacturerName>
      <ManufactureCountry>לא ידוע</ManufactureCountry>
      <ManufacturerItemDescription>קריסטל מיץ תפוזים 2</ManufacturerItemDescription>
      <UnitQty>לא ידוע</UnitQty>
      <Quantity>2000.00</Quantity>
      <UnitOfMeasure>לא ידוע</UnitOfMeasure>
      <bIsWeighted>0</bIsWeighted>
      <QtyInPackage>לא ידוע</QtyInPackage>
      <ItemPrice>6.50</ItemPrice>
      <UnitOfMeasurePrice>0.0033</UnitOfMeasurePrice>
      <AllowDiscount>1</AllowDiscount>
      <ItemStatus>1</ItemStatus>
      <ItemId>236913</ItemId>
    </Item>
    <Item>
      <PriceUpdateDate>2024-12-31 12:14:55</PriceUpdateDate>
      <ItemCode>7290019056768</ItemCode>
      <ItemType>1</ItemType>
      <ItemName>קריסטל מיץ מנגו 2 לי</ItemName>
      <ManufacturerName>קריות זול</ManufacturerName>
      <ManufactureCountry>לא ידוע</ManufactureCountry>
      <ManufacturerItemDescription>קריסטל מיץ מנגו 2 לי</ManufacturerItemDescription>
      <UnitQty>לא ידוע</UnitQty>
      <Quantity>2000.00</Quantity>
      <UnitOfMeasure>לא ידוע</UnitOfMeasure>
      <bIsWeighted>0</bIsWeighted>
      <QtyInPackage>לא ידוע</QtyInPackage>
      <ItemPrice>6.50</ItemPrice>
      <UnitOfMeasurePrice>0.0033</UnitOfMeasurePrice>
      <AllowDiscount>1</AllowDiscount>
      <ItemStatus>1</ItemStatus>
      <ItemId>236914</ItemId>
    </Item>
    <Item>
      <PriceUpdateDate>2024-12-31 12:14:56</PriceUpdateDate>
      <ItemCode>7290019056782</ItemCode>
      <ItemType>1</ItemType>
      <ItemName>קריסטל למון ליים 2 ל</ItemName>
      <ManufacturerName>קריות זול</ManufacturerName>
      <ManufactureCountry>לא ידוע</ManufactureCountry>
      <ManufacturerItemDescription>קריסטל למון ליים 2 ל</ManufacturerItemDescription>
      <UnitQty>לא ידוע</UnitQty>
      <Quantity>2000.00</Quantity>
      <UnitOfMeasure>לא ידוע</UnitOfMeasure>
      <bIsWeighted>0</bIsWeighted>
      <QtyInPackage>לא ידוע</QtyInPackage>
      <ItemPrice>6.50</ItemPrice>
      <UnitOfMeasurePrice>0.0033</UnitOfMeasurePrice>
      <AllowDiscount>1</AllowDiscount>
      <ItemStatus>1</ItemStatus>
      <ItemId>236916</ItemId>
    </Item>
    <Item>
      <PriceUpdateDate>2024-12-31 12:14:56</PriceUpdateDate>
      <ItemCode>7290019056812</ItemCode>
      <ItemType>1</ItemType>
      <ItemName>קריסטל מנטה 2 ליטר</ItemName>
      <ManufacturerName>קריות זול</ManufacturerName>
      <ManufactureCountry>לא ידוע</ManufactureCountry>
      <ManufacturerItemDescription>קריסטל מנטה 2 ליטר</ManufacturerItemDescription>
      <UnitQty>לא ידוע</UnitQty>
      <Quantity>2000.00</Quantity>
      <UnitOfMeasure>לא ידוע</UnitOfMeasure>
      <bIsWeighted>0</bIsWeighted>
      <QtyInPackage>לא ידוע</QtyInPackage>
      <ItemPrice>6.50</ItemPrice>
      <UnitOfMeasurePrice>0.0033</UnitOfMeasurePrice>
      <AllowDiscount>1</AllowDiscount>
      <ItemStatus>1</ItemStatus>
      <ItemId>236917</ItemId>
    </Item>
    <Item>
      <PriceUpdateDate>2024-12-31 12:14:57</PriceUpdateDate>
      <ItemCode>7290019056836</ItemCode>
      <ItemType>1</ItemType>
      <ItemName>קריסטל תות 2 ליטר</ItemName>
      <ManufacturerName>קריות זול</ManufacturerName>
      <ManufactureCountry>לא ידוע</ManufactureCountry>
      <ManufacturerItemDescription>קריסטל תות 2 ליטר</ManufacturerItemDescription>
      <UnitQty>לא ידוע</UnitQty>
      <Quantity>2000.00</Quantity>
      <UnitOfMeasure>לא ידוע</UnitOfMeasure>
      <bIsWeighted>0</bIsWeighted>
      <QtyInPackage>לא ידוע</QtyInPackage>
      <ItemPrice>6.50</ItemPrice>
      <UnitOfMeasurePrice>0.0033</UnitOfMeasurePrice>
      <AllowDiscount>1</AllowDiscount>
      <ItemStatus>1</ItemStatus>
      <ItemId>236919</ItemId>
    </Item>
    <Item>
      <PriceUpdateDate>2024-12-31 12:14:57</PriceUpdateDate>
      <ItemCode>7290019056843</ItemCode>
      <ItemType>1</ItemType>
      <ItemName>קריסטל קולה 2 ליטר</ItemName>
      <ManufacturerName>קריות זול</ManufacturerName>
      <ManufactureCountry>לא ידוע</ManufactureCountry>
      <ManufacturerItemDescription>קריסטל קולה 2 ליטר</ManufacturerItemDescription>
      <UnitQty>לא ידוע</UnitQty>
      <Quantity>2000.00</Quantity>
      <UnitOfMeasure>לא ידוע</UnitOfMeasure>
      <bIsWeighted>0</bIsWeighted>
      <QtyInPackage>לא ידוע</QtyInPackage>
      <ItemPrice>6.50</ItemPrice>
      <UnitOfMeasurePrice>0.0033</UnitOfMeasurePrice>
      <AllowDiscount>1</AllowDiscount>
      <ItemStatus>1</ItemStatus>
      <ItemId>236920</ItemId>
    </Item>
    <Item>
      <PriceUpdateDate>2024-12-31 12:14:56</PriceUpdateDate>
      <ItemCode>7290019056805</ItemCode>
      <ItemType>1</ItemType>
      <ItemName>קריסטל תפוח 2 ליטר</ItemName>
      <ManufacturerName>קריות זול</ManufacturerName>
      <ManufactureCountry>לא ידוע</ManufactureCountry>
      <ManufacturerItemDescription>קריסטל תפוח 2 ליטר</ManufacturerItemDescription>
      <UnitQty>לא ידוע</UnitQty>
      <Quantity>2000.00</Quantity>
      <UnitOfMeasure>לא ידוע</UnitOfMeasure>
      <bIsWeighted>0</bIsWeighted>
      <QtyInPackage>לא ידוע</QtyInPackage>
      <ItemPrice>6.50</ItemPrice>
      <UnitOfMeasurePrice>0.0033</UnitOfMeasurePrice>
      <AllowDiscount>1</AllowDiscount>
      <ItemStatus>1</ItemStatus>
      <ItemId>236921</ItemId>
    </Item>
    <Item>
      <PriceUpdateDate>2024-11-22 08:35:45</PriceUpdateDate>
      <ItemCode>7290019056249</ItemCode>
      <ItemType>1</ItemType>
      <ItemName>שוופס וואטר ענבים 1.</ItemName>
      <ManufacturerName>לא ידוע</ManufacturerName>
      <ManufactureCountry>לא ידוע</ManufactureCountry>
      <ManufacturerItemDescription>שוופס וואטר ענבים 1.</ManufacturerItemDescription>
      <UnitQty>לא ידוע</UnitQty>
      <Quantity>1500.00</Quantity>
      <UnitOfMeasure>לא ידוע</UnitOfMeasure>
      <bIsWeighted>0</bIsWeighted>
      <QtyInPackage>לא ידוע</QtyInPackage>
      <ItemPrice>8.50</ItemPrice>
      <UnitOfMeasurePrice>0.0057</UnitOfMeasurePrice>
      <AllowDiscount>1</AllowDiscount>
      <ItemStatus>1</ItemStatus>
      <ItemId>236926</ItemId>
    </Item>
    <Item>
      <PriceUpdateDate>2024-12-31 12:14:56</PriceUpdateDate>
      <ItemCode>7290019056799</ItemCode>
      <ItemType>1</ItemType>
      <ItemName>קריסטל אקזוטי 2ליטר</ItemName>
      <ManufacturerName>קריות זול</ManufacturerName>
      <ManufactureCountry>לא ידוע</ManufactureCountry>
      <ManufacturerItemDescription>קריסטל אקזוטי 2ליטר</ManufacturerItemDescription>
      <UnitQty>לא ידוע</UnitQty>
      <Quantity>2000.00</Quantity>
      <UnitOfMeasure>לא ידוע</UnitOfMeasure>
      <bIsWeighted>0</bIsWeighted>
      <QtyInPackage>לא ידוע</QtyInPackage>
      <ItemPrice>6.50</ItemPrice>
      <UnitOfMeasurePrice>0.0033</UnitOfMeasurePrice>
      <AllowDiscount>1</AllowDiscount>
      <ItemStatus>1</ItemStatus>
      <ItemId>236923</ItemId>
    </Item>
    <Item>
      <PriceUpdateDate>2025-09-03 07:34:22</PriceUpdateDate>
      <ItemCode>7290019056478</ItemCode>
      <ItemType>1</ItemType>
      <ItemName>ספרינג טי קר אפרסק 1</ItemName>
      <ManufacturerName>קריות זול</ManufacturerName>
      <ManufactureCountry>לא ידוע</ManufactureCountry>
      <ManufacturerItemDescription>ספרינג טי קר אפרסק 1</ManufacturerItemDescription>
      <UnitQty>לא ידוע</UnitQty>
      <Quantity>1500.00</Quantity>
      <UnitOfMeasure>לא ידוע</UnitOfMeasure>
      <bIsWeighted>0</bIsWeighted>
      <QtyInPackage>לא ידוע</QtyInPackage>
      <ItemPrice>9.50</ItemPrice>
      <UnitOfMeasurePrice>0.0063</UnitOfMeasurePrice>
      <AllowDiscount>1</AllowDiscount>
      <ItemStatus>1</ItemStatus>
      <ItemId>236929</ItemId>
    </Item>
    <Item>
      <PriceUpdateDate>2025-09-03 07:34:23</PriceUpdateDate>
      <ItemCode>7290019056485</ItemCode>
      <ItemType>1</ItemType>
      <ItemName>ספרינג טי קר לימון ל</ItemName>
      <ManufacturerName>קריות זול</ManufacturerName>
      <ManufactureCountry>לא ידוע</ManufactureCountry>
      <ManufacturerItemDescription>ספרינג טי קר לימון ל</ManufacturerItemDescription>
      <UnitQty>לא ידוע</UnitQty>
      <Quantity>1500.00</Quantity>
      <UnitOfMeasure>לא ידוע</UnitOfMeasure>
      <bIsWeighted>0</bIsWeighted>
      <QtyInPackage>לא ידוע</QtyInPackage>
      <ItemPrice>9.50</ItemPrice>
      <UnitOfMeasurePrice>0.0063</UnitOfMeasurePrice>
      <AllowDiscount>1</AllowDiscount>
      <ItemStatus>1</ItemStatus>
      <ItemId>236930</ItemId>
    </Item>
    <Item>
      <PriceUpdateDate>2025-09-03 07:34:23</PriceUpdateDate>
      <ItemCode>7290019056492</ItemCode>
      <ItemType>1</ItemType>
      <ItemName>ספרינג טי מנגו אפרסק</ItemName>
      <ManufacturerName>קריות זול</ManufacturerName>
      <ManufactureCountry>לא ידוע</ManufactureCountry>
      <ManufacturerItemDescription>ספרינג טי מנגו אפרסק</ManufacturerItemDescription>
      <UnitQty>לא ידוע</UnitQty>
      <Quantity>1500.00</Quantity>
      <UnitOfMeasure>לא ידוע</UnitOfMeasure>
      <bIsWeighted>0</bIsWeighted>
      <QtyInPackage>לא ידוע</QtyInPackage>
      <ItemPrice>9.50</ItemPrice>
      <UnitOfMeasurePrice>0.0063</UnitOfMeasurePrice>
      <AllowDiscount>1</AllowDiscount>
      <ItemStatus>1</ItemStatus>
      <ItemId>236931</ItemId>
    </Item>
    <Item>
      <PriceUpdateDate>2025-09-03 07:34:27</PriceUpdateDate>
      <ItemCode>7290019056850</ItemCode>
      <ItemType>1</ItemType>
      <ItemName>ספרינג טי דיאט אפרסק</ItemName>
      <ManufacturerName>קריות זול</ManufacturerName>
      <ManufactureCountry>לא ידוע</ManufactureCountry>
      <ManufacturerItemDescription>ספרינג טי דיאט אפרסק</ManufacturerItemDescription>
      <UnitQty>לא ידוע</UnitQty>
      <Quantity>1500.00</Quantity>
      <UnitOfMeasure>לא ידוע</UnitOfMeasure>
      <bIsWeighted>0</bIsWeighted>
      <QtyInPackage>לא ידוע</QtyInPackage>
      <ItemPrice>9.50</ItemPrice>
      <UnitOfMeasurePrice>0.0063</UnitOfMeasurePrice>
      <AllowDiscount>1</AllowDiscount>
      <ItemStatus>1</ItemStatus>
      <ItemId>236932</ItemId>
    </Item>
    <Item>
      <PriceUpdateDate>2025-09-03 07:34:21</PriceUpdateDate>
      <ItemCode>7290019056300</ItemCode>
      <ItemType>1</ItemType>
      <ItemName>שוופס ביטר לימון 1.5</ItemName>
      <ManufacturerName>קריות זול</ManufacturerName>
      <ManufactureCountry>לא ידוע</ManufactureCountry>
      <ManufacturerItemDescription>שוופס ביטר לימון 1.5</ManufacturerItemDescription>
      <UnitQty>לא ידוע</UnitQty>
      <Quantity>1500.00</Quantity>
      <UnitOfMeasure>לא ידוע</UnitOfMeasure>
      <bIsWeighted>0</bIsWeighted>
      <QtyInPackage>לא ידוע</QtyInPackage>
      <ItemPrice>14.50</ItemPrice>
      <UnitOfMeasurePrice>0.0097</UnitOfMeasurePrice>
      <AllowDiscount>1</AllowDiscount>
      <ItemStatus>1</ItemStatus>
      <ItemId>236934</ItemId>
    </Item>
    <Item>
      <PriceUpdateDate>2025-09-03 07:34:21</PriceUpdateDate>
      <ItemCode>7290019056317</ItemCode>
      <ItemType>1</ItemType>
      <ItemName>שוופס ראשן 1.5 ליטר</ItemName>
      <ManufacturerName>קריות זול</ManufacturerName>
      <ManufactureCountry>לא ידוע</ManufactureCountry>
      <ManufacturerItemDescription>שוופס ראשן 1.5 ליטר</ManufacturerItemDescription>
      <UnitQty>לא ידוע</UnitQty>
      <Quantity>1500.00</Quantity>
      <UnitOfMeasure>לא ידוע</UnitOfMeasure>
      <bIsWeighted>0</bIsWeighted>
      <QtyInPackage>לא ידוע</QtyInPackage>
      <ItemPrice>14.50</ItemPrice>
      <UnitOfMeasurePrice>0.0097</UnitOfMeasurePrice>
      <AllowDiscount>1</AllowDiscount>
      <ItemStatus>1</ItemStatus>
      <ItemId>236935</ItemId>
    </Item>
    <Item>
      <PriceUpdateDate>2025-09-03 07:34:22</PriceUpdateDate>
      <ItemCode>7290019056324</ItemCode>
      <ItemType>1</ItemType>
      <ItemName>שוופס מי טוניק 1.5לי</ItemName>
      <ManufacturerName>קריות זול</ManufacturerName>
      <ManufactureCountry>לא ידוע</ManufactureCountry>
      <ManufacturerItemDescription>שוופס מי טוניק 1.5לי</ManufacturerItemDescription>
      <UnitQty>לא ידוע</UnitQty>
      <Quantity>1500.00</Quantity>
      <UnitOfMeasure>לא ידוע</UnitOfMeasure>
      <bIsWeighted>0</bIsWeighted>
      <QtyInPackage>לא ידוע</QtyInPackage>
      <ItemPrice>14.50</ItemPrice>
      <UnitOfMeasurePrice>0.0097</UnitOfMeasurePrice>
      <AllowDiscount>1</AllowDiscount>
      <ItemStatus>1</ItemStatus>
      <ItemId>236936</ItemId>
    </Item>
    <Item>
      <PriceUpdateDate>2025-09-03 07:34:22</PriceUpdateDate>
      <ItemCode>7290019056331</ItemCode>
      <ItemType>1</ItemType>
      <ItemName>שוופס מי טוניק ללא ס</ItemName>
      <ManufacturerName>קריות זול</ManufacturerName>
      <ManufactureCountry>לא ידוע</ManufactureCountry>
      <ManufacturerItemDescription>שוופס מי טוניק ללא ס</ManufacturerItemDescription>
      <UnitQty>לא ידוע</UnitQty>
      <Quantity>1500.00</Quantity>
      <UnitOfMeasure>לא ידוע</UnitOfMeasure>
      <bIsWeighted>0</bIsWeighted>
      <QtyInPackage>לא ידוע</QtyInPackage>
      <ItemPrice>14.50</ItemPrice>
      <UnitOfMeasurePrice>0.0097</UnitOfMeasurePrice>
      <AllowDiscount>1</AllowDiscount>
      <ItemStatus>1</ItemStatus>
      <ItemId>236937</ItemId>
    </Item>
    <Item>
      <PriceUpdateDate>2025-09-03 07:34:20</PriceUpdateDate>
      <ItemCode>7290019056164</ItemCode>
      <ItemType>1</ItemType>
      <ItemName>שוופס סודה מארז 4*1.</ItemName>
      <ManufacturerName>קריות זול</ManufacturerName>
      <ManufactureCountry>לא ידוע</ManufactureCountry>
      <ManufacturerItemDescription>שוופס סודה מארז 4*1.</ManufacturerItemDescription>
      <UnitQty>לא ידוע</UnitQty>
      <Quantity>6000.00</Quantity>
      <UnitOfMeasure>לא ידוע</UnitOfMeasure>
      <bIsWeighted>0</bIsWeighted>
      <QtyInPackage>לא ידוע</QtyInPackage>
      <ItemPrice>16.50</ItemPrice>
      <UnitOfMeasurePrice>0.0028</UnitOfMeasurePrice>
      <AllowDiscount>1</AllowDiscount>
      <ItemStatus>1</ItemStatus>
      <ItemId>236938</ItemId>
    </Item>
    <Item>
      <PriceUpdateDate>2025-09-03 07:34:20</PriceUpdateDate>
      <ItemCode>7290019056171</ItemCode>
      <ItemType>1</ItemType>
      <ItemName>שוופס סודה לימון מאר</ItemName>
      <ManufacturerName>קריות זול</ManufacturerName>
      <ManufactureCountry>לא ידוע</ManufactureCountry>
      <ManufacturerItemDescription>שוופס סודה לימון מאר</ManufacturerItemDescription>
      <UnitQty>לא ידוע</UnitQty>
      <Quantity>6000.00</Quantity>
      <UnitOfMeasure>לא ידוע</UnitOfMeasure>
      <bIsWeighted>0</bIsWeighted>
      <QtyInPackage>לא ידוע</QtyInPackage>
      <ItemPrice>16.50</ItemPrice>
      <UnitOfMeasurePrice>0.0028</UnitOfMeasurePrice>
      <AllowDiscount>1</AllowDiscount>
      <ItemStatus>1</ItemStatus>
      <ItemId>236939</ItemId>
    </Item>
    <Item>
      <PriceUpdateDate>2025-09-03 07:34:20</PriceUpdateDate>
      <ItemCode>7290019056188</ItemCode>
      <ItemType>1</ItemType>
      <ItemName>שוופס סודה נענע ליים</ItemName>
      <ManufacturerName>קריות זול</ManufacturerName>
      <ManufactureCountry>לא ידוע</ManufactureCountry>
      <ManufacturerItemDescription>שוופס סודה נענע ליים</ManufacturerItemDescription>
      <UnitQty>לא ידוע</UnitQty>
      <Quantity>6000.00</Quantity>
      <UnitOfMeasure>לא ידוע</UnitOfMeasure>
      <bIsWeighted>0</bIsWeighted>
      <QtyInPackage>לא ידוע</QtyInPackage>
      <ItemPrice>16.50</ItemPrice>
      <UnitOfMeasurePrice>0.0028</UnitOfMeasurePrice>
      <AllowDiscount>1</AllowDiscount>
      <ItemStatus>1</ItemStatus>
      <ItemId>236940</ItemId>
    </Item>
    <Item>
      <PriceUpdateDate>2025-09-03 07:34:20</PriceUpdateDate>
      <ItemCode>7290019056201</ItemCode>
      <ItemType>1</ItemType>
      <ItemName>שוופס סודה פירות יער</ItemName>
      <ManufacturerName>קריות זול</ManufacturerName>
      <ManufactureCountry>לא ידוע</ManufactureCountry>
      <ManufacturerItemDescription>שוופס סודה פירות יער</ManufacturerItemDescription>
      <UnitQty>לא ידוע</UnitQty>
      <Quantity>6000.00</Quantity>
      <UnitOfMeasure>לא ידוע</UnitOfMeasure>
      <bIsWeighted>0</bIsWeighted>
      <QtyInPackage>לא ידוע</QtyInPackage>
      <ItemPrice>16.50</ItemPrice>
      <UnitOfMeasurePrice>0.0028</UnitOfMeasurePrice>
      <AllowDiscount>1</AllowDiscount>
      <ItemStatus>1</ItemStatus>
      <ItemId>236942</ItemId>
    </Item>
    <Item>
      <PriceUpdateDate>2025-12-04 07:13:54</PriceUpdateDate>
      <ItemCode>7290110115418</ItemCode>
      <ItemType>1</ItemType>
      <ItemName>ק.קולה זירו שישייה 6</ItemName>
      <ManufacturerName>לא ידוע</ManufacturerName>
      <ManufactureCountry>לא ידוע</ManufactureCountry>
      <ManufacturerItemDescription>ק.קולה זירו שישייה 6</ManufacturerItemDescription>
      <UnitQty>לא ידוע</UnitQty>
      <Quantity>9000.00</Quantity>
      <UnitOfMeasure>לא ידוע</UnitOfMeasure>
      <bIsWeighted>0</bIsWeighted>
      <QtyInPackage>לא ידוע</QtyInPackage>
      <ItemPrice>48.90</ItemPrice>
      <UnitOfMeasurePrice>0.0054</UnitOfMeasurePrice>
      <AllowDiscount>1</AllowDiscount>
      <ItemStatus>1</ItemStatus>
      <ItemId>236943</ItemId>
    </Item>
    <Item>
      <PriceUpdateDate>2025-09-04 12:00:21</PriceUpdateDate>
      <ItemCode>7290110115265</ItemCode>
      <ItemType>1</ItemType>
      <ItemName>ספרייט ליים 1.5 ליטר</ItemName>
      <ManufacturerName>לא ידוע</ManufacturerName>
      <ManufactureCountry>לא ידוע</ManufactureCountry>
      <ManufacturerItemDescription>ספרייט ליים 1.5 ליטר</ManufacturerItemDescription>
      <UnitQty>לא ידוע</UnitQty>
      <Quantity>1500.00</Quantity>
      <UnitOfMeasure>לא ידוע</UnitOfMeasure>
      <bIsWeighted>0</bIsWeighted>
      <QtyInPackage>לא ידוע</QtyInPackage>
      <ItemPrice>9.20</ItemPrice>
      <UnitOfMeasurePrice>0.0061</UnitOfMeasurePrice>
      <AllowDiscount>1</AllowDiscount>
      <ItemStatus>1</ItemStatus>
      <ItemId>236944</ItemId>
    </Item>
    <Item>
      <PriceUpdateDate>2025-09-04 12:00:21</PriceUpdateDate>
      <ItemCode>7290110115272</ItemCode>
      <ItemType>1</ItemType>
      <ItemName>ספרייט זירו 1.5 ליטר</ItemName>
      <ManufacturerName>לא ידוע</ManufacturerName>
      <ManufactureCountry>לא ידוע</ManufactureCountry>
      <ManufacturerItemDescription>ספרייט זירו 1.5 ליטר</ManufacturerItemDescription>
      <UnitQty>לא ידוע</UnitQty>
      <Quantity>1500.00</Quantity>
      <UnitOfMeasure>לא ידוע</UnitOfMeasure>
      <bIsWeighted>0</bIsWeighted>
      <QtyInPackage>לא ידוע</QtyInPackage>
      <ItemPrice>9.20</ItemPrice>
      <UnitOfMeasurePrice>0.0061</UnitOfMeasurePrice>
      <AllowDiscount>1</AllowDiscount>
      <ItemStatus>1</ItemStatus>
      <ItemId>236945</ItemId>
    </Item>
    <Item>
      <PriceUpdateDate>2022-01-03 07:19:58</PriceUpdateDate>
      <ItemCode>7290110115500</ItemCode>
      <ItemType>1</ItemType>
      <ItemName>קוקה קולה שישיות 6*2</ItemName>
      <ManufacturerName>לא ידוע</ManufacturerName>
      <ManufactureCountry>לא ידוע</ManufactureCountry>
      <ManufacturerItemDescription>קוקה קולה שישיות 6*2</ManufacturerItemDescription>
      <UnitQty>לא ידוע</UnitQty>
      <Quantity>12000.00</Quantity>
      <UnitOfMeasure>לא ידוע</UnitOfMeasure>
      <bIsWeighted>0</bIsWeighted>
      <QtyInPackage>לא ידוע</QtyInPackage>
      <ItemPrice>59.90</ItemPrice>
      <UnitOfMeasurePrice>0.0050</UnitOfMeasurePrice>
      <AllowDiscount>1</AllowDiscount>
      <ItemStatus>1</ItemStatus>
      <ItemId>236947</ItemId>
    </Item>
    <Item>
      <PriceUpdateDate>2025-05-26 14:24:37</PriceUpdateDate>
      <ItemCode>7290110115425</ItemCode>
      <ItemType>1</ItemType>
      <ItemName>פיוז טי גרין לימון נ</ItemName>
      <ManufacturerName>לא ידוע</ManufacturerName>
      <ManufactureCountry>לא ידוע</ManufactureCountry>
      <ManufacturerItemDescription>פיוז טי גרין לימון נ</ManufacturerItemDescription>
      <UnitQty>לא ידוע</UnitQty>
      <Quantity>1500.00</Quantity>
      <UnitOfMeasure>לא ידוע</UnitOfMeasure>
      <bIsWeighted>0</bIsWeighted>
      <QtyInPackage>לא ידוע</QtyInPackage>
      <ItemPrice>9.10</ItemPrice>
      <UnitOfMeasurePrice>0.0061</UnitOfMeasurePrice>
      <AllowDiscount>1</AllowDiscount>
      <ItemStatus>1</ItemStatus>
      <ItemId>236951</ItemId>
    </Item>
    <Item>
      <PriceUpdateDate>2025-05-26 14:24:37</PriceUpdateDate>
      <ItemCode>7290110115449</ItemCode>
      <ItemType>1</ItemType>
      <ItemName>פיוז טי תה קר בטעם מ</ItemName>
      <ManufacturerName>לא ידוע</ManufacturerName>
      <ManufactureCountry>לא ידוע</ManufactureCountry>
      <ManufacturerItemDescription>פיוז טי תה קר בטעם מ</ManufacturerItemDescription>
      <UnitQty>לא ידוע</UnitQty>
      <Quantity>1500.00</Quantity>
      <UnitOfMeasure>לא ידוע</UnitOfMeasure>
      <bIsWeighted>0</bIsWeighted>
      <QtyInPackage>לא ידוע</QtyInPackage>
      <ItemPrice>9.10</ItemPrice>
      <UnitOfMeasurePrice>0.0061</UnitOfMeasurePrice>
      <AllowDiscount>1</AllowDiscount>
      <ItemStatus>1</ItemStatus>
      <ItemId>236953</ItemId>
    </Item>
    <Item>
      <PriceUpdateDate>2025-05-26 14:24:38</PriceUpdateDate>
      <ItemCode>7290110115463</ItemCode>
      <ItemType>1</ItemType>
      <ItemName>פיוז תה 1.5 ליטר בטע</ItemName>
      <ManufacturerName>לא ידוע</ManufacturerName>
      <ManufactureCountry>לא ידוע</ManufactureCountry>
      <ManufacturerItemDescription>פיוז תה 1.5 ליטר בטע</ManufacturerItemDescription>
      <UnitQty>לא ידוע</UnitQty>
      <Quantity>1500.00</Quantity>
      <UnitOfMeasure>לא ידוע</UnitOfMeasure>
      <bIsWeighted>0</bIsWeighted>
      <QtyInPackage>לא ידוע</QtyInPackage>
      <ItemPrice>9.10</ItemPrice>
      <UnitOfMeasurePrice>0.0061</UnitOfMeasurePrice>
      <AllowDiscount>1</AllowDiscount>
      <ItemStatus>1</ItemStatus>
      <ItemId>236955</ItemId>
    </Item>
    <Item>
      <PriceUpdateDate>2025-05-26 14:24:38</PriceUpdateDate>
      <ItemCode>7290110115494</ItemCode>
      <ItemType>1</ItemType>
      <ItemName>פיוז טי תה קר בטעם ע</ItemName>
      <ManufacturerName>לא ידוע</ManufacturerName>
      <ManufactureCountry>לא ידוע</ManufactureCountry>
      <ManufacturerItemDescription>פיוז טי תה קר בטעם ע</ManufacturerItemDescription>
      <UnitQty>לא ידוע</UnitQty>
      <Quantity>1500.00</Quantity>
      <UnitOfMeasure>לא ידוע</UnitOfMeasure>
      <bIsWeighted>0</bIsWeighted>
      <QtyInPackage>לא ידוע</QtyInPackage>
      <ItemPrice>9.10</ItemPrice>
      <UnitOfMeasurePrice>0.0061</UnitOfMeasurePrice>
      <AllowDiscount>1</AllowDiscount>
      <ItemStatus>1</ItemStatus>
      <ItemId>236957</ItemId>
    </Item>
    <Item>
      <PriceUpdateDate>2025-05-26 14:24:39</PriceUpdateDate>
      <ItemCode>7290110115623</ItemCode>
      <ItemType>1</ItemType>
      <ItemName>פיוז טי זירו אפרסק 1</ItemName>
      <ManufacturerName>לא ידוע</ManufacturerName>
      <ManufactureCountry>לא ידוע</ManufactureCountry>
      <ManufacturerItemDescription>פיוז טי זירו אפרסק 1</ManufacturerItemDescription>
      <UnitQty>לא ידוע</UnitQty>
      <Quantity>1500.00</Quantity>
      <UnitOfMeasure>לא ידוע</UnitOfMeasure>
      <bIsWeighted>0</bIsWeighted>
      <QtyInPackage>לא ידוע</QtyInPackage>
      <ItemPrice>9.10</ItemPrice>
      <UnitOfMeasurePrice>0.0061</UnitOfMeasurePrice>
      <AllowDiscount>1</AllowDiscount>
      <ItemStatus>1</ItemStatus>
      <ItemId>236961</ItemId>
    </Item>
    <Item>
      <PriceUpdateDate>2024-12-31 12:14:47</PriceUpdateDate>
      <ItemCode>7290019056133</ItemCode>
      <ItemType>1</ItemType>
      <ItemName>שוופס סודה נענע ליים</ItemName>
      <ManufacturerName>לא ידוע</ManufacturerName>
      <ManufactureCountry>לא ידוע</ManufactureCountry>
      <ManufacturerItemDescription>שוופס סודה נענע ליים</ManufacturerItemDescription>
      <UnitQty>לא ידוע</UnitQty>
      <Quantity>1500.00</Quantity>
      <UnitOfMeasure>לא ידוע</UnitOfMeasure>
      <bIsWeighted>0</bIsWeighted>
      <QtyInPackage>לא ידוע</QtyInPackage>
      <ItemPrice>4.50</ItemPrice>
      <UnitOfMeasurePrice>0.0030</UnitOfMeasurePrice>
      <AllowDiscount>1</AllowDiscount>
      <ItemStatus>1</ItemStatus>
      <ItemId>236966</ItemId>
    </Item>
    <Item>
      <PriceUpdateDate>2025-09-04 12:00:16</PriceUpdateDate>
      <ItemCode>7290110114961</ItemCode>
      <ItemType>1</ItemType>
      <ItemName>פריגת  תפוזים 1.5 לי</ItemName>
      <ManufacturerName>לא ידוע</ManufacturerName>
      <ManufactureCountry>לא ידוע</ManufactureCountry>
      <ManufacturerItemDescription>פריגת  תפוזים 1.5 לי</ManufacturerItemDescription>
      <UnitQty>לא ידוע</UnitQty>
      <Quantity>1500.00</Quantity>
      <UnitOfMeasure>לא ידוע</UnitOfMeasure>
      <bIsWeighted>0</bIsWeighted>
      <QtyInPackage>לא ידוע</QtyInPackage>
      <ItemPrice>9.90</ItemPrice>
      <UnitOfMeasurePrice>0.0066</UnitOfMeasurePrice>
      <AllowDiscount>1</AllowDiscount>
      <ItemStatus>1</ItemStatus>
      <ItemId>236976</ItemId>
    </Item>
    <Item>
      <PriceUpdateDate>2025-09-04 12:00:16</PriceUpdateDate>
      <ItemCode>7290110114985</ItemCode>
      <ItemType>1</ItemType>
      <ItemName>משקה קל בטעם אשכוליו</ItemName>
      <ManufacturerName>לא ידוע</ManufacturerName>
      <ManufactureCountry>לא ידוע</ManufactureCountry>
      <ManufacturerItemDescription>משקה קל בטעם אשכוליו</ManufacturerItemDescription>
      <UnitQty>לא ידוע</UnitQty>
      <Quantity>1500.00</Quantity>
      <UnitOfMeasure>לא ידוע</UnitOfMeasure>
      <bIsWeighted>0</bIsWeighted>
      <QtyInPackage>לא ידוע</QtyInPackage>
      <ItemPrice>9.90</ItemPrice>
      <UnitOfMeasurePrice>0.0066</UnitOfMeasurePrice>
      <AllowDiscount>1</AllowDiscount>
      <ItemStatus>1</ItemStatus>
      <ItemId>236978</ItemId>
    </Item>
    <Item>
      <PriceUpdateDate>2025-09-04 12:00:16</PriceUpdateDate>
      <ItemCode>7290110115005</ItemCode>
      <ItemType>1</ItemType>
      <ItemName>פריגת ענבים 1.5 ליטר</ItemName>
      <ManufacturerName>לא ידוע</ManufacturerName>
      <ManufactureCountry>לא ידוע</ManufactureCountry>
      <ManufacturerItemDescription>פריגת ענבים 1.5 ליטר</ManufacturerItemDescription>
      <UnitQty>לא ידוע</UnitQty>
      <Quantity>1500.00</Quantity>
      <UnitOfMeasure>לא ידוע</UnitOfMeasure>
      <bIsWeighted>0</bIsWeighted>
      <QtyInPackage>לא ידוע</QtyInPackage>
      <ItemPrice>9.90</ItemPrice>
      <UnitOfMeasurePrice>0.0066</UnitOfMeasurePrice>
      <AllowDiscount>1</AllowDiscount>
      <ItemStatus>1</ItemStatus>
      <ItemId>236980</ItemId>
    </Item>
    <Item>
      <PriceUpdateDate>2025-09-04 12:00:17</PriceUpdateDate>
      <ItemCode>7290110115012</ItemCode>
      <ItemType>1</ItemType>
      <ItemName>פריגת מרלו ענבים 1.5</ItemName>
      <ManufacturerName>לא ידוע</ManufacturerName>
      <ManufactureCountry>לא ידוע</ManufactureCountry>
      <ManufacturerItemDescription>פריגת מרלו ענבים 1.5</ManufacturerItemDescription>
      <UnitQty>לא ידוע</UnitQty>
      <Quantity>1500.00</Quantity>
      <UnitOfMeasure>לא ידוע</UnitOfMeasure>
      <bIsWeighted>0</bIsWeighted>
      <QtyInPackage>לא ידוע</QtyInPackage>
      <ItemPrice>9.90</ItemPrice>
      <UnitOfMeasurePrice>0.0066</UnitOfMeasurePrice>
      <AllowDiscount>1</AllowDiscount>
      <ItemStatus>1</ItemStatus>
      <ItemId>236981</ItemId>
    </Item>
    <Item>
      <PriceUpdateDate>2025-09-04 12:00:17</PriceUpdateDate>
      <ItemCode>7290110115029</ItemCode>
      <ItemType>1</ItemType>
      <ItemName>פריגת משקה קל תפוחים</ItemName>
      <ManufacturerName>לא ידוע</ManufacturerName>
      <ManufactureCountry>לא ידוע</ManufactureCountry>
      <ManufacturerItemDescription>פריגת משקה קל תפוחים</ManufacturerItemDescription>
      <UnitQty>לא ידוע</UnitQty>
      <Quantity>1500.00</Quantity>
      <UnitOfMeasure>לא ידוע</UnitOfMeasure>
      <bIsWeighted>0</bIsWeighted>
      <QtyInPackage>לא ידוע</QtyInPackage>
      <ItemPrice>9.90</ItemPrice>
      <UnitOfMeasurePrice>0.0066</UnitOfMeasurePrice>
      <AllowDiscount>1</AllowDiscount>
      <ItemStatus>1</ItemStatus>
      <ItemId>236982</ItemId>
    </Item>
    <Item>
      <PriceUpdateDate>2025-09-04 12:00:18</PriceUpdateDate>
      <ItemCode>7290110115036</ItemCode>
      <ItemType>1</ItemType>
      <ItemName>פריגת  מנגו 1.5</ItemName>
      <ManufacturerName>לא ידוע</ManufacturerName>
      <ManufactureCountry>לא ידוע</ManufactureCountry>
      <ManufacturerItemDescription>פריגת  מנגו 1.5</ManufacturerItemDescription>
      <UnitQty>לא ידוע</UnitQty>
      <Quantity>1500.00</Quantity>
      <UnitOfMeasure>לא ידוע</UnitOfMeasure>
      <bIsWeighted>0</bIsWeighted>
      <QtyInPackage>לא ידוע</QtyInPackage>
      <ItemPrice>9.90</ItemPrice>
      <UnitOfMeasurePrice>0.0066</UnitOfMeasurePrice>
      <AllowDiscount>1</AllowDiscount>
      <ItemStatus>1</ItemStatus>
      <ItemId>236983</ItemId>
    </Item>
    <Item>
      <PriceUpdateDate>2025-09-04 12:00:18</PriceUpdateDate>
      <ItemCode>7290110115043</ItemCode>
      <ItemType>1</ItemType>
      <ItemName>פריגת לימונענע 1.5 ל</ItemName>
      <ManufacturerName>לא ידוע</ManufacturerName>
      <ManufactureCountry>לא ידוע</ManufactureCountry>
      <ManufacturerItemDescription>פריגת לימונענע 1.5 ל</ManufacturerItemDescription>
      <UnitQty>לא ידוע</UnitQty>
      <Quantity>1500.00</Quantity>
      <UnitOfMeasure>לא ידוע</UnitOfMeasure>
      <bIsWeighted>0</bIsWeighted>
      <QtyInPackage>לא ידוע</QtyInPackage>
      <ItemPrice>9.90</ItemPrice>
      <UnitOfMeasurePrice>0.0066</UnitOfMeasurePrice>
      <AllowDiscount>1</AllowDiscount>
      <ItemStatus>1</ItemStatus>
      <ItemId>236984</ItemId>
    </Item>
    <Item>
      <PriceUpdateDate>2025-09-04 12:00:18</PriceUpdateDate>
      <ItemCode>7290110115050</ItemCode>
      <ItemType>1</ItemType>
      <ItemName>פריגת תות-בננה 1.5</ItemName>
      <ManufacturerName>לא ידוע</ManufacturerName>
      <ManufactureCountry>לא ידוע</ManufactureCountry>
      <ManufacturerItemDescription>פריגת תות-בננה 1.5</ManufacturerItemDescription>
      <UnitQty>לא ידוע</UnitQty>
      <Quantity>1500.00</Quantity>
      <UnitOfMeasure>לא ידוע</UnitOfMeasure>
      <bIsWeighted>0</bIsWeighted>
      <QtyInPackage>לא ידוע</QtyInPackage>
      <ItemPrice>9.90</ItemPrice>
      <UnitOfMeasurePrice>0.0066</UnitOfMeasurePrice>
      <AllowDiscount>1</AllowDiscount>
      <ItemStatus>1</ItemStatus>
      <ItemId>236985</ItemId>
    </Item>
    <Item>
      <PriceUpdateDate>2025-12-04 07:13:54</PriceUpdateDate>
      <ItemCode>7290110115395</ItemCode>
      <ItemType>1</ItemType>
      <ItemName>ספרייט זירו שישייה 6</ItemName>
      <ManufacturerName>לא ידוע</ManufacturerName>
      <ManufactureCountry>לא ידוע</ManufactureCountry>
      <ManufacturerItemDescription>ספרייט זירו שישייה 6</ManufacturerItemDescription>
      <UnitQty>לא ידוע</UnitQty>
      <Quantity>9000.00</Quantity>
      <UnitOfMeasure>לא ידוע</UnitOfMeasure>
      <bIsWeighted>0</bIsWeighted>
      <QtyInPackage>לא ידוע</QtyInPackage>
      <ItemPrice>48.90</ItemPrice>
      <UnitOfMeasurePrice>0.0054</UnitOfMeasurePrice>
      <AllowDiscount>1</AllowDiscount>
      <ItemStatus>1</ItemStatus>
      <ItemId>236996</ItemId>
    </Item>
    <Item>
      <PriceUpdateDate>2025-05-21 09:32:47</PriceUpdateDate>
      <ItemCode>7290110115296</ItemCode>
      <ItemType>1</ItemType>
      <ItemName>פאנטה אורנג׳ 1.5 ליט</ItemName>
      <ManufacturerName>לא ידוע</ManufacturerName>
      <ManufactureCountry>לא ידוע</ManufactureCountry>
      <ManufacturerItemDescription>פאנטה אורנג׳ 1.5 ליט</ManufacturerItemDescription>
      <UnitQty>לא ידוע</UnitQty>
      <Quantity>1500.00</Quantity>
      <UnitOfMeasure>לא ידוע</UnitOfMeasure>
      <bIsWeighted>0</bIsWeighted>
      <QtyInPackage>לא ידוע</QtyInPackage>
      <ItemPrice>8.90</ItemPrice>
      <UnitOfMeasurePrice>0.0059</UnitOfMeasurePrice>
      <AllowDiscount>1</AllowDiscount>
      <ItemStatus>1</ItemStatus>
      <ItemId>236997</ItemId>
    </Item>
    <Item>
      <PriceUpdateDate>2025-05-26 14:24:35</PriceUpdateDate>
      <ItemCode>7290110115302</ItemCode>
      <ItemType>1</ItemType>
      <ItemName>פאנטה אורנג׳ זירו 1.</ItemName>
      <ManufacturerName>לא ידוע</ManufacturerName>
      <ManufactureCountry>לא ידוע</ManufactureCountry>
      <ManufacturerItemDescription>פאנטה אורנג׳ זירו 1.</ManufacturerItemDescription>
      <UnitQty>לא ידוע</UnitQty>
      <Quantity>1500.00</Quantity>
      <UnitOfMeasure>לא ידוע</UnitOfMeasure>
      <bIsWeighted>0</bIsWeighted>
      <QtyInPackage>לא ידוע</QtyInPackage>
      <ItemPrice>8.90</ItemPrice>
      <UnitOfMeasurePrice>0.0059</UnitOfMeasurePrice>
      <AllowDiscount>1</AllowDiscount>
      <ItemStatus>1</ItemStatus>
      <ItemId>236998</ItemId>
    </Item>
    <Item>
      <PriceUpdateDate>2025-05-26 14:24:35</PriceUpdateDate>
      <ItemCode>7290110115319</ItemCode>
      <ItemType>1</ItemType>
      <ItemName>פאנטה אקזוטי 1.5 ליט</ItemName>
      <ManufacturerName>לא ידוע</ManufacturerName>
      <ManufactureCountry>לא ידוע</ManufactureCountry>
      <ManufacturerItemDescription>פאנטה אקזוטי 1.5 ליט</ManufacturerItemDescription>
      <UnitQty>לא ידוע</UnitQty>
      <Quantity>1500.00</Quantity>
      <UnitOfMeasure>לא ידוע</UnitOfMeasure>
      <bIsWeighted>0</bIsWeighted>
      <QtyInPackage>לא ידוע</QtyInPackage>
      <ItemPrice>8.90</ItemPrice>
      <UnitOfMeasurePrice>0.0059</UnitOfMeasurePrice>
      <AllowDiscount>1</AllowDiscount>
      <ItemStatus>1</ItemStatus>
      <ItemId>236999</ItemId>
    </Item>
    <Item>
      <PriceUpdateDate>2025-05-26 14:24:35</PriceUpdateDate>
      <ItemCode>7290110115333</ItemCode>
      <ItemType>1</ItemType>
      <ItemName>פאנטה תות 1.5 ליטר</ItemName>
      <ManufacturerName>לא ידוע</ManufacturerName>
      <ManufactureCountry>לא ידוע</ManufactureCountry>
      <ManufacturerItemDescription>פאנטה תות 1.5 ליטר</ManufacturerItemDescription>
      <UnitQty>לא ידוע</UnitQty>
      <Quantity>1500.00</Quantity>
      <UnitOfMeasure>לא ידוע</UnitOfMeasure>
      <bIsWeighted>0</bIsWeighted>
      <QtyInPackage>לא ידוע</QtyInPackage>
      <ItemPrice>8.90</ItemPrice>
      <UnitOfMeasurePrice>0.0059</UnitOfMeasurePrice>
      <AllowDiscount>1</AllowDiscount>
      <ItemStatus>1</ItemStatus>
      <ItemId>237001</ItemId>
    </Item>
    <Item>
      <PriceUpdateDate>2025-05-26 14:24:35</PriceUpdateDate>
      <ItemCode>7290110115340</ItemCode>
      <ItemType>1</ItemType>
      <ItemName>פאנטה ענבים 1.5ליטר</ItemName>
      <ManufacturerName>לא ידוע</ManufacturerName>
      <ManufactureCountry>לא ידוע</ManufactureCountry>
      <ManufacturerItemDescription>פאנטה ענבים 1.5ליטר</ManufacturerItemDescription>
      <UnitQty>לא ידוע</UnitQty>
      <Quantity>1500.00</Quantity>
      <UnitOfMeasure>לא ידוע</UnitOfMeasure>
      <bIsWeighted>0</bIsWeighted>
      <QtyInPackage>לא ידוע</QtyInPackage>
      <ItemPrice>8.90</ItemPrice>
      <UnitOfMeasurePrice>0.0059</UnitOfMeasurePrice>
      <AllowDiscount>1</AllowDiscount>
      <ItemStatus>1</ItemStatus>
      <ItemId>237002</ItemId>
    </Item>
    <Item>
      <PriceUpdateDate>2025-05-26 14:24:38</PriceUpdateDate>
      <ItemCode>7290110115531</ItemCode>
      <ItemType>1</ItemType>
      <ItemName>פאנטה ZERO תפוח 1.5</ItemName>
      <ManufacturerName>לא ידוע</ManufacturerName>
      <ManufactureCountry>לא ידוע</ManufactureCountry>
      <ManufacturerItemDescription>פאנטה ZERO תפוח 1.5</ManufacturerItemDescription>
      <UnitQty>לא ידוע</UnitQty>
      <Quantity>1500.00</Quantity>
      <UnitOfMeasure>לא ידוע</UnitOfMeasure>
      <bIsWeighted>0</bIsWeighted>
      <QtyInPackage>לא ידוע</QtyInPackage>
      <ItemPrice>8.90</ItemPrice>
      <UnitOfMeasurePrice>0.0059</UnitOfMeasurePrice>
      <AllowDiscount>1</AllowDiscount>
      <ItemStatus>1</ItemStatus>
      <ItemId>237003</ItemId>
    </Item>
    <Item>
      <PriceUpdateDate>2025-10-15 08:16:54</PriceUpdateDate>
      <ItemCode>7290110115401</ItemCode>
      <ItemType>1</ItemType>
      <ItemName>קינלי סודה מארז שישי</ItemName>
      <ManufacturerName>לא ידוע</ManufacturerName>
      <ManufactureCountry>לא ידוע</ManufactureCountry>
      <ManufacturerItemDescription>קינלי סודה מארז שישי</ManufacturerItemDescription>
      <UnitQty>לא ידוע</UnitQty>
      <Quantity>9000.00</Quantity>
      <UnitOfMeasure>לא ידוע</UnitOfMeasure>
      <bIsWeighted>0</bIsWeighted>
      <QtyInPackage>לא ידוע</QtyInPackage>
      <ItemPrice>24.90</ItemPrice>
      <UnitOfMeasurePrice>0.0028</UnitOfMeasurePrice>
      <AllowDiscount>1</AllowDiscount>
      <ItemStatus>1</ItemStatus>
      <ItemId>237004</ItemId>
    </Item>
    <Item>
      <PriceUpdateDate>2025-08-31 10:12:01</PriceUpdateDate>
      <ItemCode>7290018925065</ItemCode>
      <ItemType>1</ItemType>
      <ItemName>פרימור מיץ תפוזים סח</ItemName>
      <ManufacturerName>לא ידוע</ManufacturerName>
      <ManufactureCountry>לא ידוע</ManufactureCountry>
      <ManufacturerItemDescription>פרימור מיץ תפוזים סח</ManufacturerItemDescription>
      <UnitQty>לא ידוע</UnitQty>
      <Quantity>2000.00</Quantity>
      <UnitOfMeasure>לא ידוע</UnitOfMeasure>
      <bIsWeighted>0</bIsWeighted>
      <QtyInPackage>לא ידוע</QtyInPackage>
      <ItemPrice>38.90</ItemPrice>
      <UnitOfMeasurePrice>0.0194</UnitOfMeasurePrice>
      <AllowDiscount>1</AllowDiscount>
      <ItemStatus>1</ItemStatus>
      <ItemId>237025</ItemId>
    </Item>
    <Item>
      <PriceUpdateDate>2025-08-31 09:59:31</PriceUpdateDate>
      <ItemCode>7290110554583</ItemCode>
      <ItemType>1</ItemType>
      <ItemName>מארז ציטוס PUFFS בטע</ItemName>
      <ManufacturerName>לא ידוע</ManufacturerName>
      <ManufactureCountry>לא ידוע</ManufactureCountry>
      <ManufacturerItemDescription>מארז ציטוס PUFFS בטע</ManufacturerItemDescription>
      <UnitQty>לא ידוע</UnitQty>
      <Quantity>200.00</Quantity>
      <UnitOfMeasure>לא ידוע</UnitOfMeasure>
      <bIsWeighted>0</bIsWeighted>
      <QtyInPackage>לא ידוע</QtyInPackage>
      <ItemPrice>16.90</ItemPrice>
      <UnitOfMeasurePrice>0.0845</UnitOfMeasurePrice>
      <AllowDiscount>1</AllowDiscount>
      <ItemStatus>1</ItemStatus>
      <ItemId>237050</ItemId>
    </Item>
    <Item>
      <PriceUpdateDate>2025-09-04 11:57:05</PriceUpdateDate>
      <ItemCode>7290110115821</ItemCode>
      <ItemType>1</ItemType>
      <ItemName>ספרייט ליים 1.5 ליטר</ItemName>
      <ManufacturerName>לא ידוע</ManufacturerName>
      <ManufactureCountry>לא ידוע</ManufactureCountry>
      <ManufacturerItemDescription>ספרייט ליים 1.5 ליטר</ManufacturerItemDescription>
      <UnitQty>לא ידוע</UnitQty>
      <Quantity>1500.00</Quantity>
      <UnitOfMeasure>לא ידוע</UnitOfMeasure>
      <bIsWeighted>0</bIsWeighted>
      <QtyInPackage>לא ידוע</QtyInPackage>
      <ItemPrice>9.20</ItemPrice>
      <UnitOfMeasurePrice>0.0061</UnitOfMeasurePrice>
      <AllowDiscount>1</AllowDiscount>
      <ItemStatus>1</ItemStatus>
      <ItemId>237091</ItemId>
    </Item>
    <Item>
      <PriceUpdateDate>2025-09-04 11:57:06</PriceUpdateDate>
      <ItemCode>7290110115838</ItemCode>
      <ItemType>1</ItemType>
      <ItemName>ספרייט זירו 1.5 ליטר</ItemName>
      <ManufacturerName>לא ידוע</ManufacturerName>
      <ManufactureCountry>לא ידוע</ManufactureCountry>
      <ManufacturerItemDescription>ספרייט זירו 1.5 ליטר</ManufacturerItemDescription>
      <UnitQty>לא ידוע</UnitQty>
      <Quantity>1500.00</Quantity>
      <UnitOfMeasure>לא ידוע</UnitOfMeasure>
      <bIsWeighted>0</bIsWeighted>
      <QtyInPackage>לא ידוע</QtyInPackage>
      <ItemPrice>9.20</ItemPrice>
      <UnitOfMeasurePrice>0.0061</UnitOfMeasurePrice>
      <AllowDiscount>1</AllowDiscount>
      <ItemStatus>1</ItemStatus>
      <ItemId>237092</ItemId>
    </Item>
    <Item>
      <PriceUpdateDate>2025-09-04 11:57:06</PriceUpdateDate>
      <ItemCode>7290110115852</ItemCode>
      <ItemType>1</ItemType>
      <ItemName>קוקה קולה דיאט 1.5ל</ItemName>
      <ManufacturerName>לא ידוע</ManufacturerName>
      <ManufactureCountry>לא ידוע</ManufactureCountry>
      <ManufacturerItemDescription>קוקה קולה דיאט 1.5ל</ManufacturerItemDescription>
      <UnitQty>לא ידוע</UnitQty>
      <Quantity>1500.00</Quantity>
      <UnitOfMeasure>לא ידוע</UnitOfMeasure>
      <bIsWeighted>0</bIsWeighted>
      <QtyInPackage>לא ידוע</QtyInPackage>
      <ItemPrice>9.20</ItemPrice>
      <UnitOfMeasurePrice>0.0061</UnitOfMeasurePrice>
      <AllowDiscount>1</AllowDiscount>
      <ItemStatus>1</ItemStatus>
      <ItemId>237093</ItemId>
    </Item>
    <Item>
      <PriceUpdateDate>2025-08-31 10:12:16</PriceUpdateDate>
      <ItemCode>7290110552237</ItemCode>
      <ItemType>1</ItemType>
      <ItemName>דנונה פרו 20 גרם חלב</ItemName>
      <ManufacturerName>לא ידוע</ManufacturerName>
      <ManufactureCountry>לא ידוע</ManufactureCountry>
      <ManufacturerItemDescription>דנונה פרו 20 גרם חלב</ManufacturerItemDescription>
      <UnitQty>לא ידוע</UnitQty>
      <Quantity>200.00</Quantity>
      <UnitOfMeasure>לא ידוע</UnitOfMeasure>
      <bIsWeighted>0</bIsWeighted>
      <QtyInPackage>לא ידוע</QtyInPackage>
      <ItemPrice>7.00</ItemPrice>
      <UnitOfMeasurePrice>0.0350</UnitOfMeasurePrice>
      <AllowDiscount>1</AllowDiscount>
      <ItemStatus>1</ItemStatus>
      <ItemId>237102</ItemId>
    </Item>
    <Item>
      <PriceUpdateDate>2025-08-26 11:13:45</PriceUpdateDate>
      <ItemCode>7290112349606</ItemCode>
      <ItemType>1</ItemType>
      <ItemName>דניאלה בטעם תות בננה</ItemName>
      <ManufacturerName>לא ידוע</ManufacturerName>
      <ManufactureCountry>לא ידוע</ManufactureCountry>
      <ManufacturerItemDescription>דניאלה בטעם תות בננה</ManufacturerItemDescription>
      <UnitQty>לא ידוע</UnitQty>
      <Quantity>88.00</Quantity>
      <UnitOfMeasure>לא ידוע</UnitOfMeasure>
      <bIsWeighted>0</bIsWeighted>
      <QtyInPackage>לא ידוע</QtyInPackage>
      <ItemPrice>4.50</ItemPrice>
      <UnitOfMeasurePrice>0.0511</UnitOfMeasurePrice>
      <AllowDiscount>1</AllowDiscount>
      <ItemStatus>1</ItemStatus>
      <ItemId>237103</ItemId>
    </Item>
    <Item>
      <PriceUpdateDate>2025-08-31 10:14:33</PriceUpdateDate>
      <ItemCode>7290109580210</ItemCode>
      <ItemType>1</ItemType>
      <ItemName>נקניקיות הצרפתיה ריי</ItemName>
      <ManufacturerName>לא ידוע</ManufacturerName>
      <ManufactureCountry>לא ידוע</ManufactureCountry>
      <ManufacturerItemDescription>נקניקיות הצרפתיה ריי</ManufacturerItemDescription>
      <UnitQty>לא ידוע</UnitQty>
      <Quantity>300.00</Quantity>
      <UnitOfMeasure>לא ידוע</UnitOfMeasure>
      <bIsWeighted>0</bIsWeighted>
      <QtyInPackage>לא ידוע</QtyInPackage>
      <ItemPrice>31.90</ItemPrice>
      <UnitOfMeasurePrice>0.1063</UnitOfMeasurePrice>
      <AllowDiscount>1</AllowDiscount>
      <ItemStatus>1</ItemStatus>
      <ItemId>237118</ItemId>
    </Item>
    <Item>
      <PriceUpdateDate>2025-08-26 11:22:13</PriceUpdateDate>
      <ItemCode>7290110329846</ItemCode>
      <ItemType>1</ItemType>
      <ItemName>סויה ביו טבעי 150 גר</ItemName>
      <ManufacturerName>לא ידוע</ManufacturerName>
      <ManufactureCountry>לא ידוע</ManufactureCountry>
      <ManufacturerItemDescription>סויה ביו טבעי 150 גר</ManufacturerItemDescription>
      <UnitQty>לא ידוע</UnitQty>
      <Quantity>150.00</Quantity>
      <UnitOfMeasure>לא ידוע</UnitOfMeasure>
      <bIsWeighted>0</bIsWeighted>
      <QtyInPackage>לא ידוע</QtyInPackage>
      <ItemPrice>5.80</ItemPrice>
      <UnitOfMeasurePrice>0.0387</UnitOfMeasurePrice>
      <AllowDiscount>1</AllowDiscount>
      <ItemStatus>1</ItemStatus>
      <ItemId>237147</ItemId>
    </Item>
    <Item>
      <PriceUpdateDate>2025-08-27 11:28:43</PriceUpdateDate>
      <ItemCode>7290008590136</ItemCode>
      <ItemType>1</ItemType>
      <ItemName>שעועית צהובה חתוכה ק</ItemName>
      <ManufacturerName>לא ידוע</ManufacturerName>
      <ManufactureCountry>לא ידוע</ManufactureCountry>
      <ManufacturerItemDescription>שעועית צהובה חתוכה ק</ManufacturerItemDescription>
      <UnitQty>לא ידוע</UnitQty>
      <Quantity>800.00</Quantity>
      <UnitOfMeasure>לא ידוע</UnitOfMeasure>
      <bIsWeighted>0</bIsWeighted>
      <QtyInPackage>לא ידוע</QtyInPackage>
      <ItemPrice>14.90</ItemPrice>
      <UnitOfMeasurePrice>0.0186</UnitOfMeasurePrice>
      <AllowDiscount>1</AllowDiscount>
      <ItemStatus>1</ItemStatus>
      <ItemId>237172</ItemId>
    </Item>
    <Item>
      <PriceUpdateDate>2025-08-31 09:59:51</PriceUpdateDate>
      <ItemCode>7290018893852</ItemCode>
      <ItemType>1</ItemType>
      <ItemName>בייגלה בתוספת שומשום</ItemName>
      <ManufacturerName>לא ידוע</ManufacturerName>
      <ManufactureCountry>לא ידוע</ManufactureCountry>
      <ManufacturerItemDescription>בייגלה בתוספת שומשום</ManufacturerItemDescription>
      <UnitQty>לא ידוע</UnitQty>
      <Quantity>200.00</Quantity>
      <UnitOfMeasure>לא ידוע</UnitOfMeasure>
      <bIsWeighted>0</bIsWeighted>
      <QtyInPackage>לא ידוע</QtyInPackage>
      <ItemPrice>11.90</ItemPrice>
      <UnitOfMeasurePrice>0.0595</UnitOfMeasurePrice>
      <AllowDiscount>1</AllowDiscount>
      <ItemStatus>1</ItemStatus>
      <ItemId>237184</ItemId>
    </Item>
    <Item>
      <PriceUpdateDate>2025-08-31 09:59:43</PriceUpdateDate>
      <ItemCode>7290018893005</ItemCode>
      <ItemType>1</ItemType>
      <ItemName>צוקטה בייגלה  שטוח ח</ItemName>
      <ManufacturerName>לא ידוע</ManufacturerName>
      <ManufactureCountry>לא ידוע</ManufactureCountry>
      <ManufacturerItemDescription>צוקטה בייגלה  שטוח ח</ManufacturerItemDescription>
      <UnitQty>לא ידוע</UnitQty>
      <Quantity>160.00</Quantity>
      <UnitOfMeasure>לא ידוע</UnitOfMeasure>
      <bIsWeighted>0</bIsWeighted>
      <QtyInPackage>לא ידוע</QtyInPackage>
      <ItemPrice>11.90</ItemPrice>
      <UnitOfMeasurePrice>0.0744</UnitOfMeasurePrice>
      <AllowDiscount>1</AllowDiscount>
      <ItemStatus>1</ItemStatus>
      <ItemId>237185</ItemId>
    </Item>
    <Item>
      <PriceUpdateDate>2025-08-31 09:59:49</PriceUpdateDate>
      <ItemCode>7290018893661</ItemCode>
      <ItemType>1</ItemType>
      <ItemName>עוגות אישיות מצופה מ</ItemName>
      <ManufacturerName>לא ידוע</ManufacturerName>
      <ManufactureCountry>לא ידוע</ManufactureCountry>
      <ManufacturerItemDescription>עוגות אישיות מצופה מ</ManufacturerItemDescription>
      <UnitQty>לא ידוע</UnitQty>
      <Quantity>240.00</Quantity>
      <UnitOfMeasure>לא ידוע</UnitOfMeasure>
      <bIsWeighted>0</bIsWeighted>
      <QtyInPackage>לא ידוע</QtyInPackage>
      <ItemPrice>15.90</ItemPrice>
      <UnitOfMeasurePrice>0.0663</UnitOfMeasurePrice>
      <AllowDiscount>1</AllowDiscount>
      <ItemStatus>1</ItemStatus>
      <ItemId>237188</ItemId>
    </Item>
    <Item>
      <PriceUpdateDate>2025-08-31 09:59:51</PriceUpdateDate>
      <ItemCode>7290018893876</ItemCode>
      <ItemType>1</ItemType>
      <ItemName>עוגות אישיות וניל ונ</ItemName>
      <ManufacturerName>לא ידוע</ManufacturerName>
      <ManufactureCountry>לא ידוע</ManufactureCountry>
      <ManufacturerItemDescription>עוגות אישיות וניל ונ</ManufacturerItemDescription>
      <UnitQty>לא ידוע</UnitQty>
      <Quantity>200.00</Quantity>
      <UnitOfMeasure>לא ידוע</UnitOfMeasure>
      <bIsWeighted>0</bIsWeighted>
      <QtyInPackage>לא ידוע</QtyInPackage>
      <ItemPrice>16.90</ItemPrice>
      <UnitOfMeasurePrice>0.0845</UnitOfMeasurePrice>
      <AllowDiscount>1</AllowDiscount>
      <ItemStatus>1</ItemStatus>
      <ItemId>237189</ItemId>
    </Item>
    <Item>
      <PriceUpdateDate>2025-08-31 09:59:47</PriceUpdateDate>
      <ItemCode>7290018893456</ItemCode>
      <ItemType>1</ItemType>
      <ItemName>עוגות אישיות חלב צוק</ItemName>
      <ManufacturerName>לא ידוע</ManufacturerName>
      <ManufactureCountry>לא ידוע</ManufactureCountry>
      <ManufacturerItemDescription>עוגות אישיות חלב צוק</ManufacturerItemDescription>
      <UnitQty>לא ידוע</UnitQty>
      <Quantity>300.00</Quantity>
      <UnitOfMeasure>לא ידוע</UnitOfMeasure>
      <bIsWeighted>0</bIsWeighted>
      <QtyInPackage>לא ידוע</QtyInPackage>
      <ItemPrice>18.90</ItemPrice>
      <UnitOfMeasurePrice>0.0630</UnitOfMeasurePrice>
      <AllowDiscount>1</AllowDiscount>
      <ItemStatus>1</ItemStatus>
      <ItemId>237192</ItemId>
    </Item>
    <Item>
      <PriceUpdateDate>2025-08-24 20:31:43</PriceUpdateDate>
      <ItemCode>7290000136684</ItemCode>
      <ItemType>1</ItemType>
      <ItemName>פפסי זירו 1.5 ל</ItemName>
      <ManufacturerName>לא ידוע</ManufacturerName>
      <ManufactureCountry>לא ידוע</ManufactureCountry>
      <ManufacturerItemDescription>פפסי זירו 1.5 ל</ManufacturerItemDescription>
      <UnitQty>לא ידוע</UnitQty>
      <Quantity>1500.00</Quantity>
      <UnitOfMeasure>לא ידוע</UnitOfMeasure>
      <bIsWeighted>0</bIsWeighted>
      <QtyInPackage>לא ידוע</QtyInPackage>
      <ItemPrice>9.30</ItemPrice>
      <UnitOfMeasurePrice>0.0062</UnitOfMeasurePrice>
      <AllowDiscount>1</AllowDiscount>
      <ItemStatus>1</ItemStatus>
      <ItemId>237245</ItemId>
    </Item>
    <Item>
      <PriceUpdateDate>2025-11-02 11:36:02</PriceUpdateDate>
      <ItemCode>7290108504347</ItemCode>
      <ItemType>1</ItemType>
      <ItemName>עלי גפן ממולא אורז פ</ItemName>
      <ManufacturerName>לא ידוע</ManufacturerName>
      <ManufactureCountry>לא ידוע</ManufactureCountry>
      <ManufacturerItemDescription>עלי גפן ממולא אורז פ</ManufacturerItemDescription>
      <UnitQty>לא ידוע</UnitQty>
      <Quantity>400.00</Quantity>
      <UnitOfMeasure>לא ידוע</UnitOfMeasure>
      <bIsWeighted>0</bIsWeighted>
      <QtyInPackage>לא ידוע</QtyInPackage>
      <ItemPrice>16.90</ItemPrice>
      <UnitOfMeasurePrice>0.0422</UnitOfMeasurePrice>
      <AllowDiscount>1</AllowDiscount>
      <ItemStatus>1</ItemStatus>
      <ItemId>237258</ItemId>
    </Item>
    <Item>
      <PriceUpdateDate>2025-08-31 09:58:26</PriceUpdateDate>
      <ItemCode>7290108509700</ItemCode>
      <ItemType>1</ItemType>
      <ItemName>אורז פרסי דאווט 1 ק"</ItemName>
      <ManufacturerName>לא ידוע</ManufacturerName>
      <ManufactureCountry>לא ידוע</ManufactureCountry>
      <ManufacturerItemDescription>אורז פרסי דאווט 1 ק"</ManufacturerItemDescription>
      <UnitQty>לא ידוע</UnitQty>
      <Quantity>1000.00</Quantity>
      <UnitOfMeasure>לא ידוע</UnitOfMeasure>
      <bIsWeighted>0</bIsWeighted>
      <QtyInPackage>לא ידוע</QtyInPackage>
      <ItemPrice>12.90</ItemPrice>
      <UnitOfMeasurePrice>0.0129</UnitOfMeasurePrice>
      <AllowDiscount>1</AllowDiscount>
      <ItemStatus>1</ItemStatus>
      <ItemId>237259</ItemId>
    </Item>
    <Item>
      <PriceUpdateDate>2025-08-31 09:58:24</PriceUpdateDate>
      <ItemCode>7290108509137</ItemCode>
      <ItemType>1</ItemType>
      <ItemName>גבינה בולגרית מעודנת</ItemName>
      <ManufacturerName>לא ידוע</ManufacturerName>
      <ManufactureCountry>לא ידוע</ManufactureCountry>
      <ManufacturerItemDescription>גבינה בולגרית מעודנת</ManufacturerItemDescription>
      <UnitQty>לא ידוע</UnitQty>
      <Quantity>250.00</Quantity>
      <UnitOfMeasure>לא ידוע</UnitOfMeasure>
      <bIsWeighted>0</bIsWeighted>
      <QtyInPackage>לא ידוע</QtyInPackage>
      <ItemPrice>16.90</ItemPrice>
      <UnitOfMeasurePrice>0.0676</UnitOfMeasurePrice>
      <AllowDiscount>1</AllowDiscount>
      <ItemStatus>1</ItemStatus>
      <ItemId>237265</ItemId>
    </Item>
    <Item>
      <PriceUpdateDate>2025-08-18 09:17:20</PriceUpdateDate>
      <ItemCode>7290006040621</ItemCode>
      <ItemType>1</ItemType>
      <ItemName>טבורוג כפיר5%</ItemName>
      <ManufacturerName>לא ידוע</ManufacturerName>
      <ManufactureCountry>ישראל</ManufactureCountry>
      <ManufacturerItemDescription>טבורוג כפיר5%</ManufacturerItemDescription>
      <UnitQty>קילוגרמים</UnitQty>
      <Quantity>1.00</Quantity>
      <UnitOfMeasure>ק"ג</UnitOfMeasure>
      <bIsWeighted>1</bIsWeighted>
      <QtyInPackage>לא ידוע</QtyInPackage>
      <ItemPrice>49.00</ItemPrice>
      <UnitOfMeasurePrice>49.0000</UnitOfMeasurePrice>
      <AllowDiscount>1</AllowDiscount>
      <ItemStatus>1</ItemStatus>
      <ItemId>237277</ItemId>
    </Item>
    <Item>
      <PriceUpdateDate>2025-09-07 10:42:53</PriceUpdateDate>
      <ItemCode>7290111344831</ItemCode>
      <ItemType>1</ItemType>
      <ItemName>קוטקס מגן תחתון אקסט</ItemName>
      <ManufacturerName>לא ידוע</ManufacturerName>
      <ManufactureCountry>לא ידוע</ManufactureCountry>
      <ManufacturerItemDescription>קוטקס מגן תחתון אקסט</ManufacturerItemDescription>
      <UnitQty>יחידה   </UnitQty>
      <Quantity>0.00</Quantity>
      <UnitOfMeasure>יחידה   </UnitOfMeasure>
      <bIsWeighted>0</bIsWeighted>
      <QtyInPackage>לא ידוע</QtyInPackage>
      <ItemPrice>22.90</ItemPrice>
      <UnitOfMeasurePrice>0.0000</UnitOfMeasurePrice>
      <AllowDiscount>1</AllowDiscount>
      <ItemStatus>1</ItemStatus>
      <ItemId>237381</ItemId>
    </Item>
    <Item>
      <PriceUpdateDate>2025-09-03 07:34:28</PriceUpdateDate>
      <ItemCode>7290019153078</ItemCode>
      <ItemType>1</ItemType>
      <ItemName>שוופס ביטר למון לייט</ItemName>
      <ManufacturerName>קריות זול</ManufacturerName>
      <ManufactureCountry>לא ידוע</ManufactureCountry>
      <ManufacturerItemDescription>שוופס ביטר למון לייט</ManufacturerItemDescription>
      <UnitQty>לא ידוע</UnitQty>
      <Quantity>1500.00</Quantity>
      <UnitOfMeasure>לא ידוע</UnitOfMeasure>
      <bIsWeighted>0</bIsWeighted>
      <QtyInPackage>לא ידוע</QtyInPackage>
      <ItemPrice>14.50</ItemPrice>
      <UnitOfMeasurePrice>0.0097</UnitOfMeasurePrice>
      <AllowDiscount>1</AllowDiscount>
      <ItemStatus>1</ItemStatus>
      <ItemId>237469</ItemId>
    </Item>
    <Item>
      <PriceUpdateDate>2025-08-26 11:54:12</PriceUpdateDate>
      <ItemCode>7290114311069</ItemCode>
      <ItemType>1</ItemType>
      <ItemName>מולר אקטיב 25ג חלבון</ItemName>
      <ManufacturerName>לא ידוע</ManufacturerName>
      <ManufactureCountry>לא ידוע</ManufactureCountry>
      <ManufacturerItemDescription>מולר אקטיב 25ג חלבון</ManufacturerItemDescription>
      <UnitQty>לא ידוע</UnitQty>
      <Quantity>200.00</Quantity>
      <UnitOfMeasure>לא ידוע</UnitOfMeasure>
      <bIsWeighted>0</bIsWeighted>
      <QtyInPackage>לא ידוע</QtyInPackage>
      <ItemPrice>7.80</ItemPrice>
      <UnitOfMeasurePrice>0.0390</UnitOfMeasurePrice>
      <AllowDiscount>1</AllowDiscount>
      <ItemStatus>1</ItemStatus>
      <ItemId>237509</ItemId>
    </Item>
    <Item>
      <PriceUpdateDate>2025-09-07 10:41:55</PriceUpdateDate>
      <ItemCode>7290108356489</ItemCode>
      <ItemType>1</ItemType>
      <ItemName>כיף תחליב רחצה אפרסק</ItemName>
      <ManufacturerName>קריות זול</ManufacturerName>
      <ManufactureCountry>לא ידוע</ManufactureCountry>
      <ManufacturerItemDescription>כיף תחליב רחצה אפרסק</ManufacturerItemDescription>
      <UnitQty>לא ידוע</UnitQty>
      <Quantity>700.00</Quantity>
      <UnitOfMeasure>לא ידוע</UnitOfMeasure>
      <bIsWeighted>0</bIsWeighted>
      <QtyInPackage>לא ידוע</QtyInPackage>
      <ItemPrice>13.90</ItemPrice>
      <UnitOfMeasurePrice>0.0199</UnitOfMeasurePrice>
      <AllowDiscount>1</AllowDiscount>
      <ItemStatus>1</ItemStatus>
      <ItemId>237676</ItemId>
    </Item>
    <Item>
      <PriceUpdateDate>2025-05-26 14:24:10</PriceUpdateDate>
      <ItemCode>7290110115968</ItemCode>
      <ItemType>1</ItemType>
      <ItemName>קוקה קולה 1ליטר</ItemName>
      <ManufacturerName>לא ידוע</ManufacturerName>
      <ManufactureCountry>לא ידוע</ManufactureCountry>
      <ManufacturerItemDescription>קוקה קולה 1ליטר</ManufacturerItemDescription>
      <UnitQty>לא ידוע</UnitQty>
      <Quantity>1000.00</Quantity>
      <UnitOfMeasure>לא ידוע</UnitOfMeasure>
      <bIsWeighted>0</bIsWeighted>
      <QtyInPackage>לא ידוע</QtyInPackage>
      <ItemPrice>7.70</ItemPrice>
      <UnitOfMeasurePrice>0.0077</UnitOfMeasurePrice>
      <AllowDiscount>1</AllowDiscount>
      <ItemStatus>1</ItemStatus>
      <ItemId>237679</ItemId>
    </Item>
    <Item>
      <PriceUpdateDate>2025-09-07 10:42:24</PriceUpdateDate>
      <ItemCode>7290108359985</ItemCode>
      <ItemType>1</ItemType>
      <ItemName>סנו ז'אוול קצף ניקוי</ItemName>
      <ManufacturerName>קריות זול</ManufacturerName>
      <ManufactureCountry>לא ידוע</ManufactureCountry>
      <ManufacturerItemDescription>סנו ז'אוול קצף ניקוי</ManufacturerItemDescription>
      <UnitQty>לא ידוע</UnitQty>
      <Quantity>1000.00</Quantity>
      <UnitOfMeasure>לא ידוע</UnitOfMeasure>
      <bIsWeighted>0</bIsWeighted>
      <QtyInPackage>לא ידוע</QtyInPackage>
      <ItemPrice>19.90</ItemPrice>
      <UnitOfMeasurePrice>0.0199</UnitOfMeasurePrice>
      <AllowDiscount>1</AllowDiscount>
      <ItemStatus>1</ItemStatus>
      <ItemId>237680</ItemId>
    </Item>
    <Item>
      <PriceUpdateDate>2025-05-26 14:24:10</PriceUpdateDate>
      <ItemCode>7290110115975</ItemCode>
      <ItemType>1</ItemType>
      <ItemName>קוקה קולה זירו 1 ליט</ItemName>
      <ManufacturerName>לא ידוע</ManufacturerName>
      <ManufactureCountry>לא ידוע</ManufactureCountry>
      <ManufacturerItemDescription>קוקה קולה זירו 1 ליט</ManufacturerItemDescription>
      <UnitQty>לא ידוע</UnitQty>
      <Quantity>1000.00</Quantity>
      <UnitOfMeasure>לא ידוע</UnitOfMeasure>
      <bIsWeighted>0</bIsWeighted>
      <QtyInPackage>לא ידוע</QtyInPackage>
      <ItemPrice>7.70</ItemPrice>
      <UnitOfMeasurePrice>0.0077</UnitOfMeasurePrice>
      <AllowDiscount>1</AllowDiscount>
      <ItemStatus>1</ItemStatus>
      <ItemId>237684</ItemId>
    </Item>
    <Item>
      <PriceUpdateDate>2025-09-07 10:41:43</PriceUpdateDate>
      <ItemCode>7290108354485</ItemCode>
      <ItemType>1</ItemType>
      <ItemName>קרליין מרכך 10 שמן א</ItemName>
      <ManufacturerName>לא ידוע</ManufacturerName>
      <ManufactureCountry>לא ידוע</ManufactureCountry>
      <ManufacturerItemDescription>קרליין מרכך 10 שמן א</ManufacturerItemDescription>
      <UnitQty>לא ידוע</UnitQty>
      <Quantity>700.00</Quantity>
      <UnitOfMeasure>לא ידוע</UnitOfMeasure>
      <bIsWeighted>0</bIsWeighted>
      <QtyInPackage>לא ידוע</QtyInPackage>
      <ItemPrice>15.90</ItemPrice>
      <UnitOfMeasurePrice>0.0227</UnitOfMeasurePrice>
      <AllowDiscount>1</AllowDiscount>
      <ItemStatus>1</ItemStatus>
      <ItemId>237688</ItemId>
    </Item>
    <Item>
      <PriceUpdateDate>2025-09-07 08:04:03</PriceUpdateDate>
      <ItemCode>7290017969503</ItemCode>
      <ItemType>1</ItemType>
      <ItemName>קיסמי שיניים דנטלי 3</ItemName>
      <ManufacturerName>לא ידוע</ManufacturerName>
      <ManufactureCountry>לא ידוע</ManufactureCountry>
      <ManufacturerItemDescription>קיסמי שיניים דנטלי 3</ManufacturerItemDescription>
      <UnitQty>יחידה   </UnitQty>
      <Quantity>0.00</Quantity>
      <UnitOfMeasure>יחידה   </UnitOfMeasure>
      <bIsWeighted>0</bIsWeighted>
      <QtyInPackage>לא ידוע</QtyInPackage>
      <ItemPrice>12.90</ItemPrice>
      <UnitOfMeasurePrice>0.0000</UnitOfMeasurePrice>
      <AllowDiscount>1</AllowDiscount>
      <ItemStatus>1</ItemStatus>
      <ItemId>237707</ItemId>
    </Item>
    <Item>
      <PriceUpdateDate>2025-08-26 12:04:08</PriceUpdateDate>
      <ItemCode>7290117860045</ItemCode>
      <ItemType>1</ItemType>
      <ItemName>הוואי שמפו מטפח לשיע</ItemName>
      <ManufacturerName>קריות זול</ManufacturerName>
      <ManufactureCountry>לא ידוע</ManufactureCountry>
      <ManufacturerItemDescription>הוואי שמפו מטפח לשיע</ManufacturerItemDescription>
      <UnitQty>לא ידוע</UnitQty>
      <Quantity>700.00</Quantity>
      <UnitOfMeasure>לא ידוע</UnitOfMeasure>
      <bIsWeighted>0</bIsWeighted>
      <QtyInPackage>לא ידוע</QtyInPackage>
      <ItemPrice>15.90</ItemPrice>
      <UnitOfMeasurePrice>0.0227</UnitOfMeasurePrice>
      <AllowDiscount>1</AllowDiscount>
      <ItemStatus>1</ItemStatus>
      <ItemId>239920</ItemId>
    </Item>
    <Item>
      <PriceUpdateDate>2025-09-08 08:00:08</PriceUpdateDate>
      <ItemCode>9044400855502</ItemCode>
      <ItemType>1</ItemType>
      <ItemName>סוכריות פז סוכריות ד</ItemName>
      <ManufacturerName>לא ידוע</ManufacturerName>
      <ManufactureCountry>לא ידוע</ManufactureCountry>
      <ManufacturerItemDescription>סוכריות פז סוכריות ד</ManufacturerItemDescription>
      <UnitQty>לא ידוע</UnitQty>
      <Quantity>25.50</Quantity>
      <UnitOfMeasure>לא ידוע</UnitOfMeasure>
      <bIsWeighted>0</bIsWeighted>
      <QtyInPackage>לא ידוע</QtyInPackage>
      <ItemPrice>15.90</ItemPrice>
      <UnitOfMeasurePrice>0.6235</UnitOfMeasurePrice>
      <AllowDiscount>1</AllowDiscount>
      <ItemStatus>1</ItemStatus>
      <ItemId>245991</ItemId>
    </Item>
    <Item>
      <PriceUpdateDate>2025-08-20 14:03:54</PriceUpdateDate>
      <ItemCode>7290008863223</ItemCode>
      <ItemType>1</ItemType>
      <ItemName>עוגת לנינגרד 800גר</ItemName>
      <ManufacturerName>לא ידוע</ManufacturerName>
      <ManufactureCountry>לא ידוע</ManufactureCountry>
      <ManufacturerItemDescription>עוגת לנינגרד 800גר</ManufacturerItemDescription>
      <UnitQty>לא ידוע</UnitQty>
      <Quantity>800.00</Quantity>
      <UnitOfMeasure>לא ידוע</UnitOfMeasure>
      <bIsWeighted>0</bIsWeighted>
      <QtyInPackage>לא ידוע</QtyInPackage>
      <ItemPrice>95.50</ItemPrice>
      <UnitOfMeasurePrice>0.1194</UnitOfMeasurePrice>
      <AllowDiscount>1</AllowDiscount>
      <ItemStatus>1</ItemStatus>
      <ItemId>237778</ItemId>
    </Item>
    <Item>
      <PriceUpdateDate>2025-08-31 10:18:35</PriceUpdateDate>
      <ItemCode>7290016144031</ItemCode>
      <ItemType>1</ItemType>
      <ItemName>קמח נפלאות חיטה לבן</ItemName>
      <ManufacturerName>לא ידוע</ManufacturerName>
      <ManufactureCountry>לא ידוע</ManufactureCountry>
      <ManufacturerItemDescription>קמח נפלאות חיטה לבן</ManufacturerItemDescription>
      <UnitQty>לא ידוע</UnitQty>
      <Quantity>1000.00</Quantity>
      <UnitOfMeasure>לא ידוע</UnitOfMeasure>
      <bIsWeighted>0</bIsWeighted>
      <QtyInPackage>לא ידוע</QtyInPackage>
      <ItemPrice>9.90</ItemPrice>
      <UnitOfMeasurePrice>0.0099</UnitOfMeasurePrice>
      <AllowDiscount>1</AllowDiscount>
      <ItemStatus>1</ItemStatus>
      <ItemId>237794</ItemId>
    </Item>
    <Item>
      <PriceUpdateDate>2025-08-26 16:05:35</PriceUpdateDate>
      <ItemCode>7290115207682</ItemCode>
      <ItemType>1</ItemType>
      <ItemName>רוטב בסגנון סויה סינ</ItemName>
      <ManufacturerName>לא ידוע</ManufacturerName>
      <ManufactureCountry>לא ידוע</ManufactureCountry>
      <ManufacturerItemDescription>רוטב בסגנון סויה סינ</ManufacturerItemDescription>
      <UnitQty>לא ידוע</UnitQty>
      <Quantity>290.00</Quantity>
      <UnitOfMeasure>לא ידוע</UnitOfMeasure>
      <bIsWeighted>0</bIsWeighted>
      <QtyInPackage>לא ידוע</QtyInPackage>
      <ItemPrice>16.50</ItemPrice>
      <UnitOfMeasurePrice>0.0569</UnitOfMeasurePrice>
      <AllowDiscount>1</AllowDiscount>
      <ItemStatus>1</ItemStatus>
      <ItemId>238073</ItemId>
    </Item>
    <Item>
      <PriceUpdateDate>2025-08-18 11:49:16</PriceUpdateDate>
      <ItemCode>7290002628309</ItemCode>
      <ItemType>1</ItemType>
      <ItemName>לשון בקר קפוא</ItemName>
      <ManufacturerName>לא ידוע</ManufacturerName>
      <ManufactureCountry>לא ידוע</ManufactureCountry>
      <ManufacturerItemDescription>לשון בקר קפוא</ManufacturerItemDescription>
      <UnitQty>קילוגרמים</UnitQty>
      <Quantity>1.00</Quantity>
      <UnitOfMeasure>ק"ג</UnitOfMeasure>
      <bIsWeighted>1</bIsWeighted>
      <QtyInPackage>לא ידוע</QtyInPackage>
      <ItemPrice>55.90</ItemPrice>
      <UnitOfMeasurePrice>55.9000</UnitOfMeasurePrice>
      <AllowDiscount>1</AllowDiscount>
      <ItemStatus>1</ItemStatus>
      <ItemId>238086</ItemId>
    </Item>
    <Item>
      <PriceUpdateDate>2024-12-31 12:20:46</PriceUpdateDate>
      <ItemCode>7290119772049</ItemCode>
      <ItemType>1</ItemType>
      <ItemName>ספרינג נקטר אפרסק בפ</ItemName>
      <ManufacturerName>לא ידוע</ManufacturerName>
      <ManufactureCountry>לא ידוע</ManufactureCountry>
      <ManufacturerItemDescription>ספרינג נקטר אפרסק בפ</ManufacturerItemDescription>
      <UnitQty>לא ידוע</UnitQty>
      <Quantity>330.00</Quantity>
      <UnitOfMeasure>לא ידוע</UnitOfMeasure>
      <bIsWeighted>0</bIsWeighted>
      <QtyInPackage>לא ידוע</QtyInPackage>
      <ItemPrice>6.90</ItemPrice>
      <UnitOfMeasurePrice>0.0209</UnitOfMeasurePrice>
      <AllowDiscount>1</AllowDiscount>
      <ItemStatus>1</ItemStatus>
      <ItemId>246514</ItemId>
    </Item>
    <Item>
      <PriceUpdateDate>2025-09-07 10:43:27</PriceUpdateDate>
      <ItemCode>7290109923147</ItemCode>
      <ItemType>1</ItemType>
      <ItemName>אסטוניש מרסס פלא של</ItemName>
      <ManufacturerName>לא ידוע</ManufacturerName>
      <ManufactureCountry>לא ידוע</ManufactureCountry>
      <ManufacturerItemDescription>אסטוניש מרסס פלא של</ManufacturerItemDescription>
      <UnitQty>לא ידוע</UnitQty>
      <Quantity>750.00</Quantity>
      <UnitOfMeasure>לא ידוע</UnitOfMeasure>
      <bIsWeighted>0</bIsWeighted>
      <QtyInPackage>לא ידוע</QtyInPackage>
      <ItemPrice>17.90</ItemPrice>
      <UnitOfMeasurePrice>0.0239</UnitOfMeasurePrice>
      <AllowDiscount>1</AllowDiscount>
      <ItemStatus>1</ItemStatus>
      <ItemId>238364</ItemId>
    </Item>
    <Item>
      <PriceUpdateDate>2025-09-07 10:43:26</PriceUpdateDate>
      <ItemCode>7290109923109</ItemCode>
      <ItemType>1</ItemType>
      <ItemName>הפי סבון אסלה 5 צדפו</ItemName>
      <ManufacturerName>לא ידוע</ManufacturerName>
      <ManufactureCountry>לא ידוע</ManufactureCountry>
      <ManufacturerItemDescription>הפי סבון אסלה 5 צדפו</ManufacturerItemDescription>
      <UnitQty>יחידה   </UnitQty>
      <Quantity>0.00</Quantity>
      <UnitOfMeasure>יחידה   </UnitOfMeasure>
      <bIsWeighted>0</bIsWeighted>
      <QtyInPackage>לא ידוע</QtyInPackage>
      <ItemPrice>14.90</ItemPrice>
      <UnitOfMeasurePrice>0.0000</UnitOfMeasurePrice>
      <AllowDiscount>1</AllowDiscount>
      <ItemStatus>1</ItemStatus>
      <ItemId>238365</ItemId>
    </Item>
    <Item>
      <PriceUpdateDate>2025-09-07 08:04:18</PriceUpdateDate>
      <ItemCode>7290018608685</ItemCode>
      <ItemType>1</ItemType>
      <ItemName>מפיות מודפס 20 יח'</ItemName>
      <ManufacturerName>לא ידוע</ManufacturerName>
      <ManufactureCountry>לא ידוע</ManufactureCountry>
      <ManufacturerItemDescription>מפיות מודפס 20 יח'</ManufacturerItemDescription>
      <UnitQty>יחידה   </UnitQty>
      <Quantity>0.00</Quantity>
      <UnitOfMeasure>יחידה   </UnitOfMeasure>
      <bIsWeighted>0</bIsWeighted>
      <QtyInPackage>לא ידוע</QtyInPackage>
      <ItemPrice>8.90</ItemPrice>
      <UnitOfMeasurePrice>0.0000</UnitOfMeasurePrice>
      <AllowDiscount>1</AllowDiscount>
      <ItemStatus>1</ItemStatus>
      <ItemId>238376</ItemId>
    </Item>
    <Item>
      <PriceUpdateDate>2025-08-26 14:36:54</PriceUpdateDate>
      <ItemCode>7290010259359</ItemCode>
      <ItemType>1</ItemType>
      <ItemName>אטריות להקפצה רחבות</ItemName>
      <ManufacturerName>לא ידוע</ManufacturerName>
      <ManufactureCountry>לא ידוע</ManufactureCountry>
      <ManufacturerItemDescription>אטריות להקפצה רחבות</ManufacturerItemDescription>
      <UnitQty>לא ידוע</UnitQty>
      <Quantity>200.00</Quantity>
      <UnitOfMeasure>לא ידוע</UnitOfMeasure>
      <bIsWeighted>0</bIsWeighted>
      <QtyInPackage>לא ידוע</QtyInPackage>
      <ItemPrice>7.90</ItemPrice>
      <UnitOfMeasurePrice>0.0395</UnitOfMeasurePrice>
      <AllowDiscount>1</AllowDiscount>
      <ItemStatus>1</ItemStatus>
      <ItemId>238386</ItemId>
    </Item>
    <Item>
      <PriceUpdateDate>2025-08-26 11:54:33</PriceUpdateDate>
      <ItemCode>7290114313018</ItemCode>
      <ItemType>1</ItemType>
      <ItemName>משקה חלב נטול לקטוז</ItemName>
      <ManufacturerName>לא ידוע</ManufacturerName>
      <ManufactureCountry>לא ידוע</ManufactureCountry>
      <ManufacturerItemDescription>משקה חלב נטול לקטוז</ManufacturerItemDescription>
      <UnitQty>לא ידוע</UnitQty>
      <Quantity>1000.00</Quantity>
      <UnitOfMeasure>לא ידוע</UnitOfMeasure>
      <bIsWeighted>0</bIsWeighted>
      <QtyInPackage>לא ידוע</QtyInPackage>
      <ItemPrice>13.40</ItemPrice>
      <UnitOfMeasurePrice>0.0134</UnitOfMeasurePrice>
      <AllowDiscount>1</AllowDiscount>
      <ItemStatus>1</ItemStatus>
      <ItemId>250009</ItemId>
    </Item>
    <Item>
      <PriceUpdateDate>2025-08-19 11:44:25</PriceUpdateDate>
      <ItemCode>5201178801047</ItemCode>
      <ItemType>1</ItemType>
      <ItemName>קרם ניוואה רב שימושי</ItemName>
      <ManufacturerName>לא ידוע</ManufacturerName>
      <ManufactureCountry>לא ידוע</ManufactureCountry>
      <ManufacturerItemDescription>קרם ניוואה רב שימושי</ManufacturerItemDescription>
      <UnitQty>יחידה   </UnitQty>
      <Quantity>0.00</Quantity>
      <UnitOfMeasure>יחידה   </UnitOfMeasure>
      <bIsWeighted>0</bIsWeighted>
      <QtyInPackage>לא ידוע</QtyInPackage>
      <ItemPrice>23.90</ItemPrice>
      <UnitOfMeasurePrice>0.0000</UnitOfMeasurePrice>
      <AllowDiscount>1</AllowDiscount>
      <ItemStatus>1</ItemStatus>
      <ItemId>242021</ItemId>
    </Item>
    <Item>
      <PriceUpdateDate>2025-11-23 11:35:34</PriceUpdateDate>
      <ItemCode>7290119384143</ItemCode>
      <ItemType>1</ItemType>
      <ItemName>טבלת מילקי ש.חלב במי</ItemName>
      <ManufacturerName>לא ידוע</ManufacturerName>
      <ManufactureCountry>לא ידוע</ManufactureCountry>
      <ManufacturerItemDescription>טבלת מילקי ש.חלב במי</ManufacturerItemDescription>
      <UnitQty>לא ידוע</UnitQty>
      <Quantity>100.00</Quantity>
      <UnitOfMeasure>לא ידוע</UnitOfMeasure>
      <bIsWeighted>0</bIsWeighted>
      <QtyInPackage>לא ידוע</QtyInPackage>
      <ItemPrice>11.90</ItemPrice>
      <UnitOfMeasurePrice>0.1190</UnitOfMeasurePrice>
      <AllowDiscount>1</AllowDiscount>
      <ItemStatus>1</ItemStatus>
      <ItemId>256551</ItemId>
    </Item>
    <Item>
      <PriceUpdateDate>2025-09-03 07:27:25</PriceUpdateDate>
      <ItemCode>7290017088075</ItemCode>
      <ItemType>1</ItemType>
      <ItemName>בייביסיטר סטנדרט 40</ItemName>
      <ManufacturerName>לא ידוע</ManufacturerName>
      <ManufactureCountry>לא ידוע</ManufactureCountry>
      <ManufacturerItemDescription>בייביסיטר סטנדרט 40</ManufacturerItemDescription>
      <UnitQty>לא ידוע</UnitQty>
      <Quantity>0.00</Quantity>
      <UnitOfMeasure>לא ידוע</UnitOfMeasure>
      <bIsWeighted>0</bIsWeighted>
      <QtyInPackage>לא ידוע</QtyInPackage>
      <ItemPrice>35.90</ItemPrice>
      <UnitOfMeasurePrice>0.0000</UnitOfMeasurePrice>
      <AllowDiscount>1</AllowDiscount>
      <ItemStatus>1</ItemStatus>
      <ItemId>240033</ItemId>
    </Item>
    <Item>
      <PriceUpdateDate>2025-09-08 07:55:15</PriceUpdateDate>
      <ItemCode>7290019401544</ItemCode>
      <ItemType>1</ItemType>
      <ItemName>חטיף פרוטאין מקס בטע</ItemName>
      <ManufacturerName>פרוטאין מקס</ManufacturerName>
      <ManufactureCountry>לא ידוע</ManufactureCountry>
      <ManufacturerItemDescription>חטיף פרוטאין מקס בטע</ManufacturerItemDescription>
      <UnitQty>לא ידוע</UnitQty>
      <Quantity>62.00</Quantity>
      <UnitOfMeasure>לא ידוע</UnitOfMeasure>
      <bIsWeighted>0</bIsWeighted>
      <QtyInPackage>לא ידוע</QtyInPackage>
      <ItemPrice>15.90</ItemPrice>
      <UnitOfMeasurePrice>0.2565</UnitOfMeasurePrice>
      <AllowDiscount>1</AllowDiscount>
      <ItemStatus>1</ItemStatus>
      <ItemId>247894</ItemId>
    </Item>
    <Item>
      <PriceUpdateDate>2025-09-08 08:00:11</PriceUpdateDate>
      <ItemCode>7702018469802</ItemCode>
      <ItemType>1</ItemType>
      <ItemName>גילט מארז ונוס סוויר</ItemName>
      <ManufacturerName>לא ידוע</ManufacturerName>
      <ManufactureCountry>לא ידוע</ManufactureCountry>
      <ManufacturerItemDescription>גילט מארז ונוס סוויר</ManufacturerItemDescription>
      <UnitQty>יחידה   </UnitQty>
      <Quantity>0.00</Quantity>
      <UnitOfMeasure>יחידה   </UnitOfMeasure>
      <bIsWeighted>0</bIsWeighted>
      <QtyInPackage>לא ידוע</QtyInPackage>
      <ItemPrice>54.90</ItemPrice>
      <UnitOfMeasurePrice>0.0000</UnitOfMeasurePrice>
      <AllowDiscount>1</AllowDiscount>
      <ItemStatus>1</ItemStatus>
      <ItemId>238505</ItemId>
    </Item>
    <Item>
      <PriceUpdateDate>2025-07-31 09:28:41</PriceUpdateDate>
      <ItemCode>7290018989128</ItemCode>
      <ItemType>1</ItemType>
      <ItemName>סירופ בטעם ענבים 1 ל</ItemName>
      <ManufacturerName>לא ידוע</ManufacturerName>
      <ManufactureCountry>לא ידוע</ManufactureCountry>
      <ManufacturerItemDescription>סירופ בטעם ענבים 1 ל</ManufacturerItemDescription>
      <UnitQty>לא ידוע</UnitQty>
      <Quantity>1000.00</Quantity>
      <UnitOfMeasure>לא ידוע</UnitOfMeasure>
      <bIsWeighted>0</bIsWeighted>
      <QtyInPackage>לא ידוע</QtyInPackage>
      <ItemPrice>13.90</ItemPrice>
      <UnitOfMeasurePrice>0.0139</UnitOfMeasurePrice>
      <AllowDiscount>1</AllowDiscount>
      <ItemStatus>1</ItemStatus>
      <ItemId>238564</ItemId>
    </Item>
    <Item>
      <PriceUpdateDate>2025-07-31 09:28:41</PriceUpdateDate>
      <ItemCode>7290018989135</ItemCode>
      <ItemType>1</ItemType>
      <ItemName>סירופ בטעם פטל 1 ל'</ItemName>
      <ManufacturerName>לא ידוע</ManufacturerName>
      <ManufactureCountry>לא ידוע</ManufactureCountry>
      <ManufacturerItemDescription>סירופ בטעם פטל 1 ל'</ManufacturerItemDescription>
      <UnitQty>לא ידוע</UnitQty>
      <Quantity>1000.00</Quantity>
      <UnitOfMeasure>לא ידוע</UnitOfMeasure>
      <bIsWeighted>0</bIsWeighted>
      <QtyInPackage>לא ידוע</QtyInPackage>
      <ItemPrice>13.90</ItemPrice>
      <UnitOfMeasurePrice>0.0139</UnitOfMeasurePrice>
      <AllowDiscount>1</AllowDiscount>
      <ItemStatus>1</ItemStatus>
      <ItemId>238565</ItemId>
    </Item>
    <Item>
      <PriceUpdateDate>2025-09-04 11:56:56</PriceUpdateDate>
      <ItemCode>5060751219033</ItemCode>
      <ItemType>1</ItemType>
      <ItemName>משקה אנרגיה מונסטר פ</ItemName>
      <ManufacturerName>לא ידוע</ManufacturerName>
      <ManufactureCountry>לא ידוע</ManufactureCountry>
      <ManufacturerItemDescription>משקה אנרגיה מונסטר פ</ManufacturerItemDescription>
      <UnitQty>לא ידוע</UnitQty>
      <Quantity>500.00</Quantity>
      <UnitOfMeasure>לא ידוע</UnitOfMeasure>
      <bIsWeighted>0</bIsWeighted>
      <QtyInPackage>לא ידוע</QtyInPackage>
      <ItemPrice>10.50</ItemPrice>
      <UnitOfMeasurePrice>0.0210</UnitOfMeasurePrice>
      <AllowDiscount>1</AllowDiscount>
      <ItemStatus>1</ItemStatus>
      <ItemId>238582</ItemId>
    </Item>
    <Item>
      <PriceUpdateDate>2025-08-31 10:14:33</PriceUpdateDate>
      <ItemCode>7290109580432</ItemCode>
      <ItemType>1</ItemType>
      <ItemName>פסטרמה בדחזה הודו מע</ItemName>
      <ManufacturerName>לא ידוע</ManufacturerName>
      <ManufactureCountry>לא ידוע</ManufactureCountry>
      <ManufacturerItemDescription>פסטרמה בדחזה הודו מע</ManufacturerItemDescription>
      <UnitQty>לא ידוע</UnitQty>
      <Quantity>120.00</Quantity>
      <UnitOfMeasure>לא ידוע</UnitOfMeasure>
      <bIsWeighted>0</bIsWeighted>
      <QtyInPackage>לא ידוע</QtyInPackage>
      <ItemPrice>19.90</ItemPrice>
      <UnitOfMeasurePrice>0.1658</UnitOfMeasurePrice>
      <AllowDiscount>1</AllowDiscount>
      <ItemStatus>1</ItemStatus>
      <ItemId>238602</ItemId>
    </Item>
    <Item>
      <PriceUpdateDate>2025-08-18 09:15:27</PriceUpdateDate>
      <ItemCode>7290000319841</ItemCode>
      <ItemType>1</ItemType>
      <ItemName>פסטרמה מהמעשנה יחיעם</ItemName>
      <ManufacturerName>לא ידוע</ManufacturerName>
      <ManufactureCountry>לא ידוע</ManufactureCountry>
      <ManufacturerItemDescription>פסטרמה מהמעשנה יחיעם</ManufacturerItemDescription>
      <UnitQty>קילוגרמים</UnitQty>
      <Quantity>1.00</Quantity>
      <UnitOfMeasure>ק"ג</UnitOfMeasure>
      <bIsWeighted>1</bIsWeighted>
      <QtyInPackage>לא ידוע</QtyInPackage>
      <ItemPrice>75.00</ItemPrice>
      <UnitOfMeasurePrice>75.0000</UnitOfMeasurePrice>
      <AllowDiscount>1</AllowDiscount>
      <ItemStatus>1</ItemStatus>
      <ItemId>238626</ItemId>
    </Item>
    <Item>
      <PriceUpdateDate>2025-08-26 11:43:31</PriceUpdateDate>
      <ItemCode>7290110554477</ItemCode>
      <ItemType>1</ItemType>
      <ItemName>קפסולות אספרסו לאפוג</ItemName>
      <ManufacturerName>לא ידוע</ManufacturerName>
      <ManufactureCountry>לא ידוע</ManufactureCountry>
      <ManufacturerItemDescription>קפסולות אספרסו לאפוג</ManufacturerItemDescription>
      <UnitQty>לא ידוע</UnitQty>
      <Quantity>50.00</Quantity>
      <UnitOfMeasure>לא ידוע</UnitOfMeasure>
      <bIsWeighted>0</bIsWeighted>
      <QtyInPackage>לא ידוע</QtyInPackage>
      <ItemPrice>21.90</ItemPrice>
      <UnitOfMeasurePrice>0.4380</UnitOfMeasurePrice>
      <AllowDiscount>1</AllowDiscount>
      <ItemStatus>1</ItemStatus>
      <ItemId>238635</ItemId>
    </Item>
    <Item>
      <PriceUpdateDate>2025-01-06 15:48:15</PriceUpdateDate>
      <ItemCode>7290000979427</ItemCode>
      <ItemType>1</ItemType>
      <ItemName>שרי כתום ארוז בלב</ItemName>
      <ManufacturerName>לא ידוע</ManufacturerName>
      <ManufactureCountry>ישראל</ManufactureCountry>
      <ManufacturerItemDescription>שרי כתום ארוז בלב</ManufacturerItemDescription>
      <UnitQty>לא ידוע</UnitQty>
      <Quantity>480.00</Quantity>
      <UnitOfMeasure>לא ידוע</UnitOfMeasure>
      <bIsWeighted>0</bIsWeighted>
      <QtyInPackage>לא ידוע</QtyInPackage>
      <ItemPrice>9.90</ItemPrice>
      <UnitOfMeasurePrice>0.0206</UnitOfMeasurePrice>
      <AllowDiscount>1</AllowDiscount>
      <ItemStatus>1</ItemStatus>
      <ItemId>238639</ItemId>
    </Item>
    <Item>
      <PriceUpdateDate>2025-01-06 15:48:20</PriceUpdateDate>
      <ItemCode>7290000993461</ItemCode>
      <ItemType>1</ItemType>
      <ItemName>שרי צהוב ארוז</ItemName>
      <ManufacturerName>לא ידוע</ManufacturerName>
      <ManufactureCountry>ישראל</ManufactureCountry>
      <ManufacturerItemDescription>שרי צהוב ארוז</ManufacturerItemDescription>
      <UnitQty>לא ידוע</UnitQty>
      <Quantity>480.00</Quantity>
      <UnitOfMeasure>לא ידוע</UnitOfMeasure>
      <bIsWeighted>0</bIsWeighted>
      <QtyInPackage>לא ידוע</QtyInPackage>
      <ItemPrice>9.90</ItemPrice>
      <UnitOfMeasurePrice>0.0206</UnitOfMeasurePrice>
      <AllowDiscount>1</AllowDiscount>
      <ItemStatus>1</ItemStatus>
      <ItemId>238640</ItemId>
    </Item>
    <Item>
      <PriceUpdateDate>2025-01-06 15:49:01</PriceUpdateDate>
      <ItemCode>7290000993560</ItemCode>
      <ItemType>1</ItemType>
      <ItemName>שרי שוקו ארוז בלב</ItemName>
      <ManufacturerName>לא ידוע</ManufacturerName>
      <ManufactureCountry>ישראל</ManufactureCountry>
      <ManufacturerItemDescription>שרי שוקו ארוז בלב</ManufacturerItemDescription>
      <UnitQty>לא ידוע</UnitQty>
      <Quantity>460.00</Quantity>
      <UnitOfMeasure>לא ידוע</UnitOfMeasure>
      <bIsWeighted>0</bIsWeighted>
      <QtyInPackage>לא ידוע</QtyInPackage>
      <ItemPrice>9.90</ItemPrice>
      <UnitOfMeasurePrice>0.0215</UnitOfMeasurePrice>
      <AllowDiscount>1</AllowDiscount>
      <ItemStatus>1</ItemStatus>
      <ItemId>238641</ItemId>
    </Item>
    <Item>
      <PriceUpdateDate>2025-09-07 10:42:08</PriceUpdateDate>
      <ItemCode>7290108357295</ItemCode>
      <ItemType>1</ItemType>
      <ItemName>סנו אוקסיגן מסיר כתמ</ItemName>
      <ManufacturerName>לא ידוע</ManufacturerName>
      <ManufactureCountry>לא ידוע</ManufactureCountry>
      <ManufacturerItemDescription>סנו אוקסיגן מסיר כתמ</ManufacturerItemDescription>
      <UnitQty>לא ידוע</UnitQty>
      <Quantity>750.00</Quantity>
      <UnitOfMeasure>לא ידוע</UnitOfMeasure>
      <bIsWeighted>0</bIsWeighted>
      <QtyInPackage>לא ידוע</QtyInPackage>
      <ItemPrice>19.90</ItemPrice>
      <UnitOfMeasurePrice>0.0265</UnitOfMeasurePrice>
      <AllowDiscount>1</AllowDiscount>
      <ItemStatus>1</ItemStatus>
      <ItemId>238650</ItemId>
    </Item>
    <Item>
      <PriceUpdateDate>2025-09-07 10:42:07</PriceUpdateDate>
      <ItemCode>7290108357264</ItemCode>
      <ItemType>1</ItemType>
      <ItemName>פרש אוטומטי מילוי או</ItemName>
      <ManufacturerName>לא ידוע</ManufacturerName>
      <ManufactureCountry>לא ידוע</ManufactureCountry>
      <ManufacturerItemDescription>פרש אוטומטי מילוי או</ManufacturerItemDescription>
      <UnitQty>לא ידוע</UnitQty>
      <Quantity>250.00</Quantity>
      <UnitOfMeasure>לא ידוע</UnitOfMeasure>
      <bIsWeighted>0</bIsWeighted>
      <QtyInPackage>לא ידוע</QtyInPackage>
      <ItemPrice>17.90</ItemPrice>
      <UnitOfMeasurePrice>0.0716</UnitOfMeasurePrice>
      <AllowDiscount>1</AllowDiscount>
      <ItemStatus>1</ItemStatus>
      <ItemId>238651</ItemId>
    </Item>
    <Item>
      <PriceUpdateDate>2025-08-28 10:19:19</PriceUpdateDate>
      <ItemCode>7290117267387</ItemCode>
      <ItemType>1</ItemType>
      <ItemName>אפונה ירוקה בינונית</ItemName>
      <ManufacturerName>לא ידוע</ManufacturerName>
      <ManufactureCountry>לא ידוע</ManufactureCountry>
      <ManufacturerItemDescription>אפונה ירוקה בינונית</ManufacturerItemDescription>
      <UnitQty>לא ידוע</UnitQty>
      <Quantity>340.00</Quantity>
      <UnitOfMeasure>לא ידוע</UnitOfMeasure>
      <bIsWeighted>0</bIsWeighted>
      <QtyInPackage>לא ידוע</QtyInPackage>
      <ItemPrice>7.00</ItemPrice>
      <UnitOfMeasurePrice>0.0206</UnitOfMeasurePrice>
      <AllowDiscount>1</AllowDiscount>
      <ItemStatus>1</ItemStatus>
      <ItemId>255540</ItemId>
    </Item>
    <Item>
      <PriceUpdateDate>2025-03-12 12:50:22</PriceUpdateDate>
      <ItemCode>7290116537191</ItemCode>
      <ItemType>1</ItemType>
      <ItemName>בדין אקסטרה מרכך כבי</ItemName>
      <ManufacturerName>לא ידוע</ManufacturerName>
      <ManufactureCountry>לא ידוע</ManufactureCountry>
      <ManufacturerItemDescription>בדין אקסטרה מרכך כבי</ManufacturerItemDescription>
      <UnitQty>לא ידוע</UnitQty>
      <Quantity>960.00</Quantity>
      <UnitOfMeasure>לא ידוע</UnitOfMeasure>
      <bIsWeighted>0</bIsWeighted>
      <QtyInPackage>לא ידוע</QtyInPackage>
      <ItemPrice>19.90</ItemPrice>
      <UnitOfMeasurePrice>0.0207</UnitOfMeasurePrice>
      <AllowDiscount>1</AllowDiscount>
      <ItemStatus>1</ItemStatus>
      <ItemId>252108</ItemId>
    </Item>
    <Item>
      <PriceUpdateDate>2025-08-31 09:59:30</PriceUpdateDate>
      <ItemCode>7290110553623</ItemCode>
      <ItemType>1</ItemType>
      <ItemName>ציטוס קראנץ צ'דר חלפ</ItemName>
      <ManufacturerName>לא ידוע</ManufacturerName>
      <ManufactureCountry>לא ידוע</ManufactureCountry>
      <ManufacturerItemDescription>ציטוס קראנץ צ'דר חלפ</ManufacturerItemDescription>
      <UnitQty>לא ידוע</UnitQty>
      <Quantity>80.00</Quantity>
      <UnitOfMeasure>לא ידוע</UnitOfMeasure>
      <bIsWeighted>0</bIsWeighted>
      <QtyInPackage>לא ידוע</QtyInPackage>
      <ItemPrice>6.90</ItemPrice>
      <UnitOfMeasurePrice>0.0863</UnitOfMeasurePrice>
      <AllowDiscount>1</AllowDiscount>
      <ItemStatus>1</ItemStatus>
      <ItemId>238702</ItemId>
    </Item>
    <Item>
      <PriceUpdateDate>2025-08-26 11:54:14</PriceUpdateDate>
      <ItemCode>7290114311359</ItemCode>
      <ItemType>1</ItemType>
      <ItemName>מולר פרופ קציפת מנגו</ItemName>
      <ManufacturerName>לא ידוע</ManufacturerName>
      <ManufactureCountry>לא ידוע</ManufactureCountry>
      <ManufacturerItemDescription>מולר פרופ קציפת מנגו</ManufacturerItemDescription>
      <UnitQty>לא ידוע</UnitQty>
      <Quantity>150.00</Quantity>
      <UnitOfMeasure>לא ידוע</UnitOfMeasure>
      <bIsWeighted>0</bIsWeighted>
      <QtyInPackage>לא ידוע</QtyInPackage>
      <ItemPrice>6.80</ItemPrice>
      <UnitOfMeasurePrice>0.0453</UnitOfMeasurePrice>
      <AllowDiscount>1</AllowDiscount>
      <ItemStatus>1</ItemStatus>
      <ItemId>238711</ItemId>
    </Item>
    <Item>
      <PriceUpdateDate>2025-09-07 08:05:45</PriceUpdateDate>
      <ItemCode>7290113197169</ItemCode>
      <ItemType>1</ItemType>
      <ItemName>חמאת בוטנים טבעית 51</ItemName>
      <ManufacturerName>לא ידוע</ManufacturerName>
      <ManufactureCountry>לא ידוע</ManufactureCountry>
      <ManufacturerItemDescription>חמאת בוטנים טבעית 51</ManufacturerItemDescription>
      <UnitQty>לא ידוע</UnitQty>
      <Quantity>510.00</Quantity>
      <UnitOfMeasure>לא ידוע</UnitOfMeasure>
      <bIsWeighted>0</bIsWeighted>
      <QtyInPackage>לא ידוע</QtyInPackage>
      <ItemPrice>19.90</ItemPrice>
      <UnitOfMeasurePrice>0.0390</UnitOfMeasurePrice>
      <AllowDiscount>1</AllowDiscount>
      <ItemStatus>1</ItemStatus>
      <ItemId>238862</ItemId>
    </Item>
    <Item>
      <PriceUpdateDate>2025-09-07 10:42:55</PriceUpdateDate>
      <ItemCode>7290111346125</ItemCode>
      <ItemType>1</ItemType>
      <ItemName>מגבוני האגיס דיילי ק</ItemName>
      <ManufacturerName>לא ידוע</ManufacturerName>
      <ManufactureCountry>לא ידוע</ManufactureCountry>
      <ManufacturerItemDescription>מגבוני האגיס דיילי ק</ManufacturerItemDescription>
      <UnitQty>יחידה   </UnitQty>
      <Quantity>0.00</Quantity>
      <UnitOfMeasure>יחידה   </UnitOfMeasure>
      <bIsWeighted>0</bIsWeighted>
      <QtyInPackage>לא ידוע</QtyInPackage>
      <ItemPrice>19.90</ItemPrice>
      <UnitOfMeasurePrice>0.0000</UnitOfMeasurePrice>
      <AllowDiscount>1</AllowDiscount>
      <ItemStatus>1</ItemStatus>
      <ItemId>238866</ItemId>
    </Item>
    <Item>
      <PriceUpdateDate>2025-09-07 10:42:55</PriceUpdateDate>
      <ItemCode>7290111346132</ItemCode>
      <ItemType>1</ItemType>
      <ItemName>מגבוני האגיס סנסטיב</ItemName>
      <ManufacturerName>לא ידוע</ManufacturerName>
      <ManufactureCountry>לא ידוע</ManufactureCountry>
      <ManufacturerItemDescription>מגבוני האגיס סנסטיב</ManufacturerItemDescription>
      <UnitQty>יחידה   </UnitQty>
      <Quantity>0.00</Quantity>
      <UnitOfMeasure>יחידה   </UnitOfMeasure>
      <bIsWeighted>0</bIsWeighted>
      <QtyInPackage>לא ידוע</QtyInPackage>
      <ItemPrice>19.90</ItemPrice>
      <UnitOfMeasurePrice>0.0000</UnitOfMeasurePrice>
      <AllowDiscount>1</AllowDiscount>
      <ItemStatus>1</ItemStatus>
      <ItemId>238867</ItemId>
    </Item>
    <Item>
      <PriceUpdateDate>2025-08-20 13:15:49</PriceUpdateDate>
      <ItemCode>7290000201795</ItemCode>
      <ItemType>1</ItemType>
      <ItemName>מגבוני האגיס נטורל ק</ItemName>
      <ManufacturerName>לא ידוע</ManufacturerName>
      <ManufactureCountry>לא ידוע</ManufactureCountry>
      <ManufacturerItemDescription>מגבוני האגיס נטורל ק</ManufacturerItemDescription>
      <UnitQty>יחידה   </UnitQty>
      <Quantity>0.00</Quantity>
      <UnitOfMeasure>יחידה   </UnitOfMeasure>
      <bIsWeighted>0</bIsWeighted>
      <QtyInPackage>לא ידוע</QtyInPackage>
      <ItemPrice>19.90</ItemPrice>
      <UnitOfMeasurePrice>0.0000</UnitOfMeasurePrice>
      <AllowDiscount>1</AllowDiscount>
      <ItemStatus>1</ItemStatus>
      <ItemId>238868</ItemId>
    </Item>
    <Item>
      <PriceUpdateDate>2025-09-03 11:28:07</PriceUpdateDate>
      <ItemCode>7290116533100</ItemCode>
      <ItemType>1</ItemType>
      <ItemName>פינוק מרכך לשיער ניח</ItemName>
      <ManufacturerName>לא ידוע</ManufacturerName>
      <ManufactureCountry>לא ידוע</ManufactureCountry>
      <ManufacturerItemDescription>פינוק מרכך לשיער ניח</ManufacturerItemDescription>
      <UnitQty>לא ידוע</UnitQty>
      <Quantity>700.00</Quantity>
      <UnitOfMeasure>לא ידוע</UnitOfMeasure>
      <bIsWeighted>0</bIsWeighted>
      <QtyInPackage>לא ידוע</QtyInPackage>
      <ItemPrice>13.90</ItemPrice>
      <UnitOfMeasurePrice>0.0199</UnitOfMeasurePrice>
      <AllowDiscount>1</AllowDiscount>
      <ItemStatus>1</ItemStatus>
      <ItemId>238875</ItemId>
    </Item>
    <Item>
      <PriceUpdateDate>2025-08-31 10:12:20</PriceUpdateDate>
      <ItemCode>7290110558314</ItemCode>
      <ItemType>1</ItemType>
      <ItemName>דנונה פרו 20 גרם חלב</ItemName>
      <ManufacturerName>לא ידוע</ManufacturerName>
      <ManufactureCountry>לא ידוע</ManufactureCountry>
      <ManufacturerItemDescription>דנונה פרו 20 גרם חלב</ManufacturerItemDescription>
      <UnitQty>לא ידוע</UnitQty>
      <Quantity>200.00</Quantity>
      <UnitOfMeasure>לא ידוע</UnitOfMeasure>
      <bIsWeighted>0</bIsWeighted>
      <QtyInPackage>לא ידוע</QtyInPackage>
      <ItemPrice>7.00</ItemPrice>
      <UnitOfMeasurePrice>0.0350</UnitOfMeasurePrice>
      <AllowDiscount>1</AllowDiscount>
      <ItemStatus>1</ItemStatus>
      <ItemId>238916</ItemId>
    </Item>
    <Item>
      <PriceUpdateDate>2025-08-31 10:12:18</PriceUpdateDate>
      <ItemCode>7290110557423</ItemCode>
      <ItemType>1</ItemType>
      <ItemName>מילקי שכבות בטעם דאב</ItemName>
      <ManufacturerName>לא ידוע</ManufacturerName>
      <ManufactureCountry>לא ידוע</ManufactureCountry>
      <ManufacturerItemDescription>מילקי שכבות בטעם דאב</ManufacturerItemDescription>
      <UnitQty>לא ידוע</UnitQty>
      <Quantity>108.00</Quantity>
      <UnitOfMeasure>לא ידוע</UnitOfMeasure>
      <bIsWeighted>0</bIsWeighted>
      <QtyInPackage>לא ידוע</QtyInPackage>
      <ItemPrice>4.10</ItemPrice>
      <UnitOfMeasurePrice>0.0380</UnitOfMeasurePrice>
      <AllowDiscount>1</AllowDiscount>
      <ItemStatus>1</ItemStatus>
      <ItemId>238918</ItemId>
    </Item>
    <Item>
      <PriceUpdateDate>2025-09-08 08:00:09</PriceUpdateDate>
      <ItemCode>9044400885578</ItemCode>
      <ItemType>1</ItemType>
      <ItemName>סוכריות פז מילוי בטע</ItemName>
      <ManufacturerName>לא ידוע</ManufacturerName>
      <ManufactureCountry>לא ידוע</ManufactureCountry>
      <ManufacturerItemDescription>סוכריות פז מילוי בטע</ManufacturerItemDescription>
      <UnitQty>יחידה   </UnitQty>
      <Quantity>0.00</Quantity>
      <UnitOfMeasure>יחידה   </UnitOfMeasure>
      <bIsWeighted>0</bIsWeighted>
      <QtyInPackage>לא ידוע</QtyInPackage>
      <ItemPrice>12.90</ItemPrice>
      <UnitOfMeasurePrice>0.0000</UnitOfMeasurePrice>
      <AllowDiscount>1</AllowDiscount>
      <ItemStatus>1</ItemStatus>
      <ItemId>238921</ItemId>
    </Item>
    <Item>
      <PriceUpdateDate>2025-08-26 16:06:14</PriceUpdateDate>
      <ItemCode>7613035379817</ItemCode>
      <ItemType>1</ItemType>
      <ItemName>דנטלייף גזע קטן 115ג</ItemName>
      <ManufacturerName>לא ידוע</ManufacturerName>
      <ManufactureCountry>לא ידוע</ManufactureCountry>
      <ManufacturerItemDescription>דנטלייף גזע קטן 115ג</ManufacturerItemDescription>
      <UnitQty>לא ידוע</UnitQty>
      <Quantity>115.00</Quantity>
      <UnitOfMeasure>לא ידוע</UnitOfMeasure>
      <bIsWeighted>0</bIsWeighted>
      <QtyInPackage>לא ידוע</QtyInPackage>
      <ItemPrice>17.90</ItemPrice>
      <UnitOfMeasurePrice>0.1557</UnitOfMeasurePrice>
      <AllowDiscount>1</AllowDiscount>
      <ItemStatus>1</ItemStatus>
      <ItemId>238926</ItemId>
    </Item>
    <Item>
      <PriceUpdateDate>2025-08-19 11:47:35</PriceUpdateDate>
      <ItemCode>4015400363002</ItemCode>
      <ItemType>1</ItemType>
      <ItemName>טמפונים טמפקס סופר 2</ItemName>
      <ManufacturerName>לא ידוע</ManufacturerName>
      <ManufactureCountry>לא ידוע</ManufactureCountry>
      <ManufacturerItemDescription>טמפונים טמפקס סופר 2</ManufacturerItemDescription>
      <UnitQty>יחידה   </UnitQty>
      <Quantity>0.00</Quantity>
      <UnitOfMeasure>יחידה   </UnitOfMeasure>
      <bIsWeighted>0</bIsWeighted>
      <QtyInPackage>לא ידוע</QtyInPackage>
      <ItemPrice>25.90</ItemPrice>
      <UnitOfMeasurePrice>0.0000</UnitOfMeasurePrice>
      <AllowDiscount>1</AllowDiscount>
      <ItemStatus>1</ItemStatus>
      <ItemId>238931</ItemId>
    </Item>
    <Item>
      <PriceUpdateDate>2025-08-26 11:46:55</PriceUpdateDate>
      <ItemCode>7290014648913</ItemCode>
      <ItemType>1</ItemType>
      <ItemName>פדים קוסמטיים לה בלה</ItemName>
      <ManufacturerName>לא ידוע</ManufacturerName>
      <ManufactureCountry>לא ידוע</ManufactureCountry>
      <ManufacturerItemDescription>פדים קוסמטיים לה בלה</ManufacturerItemDescription>
      <UnitQty>יחידה   </UnitQty>
      <Quantity>0.00</Quantity>
      <UnitOfMeasure>יחידה   </UnitOfMeasure>
      <bIsWeighted>0</bIsWeighted>
      <QtyInPackage>לא ידוע</QtyInPackage>
      <ItemPrice>17.90</ItemPrice>
      <UnitOfMeasurePrice>0.0000</UnitOfMeasurePrice>
      <AllowDiscount>1</AllowDiscount>
      <ItemStatus>1</ItemStatus>
      <ItemId>238933</ItemId>
    </Item>
    <Item>
      <PriceUpdateDate>2025-08-26 11:44:20</PriceUpdateDate>
      <ItemCode>7290110571184</ItemCode>
      <ItemType>1</ItemType>
      <ItemName>עדשים חומות 380 ג טע</ItemName>
      <ManufacturerName>לא ידוע</ManufacturerName>
      <ManufactureCountry>לא ידוע</ManufactureCountry>
      <ManufacturerItemDescription>עדשים חומות 380 ג טע</ManufacturerItemDescription>
      <UnitQty>לא ידוע</UnitQty>
      <Quantity>380.00</Quantity>
      <UnitOfMeasure>לא ידוע</UnitOfMeasure>
      <bIsWeighted>0</bIsWeighted>
      <QtyInPackage>לא ידוע</QtyInPackage>
      <ItemPrice>8.90</ItemPrice>
      <UnitOfMeasurePrice>0.0234</UnitOfMeasurePrice>
      <AllowDiscount>1</AllowDiscount>
      <ItemStatus>1</ItemStatus>
      <ItemId>238964</ItemId>
    </Item>
    <Item>
      <PriceUpdateDate>2025-08-21 13:56:22</PriceUpdateDate>
      <ItemCode>8000500269169</ItemCode>
      <ItemType>1</ItemType>
      <ItemName>קינדר קארדס חמישייה</ItemName>
      <ManufacturerName>קריות זול</ManufacturerName>
      <ManufactureCountry>לא ידוע</ManufactureCountry>
      <ManufacturerItemDescription>קינדר קארדס חמישייה</ManufacturerItemDescription>
      <UnitQty>לא ידוע</UnitQty>
      <Quantity>128.00</Quantity>
      <UnitOfMeasure>לא ידוע</UnitOfMeasure>
      <bIsWeighted>0</bIsWeighted>
      <QtyInPackage>לא ידוע</QtyInPackage>
      <ItemPrice>18.90</ItemPrice>
      <UnitOfMeasurePrice>0.1477</UnitOfMeasurePrice>
      <AllowDiscount>1</AllowDiscount>
      <ItemStatus>1</ItemStatus>
      <ItemId>238967</ItemId>
    </Item>
    <Item>
      <PriceUpdateDate>2025-08-21 13:56:26</PriceUpdateDate>
      <ItemCode>8000500386941</ItemCode>
      <ItemType>1</ItemType>
      <ItemName>נוטלה ממרח 900ג קקאו</ItemName>
      <ManufacturerName>לא ידוע</ManufacturerName>
      <ManufactureCountry>לא ידוע</ManufactureCountry>
      <ManufacturerItemDescription>נוטלה ממרח 900ג קקאו</ManufacturerItemDescription>
      <UnitQty>לא ידוע</UnitQty>
      <Quantity>900.00</Quantity>
      <UnitOfMeasure>לא ידוע</UnitOfMeasure>
      <bIsWeighted>0</bIsWeighted>
      <QtyInPackage>לא ידוע</QtyInPackage>
      <ItemPrice>40.90</ItemPrice>
      <UnitOfMeasurePrice>0.0454</UnitOfMeasurePrice>
      <AllowDiscount>1</AllowDiscount>
      <ItemStatus>1</ItemStatus>
      <ItemId>238968</ItemId>
    </Item>
    <Item>
      <PriceUpdateDate>2025-08-26 11:54:13</PriceUpdateDate>
      <ItemCode>7290114311328</ItemCode>
      <ItemType>1</ItemType>
      <ItemName>חלב נטול לקטוז מועשר</ItemName>
      <ManufacturerName>לא ידוע</ManufacturerName>
      <ManufactureCountry>לא ידוע</ManufactureCountry>
      <ManufacturerItemDescription>חלב נטול לקטוז מועשר</ManufacturerItemDescription>
      <UnitQty>לא ידוע</UnitQty>
      <Quantity>1000.00</Quantity>
      <UnitOfMeasure>לא ידוע</UnitOfMeasure>
      <bIsWeighted>0</bIsWeighted>
      <QtyInPackage>לא ידוע</QtyInPackage>
      <ItemPrice>10.30</ItemPrice>
      <UnitOfMeasurePrice>0.0103</UnitOfMeasurePrice>
      <AllowDiscount>1</AllowDiscount>
      <ItemStatus>1</ItemStatus>
      <ItemId>238971</ItemId>
    </Item>
    <Item>
      <PriceUpdateDate>2025-12-17 12:34:39</PriceUpdateDate>
      <ItemCode>7290014435704</ItemCode>
      <ItemType>1</ItemType>
      <ItemName>סלמון מעושן 100גר</ItemName>
      <ManufacturerName>לא ידוע</ManufacturerName>
      <ManufactureCountry>לא ידוע</ManufactureCountry>
      <ManufacturerItemDescription>סלמון מעושן 100גר</ManufacturerItemDescription>
      <UnitQty>לא ידוע</UnitQty>
      <Quantity>100.00</Quantity>
      <UnitOfMeasure>לא ידוע</UnitOfMeasure>
      <bIsWeighted>0</bIsWeighted>
      <QtyInPackage>לא ידוע</QtyInPackage>
      <ItemPrice>25.39</ItemPrice>
      <UnitOfMeasurePrice>0.2539</UnitOfMeasurePrice>
      <AllowDiscount>1</AllowDiscount>
      <ItemStatus>1</ItemStatus>
      <ItemId>239045</ItemId>
    </Item>
    <Item>
      <PriceUpdateDate>2025-09-03 13:37:28</PriceUpdateDate>
      <ItemCode>7622300107949</ItemCode>
      <ItemType>1</ItemType>
      <ItemName>טובלרון שוקולד חלב ע</ItemName>
      <ManufacturerName>לא ידוע</ManufacturerName>
      <ManufactureCountry>לא ידוע</ManufactureCountry>
      <ManufacturerItemDescription>טובלרון שוקולד חלב ע</ManufacturerItemDescription>
      <UnitQty>לא ידוע</UnitQty>
      <Quantity>100.00</Quantity>
      <UnitOfMeasure>לא ידוע</UnitOfMeasure>
      <bIsWeighted>0</bIsWeighted>
      <QtyInPackage>לא ידוע</QtyInPackage>
      <ItemPrice>12.50</ItemPrice>
      <UnitOfMeasurePrice>0.1250</UnitOfMeasurePrice>
      <AllowDiscount>1</AllowDiscount>
      <ItemStatus>1</ItemStatus>
      <ItemId>239065</ItemId>
    </Item>
    <Item>
      <PriceUpdateDate>2025-09-03 13:37:37</PriceUpdateDate>
      <ItemCode>8410376052633</ItemCode>
      <ItemType>1</ItemType>
      <ItemName>גולון עוגיות שוקוצ'י</ItemName>
      <ManufacturerName>לא ידוע</ManufacturerName>
      <ManufactureCountry>לא ידוע</ManufactureCountry>
      <ManufacturerItemDescription>גולון עוגיות שוקוצ'י</ManufacturerItemDescription>
      <UnitQty>לא ידוע</UnitQty>
      <Quantity>150.00</Quantity>
      <UnitOfMeasure>לא ידוע</UnitOfMeasure>
      <bIsWeighted>0</bIsWeighted>
      <QtyInPackage>לא ידוע</QtyInPackage>
      <ItemPrice>14.90</ItemPrice>
      <UnitOfMeasurePrice>0.0993</UnitOfMeasurePrice>
      <AllowDiscount>1</AllowDiscount>
      <ItemStatus>1</ItemStatus>
      <ItemId>239079</ItemId>
    </Item>
    <Item>
      <PriceUpdateDate>2025-09-08 08:05:41</PriceUpdateDate>
      <ItemCode>7290018294352</ItemCode>
      <ItemType>1</ItemType>
      <ItemName>אראק 37.5% כרמל 700</ItemName>
      <ManufacturerName>לא ידוע</ManufacturerName>
      <ManufactureCountry>לא ידוע</ManufactureCountry>
      <ManufacturerItemDescription>אראק 37.5% כרמל 700</ManufacturerItemDescription>
      <UnitQty>לא ידוע</UnitQty>
      <Quantity>700.00</Quantity>
      <UnitOfMeasure>לא ידוע</UnitOfMeasure>
      <bIsWeighted>0</bIsWeighted>
      <QtyInPackage>לא ידוע</QtyInPackage>
      <ItemPrice>66.90</ItemPrice>
      <UnitOfMeasurePrice>0.0956</UnitOfMeasurePrice>
      <AllowDiscount>1</AllowDiscount>
      <ItemStatus>1</ItemStatus>
      <ItemId>239094</ItemId>
    </Item>
    <Item>
      <PriceUpdateDate>2025-08-18 11:33:45</PriceUpdateDate>
      <ItemCode>4810128009450</ItemCode>
      <ItemType>1</ItemType>
      <ItemName>גליליות וופל ממולאות</ItemName>
      <ManufacturerName>לא ידוע</ManufacturerName>
      <ManufactureCountry>לא ידוע</ManufactureCountry>
      <ManufacturerItemDescription>גליליות וופל ממולאות</ManufacturerItemDescription>
      <UnitQty>לא ידוע</UnitQty>
      <Quantity>95.00</Quantity>
      <UnitOfMeasure>לא ידוע</UnitOfMeasure>
      <bIsWeighted>0</bIsWeighted>
      <QtyInPackage>לא ידוע</QtyInPackage>
      <ItemPrice>7.50</ItemPrice>
      <UnitOfMeasurePrice>0.0789</UnitOfMeasurePrice>
      <AllowDiscount>1</AllowDiscount>
      <ItemStatus>1</ItemStatus>
      <ItemId>255281</ItemId>
    </Item>
    <Item>
      <PriceUpdateDate>2025-08-27 11:49:21</PriceUpdateDate>
      <ItemCode>7290019204206</ItemCode>
      <ItemType>1</ItemType>
      <ItemName>עוף טוב פסטרמה בסגנו</ItemName>
      <ManufacturerName>קריות זול</ManufacturerName>
      <ManufactureCountry>לא ידוע</ManufactureCountry>
      <ManufacturerItemDescription>עוף טוב פסטרמה בסגנו</ManufacturerItemDescription>
      <UnitQty>לא ידוע</UnitQty>
      <Quantity>320.00</Quantity>
      <UnitOfMeasure>לא ידוע</UnitOfMeasure>
      <bIsWeighted>0</bIsWeighted>
      <QtyInPackage>לא ידוע</QtyInPackage>
      <ItemPrice>33.90</ItemPrice>
      <UnitOfMeasurePrice>0.1059</UnitOfMeasurePrice>
      <AllowDiscount>1</AllowDiscount>
      <ItemStatus>1</ItemStatus>
      <ItemId>239165</ItemId>
    </Item>
    <Item>
      <PriceUpdateDate>2025-04-20 08:20:23</PriceUpdateDate>
      <ItemCode>4823077614675</ItemCode>
      <ItemType>1</ItemType>
      <ItemName>ביסקוויט לקפה רושן ב</ItemName>
      <ManufacturerName>לא ידוע</ManufacturerName>
      <ManufactureCountry>לא ידוע</ManufactureCountry>
      <ManufacturerItemDescription>ביסקוויט לקפה רושן ב</ManufacturerItemDescription>
      <UnitQty>לא ידוע</UnitQty>
      <Quantity>185.00</Quantity>
      <UnitOfMeasure>לא ידוע</UnitOfMeasure>
      <bIsWeighted>0</bIsWeighted>
      <QtyInPackage>לא ידוע</QtyInPackage>
      <ItemPrice>6.90</ItemPrice>
      <UnitOfMeasurePrice>0.0373</UnitOfMeasurePrice>
      <AllowDiscount>1</AllowDiscount>
      <ItemStatus>1</ItemStatus>
      <ItemId>239181</ItemId>
    </Item>
    <Item>
      <PriceUpdateDate>2025-04-20 08:20:23</PriceUpdateDate>
      <ItemCode>4823077614699</ItemCode>
      <ItemType>1</ItemType>
      <ItemName>ביסקוויט לקפה רושן ב</ItemName>
      <ManufacturerName>לא ידוע</ManufacturerName>
      <ManufactureCountry>לא ידוע</ManufactureCountry>
      <ManufacturerItemDescription>ביסקוויט לקפה רושן ב</ManufacturerItemDescription>
      <UnitQty>לא ידוע</UnitQty>
      <Quantity>185.00</Quantity>
      <UnitOfMeasure>לא ידוע</UnitOfMeasure>
      <bIsWeighted>0</bIsWeighted>
      <QtyInPackage>לא ידוע</QtyInPackage>
      <ItemPrice>6.90</ItemPrice>
      <UnitOfMeasurePrice>0.0373</UnitOfMeasurePrice>
      <AllowDiscount>1</AllowDiscount>
      <ItemStatus>1</ItemStatus>
      <ItemId>239182</ItemId>
    </Item>
    <Item>
      <PriceUpdateDate>2025-08-21 13:11:25</PriceUpdateDate>
      <ItemCode>7290001053201</ItemCode>
      <ItemType>1</ItemType>
      <ItemName>סלמון נורווגי מנות ל</ItemName>
      <ManufacturerName>לא ידוע</ManufacturerName>
      <ManufactureCountry>לא ידוע</ManufactureCountry>
      <ManufacturerItemDescription>סלמון נורווגי מנות ל</ManufacturerItemDescription>
      <UnitQty>לא ידוע</UnitQty>
      <Quantity>500.00</Quantity>
      <UnitOfMeasure>לא ידוע</UnitOfMeasure>
      <bIsWeighted>0</bIsWeighted>
      <QtyInPackage>לא ידוע</QtyInPackage>
      <ItemPrice>64.90</ItemPrice>
      <UnitOfMeasurePrice>0.1298</UnitOfMeasurePrice>
      <AllowDiscount>1</AllowDiscount>
      <ItemStatus>1</ItemStatus>
      <ItemId>239190</ItemId>
    </Item>
    <Item>
      <PriceUpdateDate>2025-08-31 10:16:11</PriceUpdateDate>
      <ItemCode>7290019400073</ItemCode>
      <ItemType>1</ItemType>
      <ItemName>חטיף פרכיות צילי 100</ItemName>
      <ManufacturerName>פריטי המותג של יאיר</ManufacturerName>
      <ManufactureCountry>לא ידוע</ManufactureCountry>
      <ManufacturerItemDescription>חטיף פרכיות צילי 100</ManufacturerItemDescription>
      <UnitQty>יחידה   </UnitQty>
      <Quantity>0.00</Quantity>
      <UnitOfMeasure>יחידה   </UnitOfMeasure>
      <bIsWeighted>0</bIsWeighted>
      <QtyInPackage>לא ידוע</QtyInPackage>
      <ItemPrice>9.90</ItemPrice>
      <UnitOfMeasurePrice>0.0000</UnitOfMeasurePrice>
      <AllowDiscount>1</AllowDiscount>
      <ItemStatus>1</ItemStatus>
      <ItemId>245986</ItemId>
    </Item>
    <Item>
      <PriceUpdateDate>2025-09-03 11:27:50</PriceUpdateDate>
      <ItemCode>7290112498007</ItemCode>
      <ItemType>1</ItemType>
      <ItemName>גרנולה פרוטאין שקדים</ItemName>
      <ManufacturerName>לא ידוע</ManufacturerName>
      <ManufactureCountry>לא ידוע</ManufactureCountry>
      <ManufacturerItemDescription>גרנולה פרוטאין שקדים</ManufacturerItemDescription>
      <UnitQty>לא ידוע</UnitQty>
      <Quantity>300.00</Quantity>
      <UnitOfMeasure>לא ידוע</UnitOfMeasure>
      <bIsWeighted>0</bIsWeighted>
      <QtyInPackage>לא ידוע</QtyInPackage>
      <ItemPrice>21.90</ItemPrice>
      <UnitOfMeasurePrice>0.0730</UnitOfMeasurePrice>
      <AllowDiscount>1</AllowDiscount>
      <ItemStatus>1</ItemStatus>
      <ItemId>239515</ItemId>
    </Item>
    <Item>
      <PriceUpdateDate>2025-08-31 10:26:25</PriceUpdateDate>
      <ItemCode>7290117860144</ItemCode>
      <ItemType>1</ItemType>
      <ItemName>הוואי שמפו למניעת קש</ItemName>
      <ManufacturerName>קריות זול</ManufacturerName>
      <ManufactureCountry>לא ידוע</ManufactureCountry>
      <ManufacturerItemDescription>הוואי שמפו למניעת קש</ManufacturerItemDescription>
      <UnitQty>לא ידוע</UnitQty>
      <Quantity>700.00</Quantity>
      <UnitOfMeasure>לא ידוע</UnitOfMeasure>
      <bIsWeighted>0</bIsWeighted>
      <QtyInPackage>לא ידוע</QtyInPackage>
      <ItemPrice>15.90</ItemPrice>
      <UnitOfMeasurePrice>0.0227</UnitOfMeasurePrice>
      <AllowDiscount>1</AllowDiscount>
      <ItemStatus>1</ItemStatus>
      <ItemId>239921</ItemId>
    </Item>
    <Item>
      <PriceUpdateDate>2025-09-03 11:29:12</PriceUpdateDate>
      <ItemCode>8720182256850</ItemCode>
      <ItemType>1</ItemType>
      <ItemName>דאב סבון מוצק דאב לב</ItemName>
      <ManufacturerName>קריות זול</ManufacturerName>
      <ManufactureCountry>לא ידוע</ManufactureCountry>
      <ManufacturerItemDescription>דאב סבון מוצק דאב לב</ManufacturerItemDescription>
      <UnitQty>לא ידוע</UnitQty>
      <Quantity>360.00</Quantity>
      <UnitOfMeasure>לא ידוע</UnitOfMeasure>
      <bIsWeighted>0</bIsWeighted>
      <QtyInPackage>לא ידוע</QtyInPackage>
      <ItemPrice>21.90</ItemPrice>
      <UnitOfMeasurePrice>0.0608</UnitOfMeasurePrice>
      <AllowDiscount>1</AllowDiscount>
      <ItemStatus>1</ItemStatus>
      <ItemId>239269</ItemId>
    </Item>
    <Item>
      <PriceUpdateDate>2025-09-03 11:29:06</PriceUpdateDate>
      <ItemCode>8720181201332</ItemCode>
      <ItemType>1</ItemType>
      <ItemName>דאב סבון מוצק דאב גר</ItemName>
      <ManufacturerName>קריות זול</ManufacturerName>
      <ManufactureCountry>לא ידוע</ManufactureCountry>
      <ManufacturerItemDescription>דאב סבון מוצק דאב גר</ManufacturerItemDescription>
      <UnitQty>לא ידוע</UnitQty>
      <Quantity>360.00</Quantity>
      <UnitOfMeasure>לא ידוע</UnitOfMeasure>
      <bIsWeighted>0</bIsWeighted>
      <QtyInPackage>לא ידוע</QtyInPackage>
      <ItemPrice>21.90</ItemPrice>
      <UnitOfMeasurePrice>0.0608</UnitOfMeasurePrice>
      <AllowDiscount>1</AllowDiscount>
      <ItemStatus>1</ItemStatus>
      <ItemId>239270</ItemId>
    </Item>
    <Item>
      <PriceUpdateDate>2025-08-19 09:35:25</PriceUpdateDate>
      <ItemCode>5410126006360</ItemCode>
      <ItemType>1</ItemType>
      <ItemName>לוטוס עוגיות סנדוויץ</ItemName>
      <ManufacturerName>לא ידוע</ManufacturerName>
      <ManufactureCountry>לא ידוע</ManufactureCountry>
      <ManufacturerItemDescription>לוטוס עוגיות סנדוויץ</ManufacturerItemDescription>
      <UnitQty>לא ידוע</UnitQty>
      <Quantity>150.00</Quantity>
      <UnitOfMeasure>לא ידוע</UnitOfMeasure>
      <bIsWeighted>0</bIsWeighted>
      <QtyInPackage>לא ידוע</QtyInPackage>
      <ItemPrice>11.90</ItemPrice>
      <UnitOfMeasurePrice>0.0793</UnitOfMeasurePrice>
      <AllowDiscount>1</AllowDiscount>
      <ItemStatus>1</ItemStatus>
      <ItemId>239284</ItemId>
    </Item>
    <Item>
      <PriceUpdateDate>2025-08-19 09:35:26</PriceUpdateDate>
      <ItemCode>5410126006377</ItemCode>
      <ItemType>1</ItemType>
      <ItemName>לוטוס עוגיות סנדוויץ</ItemName>
      <ManufacturerName>לא ידוע</ManufacturerName>
      <ManufactureCountry>לא ידוע</ManufactureCountry>
      <ManufacturerItemDescription>לוטוס עוגיות סנדוויץ</ManufacturerItemDescription>
      <UnitQty>לא ידוע</UnitQty>
      <Quantity>150.00</Quantity>
      <UnitOfMeasure>לא ידוע</UnitOfMeasure>
      <bIsWeighted>0</bIsWeighted>
      <QtyInPackage>לא ידוע</QtyInPackage>
      <ItemPrice>11.90</ItemPrice>
      <UnitOfMeasurePrice>0.0793</UnitOfMeasurePrice>
      <AllowDiscount>1</AllowDiscount>
      <ItemStatus>1</ItemStatus>
      <ItemId>239285</ItemId>
    </Item>
    <Item>
      <PriceUpdateDate>2025-09-08 07:57:29</PriceUpdateDate>
      <ItemCode>8715700422473</ItemCode>
      <ItemType>1</ItemType>
      <ItemName>היינץ ממרח לחיץ ללא</ItemName>
      <ManufacturerName>לא ידוע</ManufacturerName>
      <ManufactureCountry>לא ידוע</ManufactureCountry>
      <ManufacturerItemDescription>היינץ ממרח לחיץ ללא</ManufacturerItemDescription>
      <UnitQty>לא ידוע</UnitQty>
      <Quantity>395.00</Quantity>
      <UnitOfMeasure>לא ידוע</UnitOfMeasure>
      <bIsWeighted>0</bIsWeighted>
      <QtyInPackage>לא ידוע</QtyInPackage>
      <ItemPrice>19.90</ItemPrice>
      <UnitOfMeasurePrice>0.0504</UnitOfMeasurePrice>
      <AllowDiscount>1</AllowDiscount>
      <ItemStatus>1</ItemStatus>
      <ItemId>239326</ItemId>
    </Item>
    <Item>
      <PriceUpdateDate>2025-09-08 07:55:26</PriceUpdateDate>
      <ItemCode>7290017275345</ItemCode>
      <ItemType>1</ItemType>
      <ItemName>טחינה גולמית בקבוק ל</ItemName>
      <ManufacturerName>לא ידוע</ManufacturerName>
      <ManufactureCountry>לא ידוע</ManufactureCountry>
      <ManufacturerItemDescription>טחינה גולמית בקבוק ל</ManufacturerItemDescription>
      <UnitQty>לא ידוע</UnitQty>
      <Quantity>350.00</Quantity>
      <UnitOfMeasure>לא ידוע</UnitOfMeasure>
      <bIsWeighted>0</bIsWeighted>
      <QtyInPackage>לא ידוע</QtyInPackage>
      <ItemPrice>13.90</ItemPrice>
      <UnitOfMeasurePrice>0.0397</UnitOfMeasurePrice>
      <AllowDiscount>1</AllowDiscount>
      <ItemStatus>1</ItemStatus>
      <ItemId>239334</ItemId>
    </Item>
    <Item>
      <PriceUpdateDate>2025-08-21 13:56:17</PriceUpdateDate>
      <ItemCode>80310891</ItemCode>
      <ItemType>1</ItemType>
      <ItemName>קינדר ג'וי 20 גרם</ItemName>
      <ManufacturerName>קריות זול</ManufacturerName>
      <ManufactureCountry>לא ידוע</ManufactureCountry>
      <ManufacturerItemDescription>קינדר ג'וי 20 גרם</ManufacturerItemDescription>
      <UnitQty>לא ידוע</UnitQty>
      <Quantity>20.00</Quantity>
      <UnitOfMeasure>לא ידוע</UnitOfMeasure>
      <bIsWeighted>0</bIsWeighted>
      <QtyInPackage>לא ידוע</QtyInPackage>
      <ItemPrice>8.50</ItemPrice>
      <UnitOfMeasurePrice>0.4250</UnitOfMeasurePrice>
      <AllowDiscount>1</AllowDiscount>
      <ItemStatus>1</ItemStatus>
      <ItemId>239338</ItemId>
    </Item>
    <Item>
      <PriceUpdateDate>2025-08-31 09:59:54</PriceUpdateDate>
      <ItemCode>7290018894217</ItemCode>
      <ItemType>1</ItemType>
      <ItemName>בלקוני עוגות מיקס מק</ItemName>
      <ManufacturerName>לא ידוע</ManufacturerName>
      <ManufactureCountry>לא ידוע</ManufactureCountry>
      <ManufacturerItemDescription>בלקוני עוגות מיקס מק</ManufacturerItemDescription>
      <UnitQty>לא ידוע</UnitQty>
      <Quantity>350.00</Quantity>
      <UnitOfMeasure>לא ידוע</UnitOfMeasure>
      <bIsWeighted>0</bIsWeighted>
      <QtyInPackage>לא ידוע</QtyInPackage>
      <ItemPrice>19.90</ItemPrice>
      <UnitOfMeasurePrice>0.0569</UnitOfMeasurePrice>
      <AllowDiscount>1</AllowDiscount>
      <ItemStatus>1</ItemStatus>
      <ItemId>239414</ItemId>
    </Item>
    <Item>
      <PriceUpdateDate>2025-08-31 09:59:52</PriceUpdateDate>
      <ItemCode>7290018894019</ItemCode>
      <ItemType>1</ItemType>
      <ItemName>בלקוני עוגות אישיות</ItemName>
      <ManufacturerName>לא ידוע</ManufacturerName>
      <ManufactureCountry>לא ידוע</ManufactureCountry>
      <ManufacturerItemDescription>בלקוני עוגות אישיות</ManufacturerItemDescription>
      <UnitQty>לא ידוע</UnitQty>
      <Quantity>350.00</Quantity>
      <UnitOfMeasure>לא ידוע</UnitOfMeasure>
      <bIsWeighted>0</bIsWeighted>
      <QtyInPackage>לא ידוע</QtyInPackage>
      <ItemPrice>19.90</ItemPrice>
      <UnitOfMeasurePrice>0.0569</UnitOfMeasurePrice>
      <AllowDiscount>1</AllowDiscount>
      <ItemStatus>1</ItemStatus>
      <ItemId>239416</ItemId>
    </Item>
    <Item>
      <PriceUpdateDate>2025-08-31 09:59:45</PriceUpdateDate>
      <ItemCode>7290018893142</ItemCode>
      <ItemType>1</ItemType>
      <ItemName>צ'וקטה גריסיני שמן ז</ItemName>
      <ManufacturerName>לא ידוע</ManufacturerName>
      <ManufactureCountry>לא ידוע</ManufactureCountry>
      <ManufacturerItemDescription>צ'וקטה גריסיני שמן ז</ManufacturerItemDescription>
      <UnitQty>לא ידוע</UnitQty>
      <Quantity>120.00</Quantity>
      <UnitOfMeasure>לא ידוע</UnitOfMeasure>
      <bIsWeighted>0</bIsWeighted>
      <QtyInPackage>לא ידוע</QtyInPackage>
      <ItemPrice>9.90</ItemPrice>
      <UnitOfMeasurePrice>0.0825</UnitOfMeasurePrice>
      <AllowDiscount>1</AllowDiscount>
      <ItemStatus>1</ItemStatus>
      <ItemId>239420</ItemId>
    </Item>
    <Item>
      <PriceUpdateDate>2025-08-26 11:54:04</PriceUpdateDate>
      <ItemCode>7290114310406</ItemCode>
      <ItemType>1</ItemType>
      <ItemName>מולר פרופ קציפת יוגו</ItemName>
      <ManufacturerName>לא ידוע</ManufacturerName>
      <ManufactureCountry>לא ידוע</ManufactureCountry>
      <ManufacturerItemDescription>מולר פרופ קציפת יוגו</ManufacturerItemDescription>
      <UnitQty>לא ידוע</UnitQty>
      <Quantity>97.00</Quantity>
      <UnitOfMeasure>לא ידוע</UnitOfMeasure>
      <bIsWeighted>0</bIsWeighted>
      <QtyInPackage>לא ידוע</QtyInPackage>
      <ItemPrice>6.50</ItemPrice>
      <UnitOfMeasurePrice>0.0670</UnitOfMeasurePrice>
      <AllowDiscount>1</AllowDiscount>
      <ItemStatus>1</ItemStatus>
      <ItemId>239491</ItemId>
    </Item>
    <Item>
      <PriceUpdateDate>2025-08-18 14:32:25</PriceUpdateDate>
      <ItemCode>4064666232409</ItemCode>
      <ItemType>1</ItemType>
      <ItemName>וולה פלקס מוס לעיצוב</ItemName>
      <ManufacturerName>לא ידוע</ManufacturerName>
      <ManufactureCountry>לא ידוע</ManufactureCountry>
      <ManufacturerItemDescription>וולה פלקס מוס לעיצוב</ManufacturerItemDescription>
      <UnitQty>לא ידוע</UnitQty>
      <Quantity>200.00</Quantity>
      <UnitOfMeasure>לא ידוע</UnitOfMeasure>
      <bIsWeighted>0</bIsWeighted>
      <QtyInPackage>לא ידוע</QtyInPackage>
      <ItemPrice>26.90</ItemPrice>
      <UnitOfMeasurePrice>0.1345</UnitOfMeasurePrice>
      <AllowDiscount>1</AllowDiscount>
      <ItemStatus>1</ItemStatus>
      <ItemId>239495</ItemId>
    </Item>
    <Item>
      <PriceUpdateDate>2025-08-18 14:32:25</PriceUpdateDate>
      <ItemCode>4064666232416</ItemCode>
      <ItemType>1</ItemType>
      <ItemName>וולה פלקס מוס לעיצוב</ItemName>
      <ManufacturerName>לא ידוע</ManufacturerName>
      <ManufactureCountry>לא ידוע</ManufactureCountry>
      <ManufacturerItemDescription>וולה פלקס מוס לעיצוב</ManufacturerItemDescription>
      <UnitQty>לא ידוע</UnitQty>
      <Quantity>200.00</Quantity>
      <UnitOfMeasure>לא ידוע</UnitOfMeasure>
      <bIsWeighted>0</bIsWeighted>
      <QtyInPackage>לא ידוע</QtyInPackage>
      <ItemPrice>26.90</ItemPrice>
      <UnitOfMeasurePrice>0.1345</UnitOfMeasurePrice>
      <AllowDiscount>1</AllowDiscount>
      <ItemStatus>1</ItemStatus>
      <ItemId>239496</ItemId>
    </Item>
    <Item>
      <PriceUpdateDate>2025-08-18 14:32:24</PriceUpdateDate>
      <ItemCode>4064666232379</ItemCode>
      <ItemType>1</ItemType>
      <ItemName>וולה פלקס ספריי לעיצ</ItemName>
      <ManufacturerName>לא ידוע</ManufacturerName>
      <ManufactureCountry>לא ידוע</ManufactureCountry>
      <ManufacturerItemDescription>וולה פלקס ספריי לעיצ</ManufacturerItemDescription>
      <UnitQty>לא ידוע</UnitQty>
      <Quantity>250.00</Quantity>
      <UnitOfMeasure>לא ידוע</UnitOfMeasure>
      <bIsWeighted>0</bIsWeighted>
      <QtyInPackage>לא ידוע</QtyInPackage>
      <ItemPrice>30.90</ItemPrice>
      <UnitOfMeasurePrice>0.1236</UnitOfMeasurePrice>
      <AllowDiscount>1</AllowDiscount>
      <ItemStatus>1</ItemStatus>
      <ItemId>239497</ItemId>
    </Item>
    <Item>
      <PriceUpdateDate>2025-08-18 14:32:25</PriceUpdateDate>
      <ItemCode>4064666232386</ItemCode>
      <ItemType>1</ItemType>
      <ItemName>וולה פלקס ספריי לעיצ</ItemName>
      <ManufacturerName>לא ידוע</ManufacturerName>
      <ManufactureCountry>לא ידוע</ManufactureCountry>
      <ManufacturerItemDescription>וולה פלקס ספריי לעיצ</ManufacturerItemDescription>
      <UnitQty>לא ידוע</UnitQty>
      <Quantity>250.00</Quantity>
      <UnitOfMeasure>לא ידוע</UnitOfMeasure>
      <bIsWeighted>0</bIsWeighted>
      <QtyInPackage>לא ידוע</QtyInPackage>
      <ItemPrice>30.90</ItemPrice>
      <UnitOfMeasurePrice>0.1236</UnitOfMeasurePrice>
      <AllowDiscount>1</AllowDiscount>
      <ItemStatus>1</ItemStatus>
      <ItemId>239498</ItemId>
    </Item>
    <Item>
      <PriceUpdateDate>2025-08-31 09:22:45</PriceUpdateDate>
      <ItemCode>7290018294192</ItemCode>
      <ItemType>1</ItemType>
      <ItemName>בלנד היינן אדום פריי</ItemName>
      <ManufacturerName>קריות זול</ManufacturerName>
      <ManufactureCountry>לא ידוע</ManufactureCountry>
      <ManufacturerItemDescription>בלנד היינן אדום פריי</ManufacturerItemDescription>
      <UnitQty>לא ידוע</UnitQty>
      <Quantity>750.00</Quantity>
      <UnitOfMeasure>לא ידוע</UnitOfMeasure>
      <bIsWeighted>0</bIsWeighted>
      <QtyInPackage>לא ידוע</QtyInPackage>
      <ItemPrice>46.90</ItemPrice>
      <UnitOfMeasurePrice>0.0625</UnitOfMeasurePrice>
      <AllowDiscount>1</AllowDiscount>
      <ItemStatus>1</ItemStatus>
      <ItemId>239503</ItemId>
    </Item>
    <Item>
      <PriceUpdateDate>2025-11-24 11:49:11</PriceUpdateDate>
      <ItemCode>8437014025071</ItemCode>
      <ItemType>1</ItemType>
      <ItemName>אוכמניות טרי ארוז 12</ItemName>
      <ManufacturerName>לא ידוע</ManufacturerName>
      <ManufactureCountry>ישראל</ManufactureCountry>
      <ManufacturerItemDescription>אוכמניות טרי ארוז 12</ManufacturerItemDescription>
      <UnitQty>לא ידוע</UnitQty>
      <Quantity>125.00</Quantity>
      <UnitOfMeasure>לא ידוע</UnitOfMeasure>
      <bIsWeighted>0</bIsWeighted>
      <QtyInPackage>לא ידוע</QtyInPackage>
      <ItemPrice>12.90</ItemPrice>
      <UnitOfMeasurePrice>0.1032</UnitOfMeasurePrice>
      <AllowDiscount>1</AllowDiscount>
      <ItemStatus>1</ItemStatus>
      <ItemId>247443</ItemId>
    </Item>
    <Item>
      <PriceUpdateDate>2025-08-17 17:39:14</PriceUpdateDate>
      <ItemCode>7290002265269</ItemCode>
      <ItemType>1</ItemType>
      <ItemName>הרינג בעישון קר שקיל</ItemName>
      <ManufacturerName>לא ידוע</ManufacturerName>
      <ManufactureCountry>לא ידוע</ManufactureCountry>
      <ManufacturerItemDescription>הרינג בעישון קר שקיל</ManufacturerItemDescription>
      <UnitQty>קילוגרמים</UnitQty>
      <Quantity>1.00</Quantity>
      <UnitOfMeasure>ק"ג</UnitOfMeasure>
      <bIsWeighted>1</bIsWeighted>
      <QtyInPackage>לא ידוע</QtyInPackage>
      <ItemPrice>51.90</ItemPrice>
      <UnitOfMeasurePrice>51.9000</UnitOfMeasurePrice>
      <AllowDiscount>1</AllowDiscount>
      <ItemStatus>1</ItemStatus>
      <ItemId>239565</ItemId>
    </Item>
    <Item>
      <PriceUpdateDate>2025-08-26 11:44:23</PriceUpdateDate>
      <ItemCode>7290110571405</ItemCode>
      <ItemType>1</ItemType>
      <ItemName>מיני פינוקיות בגביע</ItemName>
      <ManufacturerName>לא ידוע</ManufacturerName>
      <ManufactureCountry>לא ידוע</ManufactureCountry>
      <ManufacturerItemDescription>מיני פינוקיות בגביע</ManufacturerItemDescription>
      <UnitQty>לא ידוע</UnitQty>
      <Quantity>180.00</Quantity>
      <UnitOfMeasure>לא ידוע</UnitOfMeasure>
      <bIsWeighted>0</bIsWeighted>
      <QtyInPackage>לא ידוע</QtyInPackage>
      <ItemPrice>15.90</ItemPrice>
      <UnitOfMeasurePrice>0.0883</UnitOfMeasurePrice>
      <AllowDiscount>1</AllowDiscount>
      <ItemStatus>1</ItemStatus>
      <ItemId>239587</ItemId>
    </Item>
    <Item>
      <PriceUpdateDate>2025-08-26 11:39:59</PriceUpdateDate>
      <ItemCode>7290015858687</ItemCode>
      <ItemType>1</ItemType>
      <ItemName>עללחם ממרח איולי שום</ItemName>
      <ManufacturerName>לא ידוע</ManufacturerName>
      <ManufactureCountry>לא ידוע</ManufactureCountry>
      <ManufacturerItemDescription>עללחם ממרח איולי שום</ManufacturerItemDescription>
      <UnitQty>לא ידוע</UnitQty>
      <Quantity>295.00</Quantity>
      <UnitOfMeasure>לא ידוע</UnitOfMeasure>
      <bIsWeighted>0</bIsWeighted>
      <QtyInPackage>לא ידוע</QtyInPackage>
      <ItemPrice>17.90</ItemPrice>
      <UnitOfMeasurePrice>0.0607</UnitOfMeasurePrice>
      <AllowDiscount>1</AllowDiscount>
      <ItemStatus>1</ItemStatus>
      <ItemId>239592</ItemId>
    </Item>
    <Item>
      <PriceUpdateDate>2025-08-18 11:48:54</PriceUpdateDate>
      <ItemCode>4751003924003</ItemCode>
      <ItemType>1</ItemType>
      <ItemName>לרסן סלט טונה בסגנון</ItemName>
      <ManufacturerName>לא ידוע</ManufacturerName>
      <ManufactureCountry>לא ידוע</ManufactureCountry>
      <ManufacturerItemDescription>לרסן סלט טונה בסגנון</ManufacturerItemDescription>
      <UnitQty>לא ידוע</UnitQty>
      <Quantity>185.00</Quantity>
      <UnitOfMeasure>לא ידוע</UnitOfMeasure>
      <bIsWeighted>0</bIsWeighted>
      <QtyInPackage>לא ידוע</QtyInPackage>
      <ItemPrice>13.90</ItemPrice>
      <UnitOfMeasurePrice>0.0751</UnitOfMeasurePrice>
      <AllowDiscount>1</AllowDiscount>
      <ItemStatus>1</ItemStatus>
      <ItemId>239662</ItemId>
    </Item>
    <Item>
      <PriceUpdateDate>2025-09-03 07:27:28</PriceUpdateDate>
      <ItemCode>7290017088860</ItemCode>
      <ItemType>1</ItemType>
      <ItemName>בריז תחתונים סופגים</ItemName>
      <ManufacturerName>לא ידוע</ManufacturerName>
      <ManufactureCountry>לא ידוע</ManufactureCountry>
      <ManufacturerItemDescription>בריז תחתונים סופגים</ManufacturerItemDescription>
      <UnitQty>יחידה   </UnitQty>
      <Quantity>0.00</Quantity>
      <UnitOfMeasure>יחידה   </UnitOfMeasure>
      <bIsWeighted>0</bIsWeighted>
      <QtyInPackage>לא ידוע</QtyInPackage>
      <ItemPrice>76.90</ItemPrice>
      <UnitOfMeasurePrice>0.0000</UnitOfMeasurePrice>
      <AllowDiscount>1</AllowDiscount>
      <ItemStatus>1</ItemStatus>
      <ItemId>239669</ItemId>
    </Item>
    <Item>
      <PriceUpdateDate>2025-09-03 07:27:28</PriceUpdateDate>
      <ItemCode>7290017088877</ItemCode>
      <ItemType>1</ItemType>
      <ItemName>בריז תחתונים סופגים</ItemName>
      <ManufacturerName>לא ידוע</ManufacturerName>
      <ManufactureCountry>לא ידוע</ManufactureCountry>
      <ManufacturerItemDescription>בריז תחתונים סופגים</ManufacturerItemDescription>
      <UnitQty>יחידה   </UnitQty>
      <Quantity>0.00</Quantity>
      <UnitOfMeasure>יחידה   </UnitOfMeasure>
      <bIsWeighted>0</bIsWeighted>
      <QtyInPackage>לא ידוע</QtyInPackage>
      <ItemPrice>76.90</ItemPrice>
      <UnitOfMeasurePrice>0.0000</UnitOfMeasurePrice>
      <AllowDiscount>1</AllowDiscount>
      <ItemStatus>1</ItemStatus>
      <ItemId>239670</ItemId>
    </Item>
    <Item>
      <PriceUpdateDate>2025-08-31 09:57:32</PriceUpdateDate>
      <ItemCode>7290018972625</ItemCode>
      <ItemType>1</ItemType>
      <ItemName>פרוזן במיה 600 גרם</ItemName>
      <ManufacturerName>לא ידוע</ManufacturerName>
      <ManufactureCountry>לא ידוע</ManufactureCountry>
      <ManufacturerItemDescription>פרוזן במיה 600 גרם</ManufacturerItemDescription>
      <UnitQty>לא ידוע</UnitQty>
      <Quantity>600.00</Quantity>
      <UnitOfMeasure>לא ידוע</UnitOfMeasure>
      <bIsWeighted>0</bIsWeighted>
      <QtyInPackage>לא ידוע</QtyInPackage>
      <ItemPrice>14.90</ItemPrice>
      <UnitOfMeasurePrice>0.0248</UnitOfMeasurePrice>
      <AllowDiscount>1</AllowDiscount>
      <ItemStatus>1</ItemStatus>
      <ItemId>239688</ItemId>
    </Item>
    <Item>
      <PriceUpdateDate>2025-08-31 09:57:27</PriceUpdateDate>
      <ItemCode>7290018380932</ItemCode>
      <ItemType>1</ItemType>
      <ItemName>פרוזן אפונה אקסטרא ע</ItemName>
      <ManufacturerName>לא ידוע</ManufacturerName>
      <ManufactureCountry>לא ידוע</ManufactureCountry>
      <ManufacturerItemDescription>פרוזן אפונה אקסטרא ע</ManufacturerItemDescription>
      <UnitQty>לא ידוע</UnitQty>
      <Quantity>600.00</Quantity>
      <UnitOfMeasure>לא ידוע</UnitOfMeasure>
      <bIsWeighted>0</bIsWeighted>
      <QtyInPackage>לא ידוע</QtyInPackage>
      <ItemPrice>14.90</ItemPrice>
      <UnitOfMeasurePrice>0.0248</UnitOfMeasurePrice>
      <AllowDiscount>1</AllowDiscount>
      <ItemStatus>1</ItemStatus>
      <ItemId>239691</ItemId>
    </Item>
    <Item>
      <PriceUpdateDate>2025-08-31 09:57:27</PriceUpdateDate>
      <ItemCode>7290018380949</ItemCode>
      <ItemType>1</ItemType>
      <ItemName>פרוזן אפונה עדינה 80</ItemName>
      <ManufacturerName>לא ידוע</ManufacturerName>
      <ManufactureCountry>לא ידוע</ManufactureCountry>
      <ManufacturerItemDescription>פרוזן אפונה עדינה 80</ManufacturerItemDescription>
      <UnitQty>לא ידוע</UnitQty>
      <Quantity>800.00</Quantity>
      <UnitOfMeasure>לא ידוע</UnitOfMeasure>
      <bIsWeighted>0</bIsWeighted>
      <QtyInPackage>לא ידוע</QtyInPackage>
      <ItemPrice>15.90</ItemPrice>
      <UnitOfMeasurePrice>0.0199</UnitOfMeasurePrice>
      <AllowDiscount>1</AllowDiscount>
      <ItemStatus>1</ItemStatus>
      <ItemId>239692</ItemId>
    </Item>
    <Item>
      <PriceUpdateDate>2025-08-31 09:57:27</PriceUpdateDate>
      <ItemCode>7290018380925</ItemCode>
      <ItemType>1</ItemType>
      <ItemName>פרוזן שעועית ירוקה ע</ItemName>
      <ManufacturerName>לא ידוע</ManufacturerName>
      <ManufactureCountry>לא ידוע</ManufactureCountry>
      <ManufacturerItemDescription>פרוזן שעועית ירוקה ע</ManufacturerItemDescription>
      <UnitQty>לא ידוע</UnitQty>
      <Quantity>800.00</Quantity>
      <UnitOfMeasure>לא ידוע</UnitOfMeasure>
      <bIsWeighted>0</bIsWeighted>
      <QtyInPackage>לא ידוע</QtyInPackage>
      <ItemPrice>14.90</ItemPrice>
      <UnitOfMeasurePrice>0.0186</UnitOfMeasurePrice>
      <AllowDiscount>1</AllowDiscount>
      <ItemStatus>1</ItemStatus>
      <ItemId>239693</ItemId>
    </Item>
    <Item>
      <PriceUpdateDate>2025-08-20 11:39:41</PriceUpdateDate>
      <ItemCode>7290010777488</ItemCode>
      <ItemType>1</ItemType>
      <ItemName>פיתה מחמצת מחיטה מלא</ItemName>
      <ManufacturerName>לא ידוע</ManufacturerName>
      <ManufactureCountry>לא ידוע</ManufactureCountry>
      <ManufacturerItemDescription>פיתה מחמצת מחיטה מלא</ManufacturerItemDescription>
      <UnitQty>יחידה   </UnitQty>
      <Quantity>0.00</Quantity>
      <UnitOfMeasure>יחידה   </UnitOfMeasure>
      <bIsWeighted>0</bIsWeighted>
      <QtyInPackage>לא ידוע</QtyInPackage>
      <ItemPrice>18.90</ItemPrice>
      <UnitOfMeasurePrice>0.0000</UnitOfMeasurePrice>
      <AllowDiscount>1</AllowDiscount>
      <ItemStatus>1</ItemStatus>
      <ItemId>239703</ItemId>
    </Item>
    <Item>
      <PriceUpdateDate>2025-09-02 11:45:51</PriceUpdateDate>
      <ItemCode>7290000185590</ItemCode>
      <ItemType>1</ItemType>
      <ItemName>סילאן טבעי בבקבוק לח</ItemName>
      <ManufacturerName>לא ידוע</ManufacturerName>
      <ManufactureCountry>לא ידוע</ManufactureCountry>
      <ManufacturerItemDescription>סילאן טבעי בבקבוק לח</ManufacturerItemDescription>
      <UnitQty>לא ידוע</UnitQty>
      <Quantity>650.00</Quantity>
      <UnitOfMeasure>לא ידוע</UnitOfMeasure>
      <bIsWeighted>0</bIsWeighted>
      <QtyInPackage>לא ידוע</QtyInPackage>
      <ItemPrice>21.90</ItemPrice>
      <UnitOfMeasurePrice>0.0337</UnitOfMeasurePrice>
      <AllowDiscount>1</AllowDiscount>
      <ItemStatus>1</ItemStatus>
      <ItemId>239707</ItemId>
    </Item>
    <Item>
      <PriceUpdateDate>2025-08-26 10:11:34</PriceUpdateDate>
      <ItemCode>7290000185330</ItemCode>
      <ItemType>1</ItemType>
      <ItemName>סילאן טבעי 900 גרם</ItemName>
      <ManufacturerName>לא ידוע</ManufacturerName>
      <ManufactureCountry>לא ידוע</ManufactureCountry>
      <ManufacturerItemDescription>סילאן טבעי 900 גרם</ManufacturerItemDescription>
      <UnitQty>לא ידוע</UnitQty>
      <Quantity>900.00</Quantity>
      <UnitOfMeasure>לא ידוע</UnitOfMeasure>
      <bIsWeighted>0</bIsWeighted>
      <QtyInPackage>לא ידוע</QtyInPackage>
      <ItemPrice>25.90</ItemPrice>
      <UnitOfMeasurePrice>0.0288</UnitOfMeasurePrice>
      <AllowDiscount>1</AllowDiscount>
      <ItemStatus>1</ItemStatus>
      <ItemId>239714</ItemId>
    </Item>
    <Item>
      <PriceUpdateDate>2025-08-26 10:15:40</PriceUpdateDate>
      <ItemCode>7290018440490</ItemCode>
      <ItemType>1</ItemType>
      <ItemName>סלט טונה עם קוסקוס 1</ItemName>
      <ManufacturerName>קריות זול</ManufacturerName>
      <ManufactureCountry>לא ידוע</ManufactureCountry>
      <ManufacturerItemDescription>סלט טונה עם קוסקוס 1</ManufacturerItemDescription>
      <UnitQty>לא ידוע</UnitQty>
      <Quantity>150.00</Quantity>
      <UnitOfMeasure>לא ידוע</UnitOfMeasure>
      <bIsWeighted>0</bIsWeighted>
      <QtyInPackage>לא ידוע</QtyInPackage>
      <ItemPrice>17.90</ItemPrice>
      <UnitOfMeasurePrice>0.1193</UnitOfMeasurePrice>
      <AllowDiscount>1</AllowDiscount>
      <ItemStatus>1</ItemStatus>
      <ItemId>239725</ItemId>
    </Item>
    <Item>
      <PriceUpdateDate>2025-08-27 09:53:27</PriceUpdateDate>
      <ItemCode>7290002814665</ItemCode>
      <ItemType>1</ItemType>
      <ItemName>מסיר עובש 1 ליטר</ItemName>
      <ManufacturerName>לא ידוע</ManufacturerName>
      <ManufactureCountry>לא ידוע</ManufactureCountry>
      <ManufacturerItemDescription>מסיר עובש 1 ליטר</ManufacturerItemDescription>
      <UnitQty>לא ידוע</UnitQty>
      <Quantity>1000.00</Quantity>
      <UnitOfMeasure>לא ידוע</UnitOfMeasure>
      <bIsWeighted>0</bIsWeighted>
      <QtyInPackage>לא ידוע</QtyInPackage>
      <ItemPrice>13.90</ItemPrice>
      <UnitOfMeasurePrice>0.0139</UnitOfMeasurePrice>
      <AllowDiscount>1</AllowDiscount>
      <ItemStatus>1</ItemStatus>
      <ItemId>239745</ItemId>
    </Item>
    <Item>
      <PriceUpdateDate>2025-02-13 07:33:49</PriceUpdateDate>
      <ItemCode>7290110555146</ItemCode>
      <ItemType>1</ItemType>
      <ItemName>מעדן הגולן בטעם מוקה</ItemName>
      <ManufacturerName>קריות זול</ManufacturerName>
      <ManufactureCountry>לא ידוע</ManufactureCountry>
      <ManufacturerItemDescription>מעדן הגולן בטעם מוקה</ManufacturerItemDescription>
      <UnitQty>לא ידוע</UnitQty>
      <Quantity>125.00</Quantity>
      <UnitOfMeasure>לא ידוע</UnitOfMeasure>
      <bIsWeighted>0</bIsWeighted>
      <QtyInPackage>לא ידוע</QtyInPackage>
      <ItemPrice>3.50</ItemPrice>
      <UnitOfMeasurePrice>0.0280</UnitOfMeasurePrice>
      <AllowDiscount>1</AllowDiscount>
      <ItemStatus>1</ItemStatus>
      <ItemId>239762</ItemId>
    </Item>
    <Item>
      <PriceUpdateDate>2025-08-26 10:33:32</PriceUpdateDate>
      <ItemCode>7290018359952</ItemCode>
      <ItemType>1</ItemType>
      <ItemName>רוטב עגבניות לפסטה י</ItemName>
      <ManufacturerName>לא ידוע</ManufacturerName>
      <ManufactureCountry>לא ידוע</ManufactureCountry>
      <ManufacturerItemDescription>רוטב עגבניות לפסטה י</ManufacturerItemDescription>
      <UnitQty>לא ידוע</UnitQty>
      <Quantity>400.00</Quantity>
      <UnitOfMeasure>לא ידוע</UnitOfMeasure>
      <bIsWeighted>0</bIsWeighted>
      <QtyInPackage>לא ידוע</QtyInPackage>
      <ItemPrice>13.90</ItemPrice>
      <UnitOfMeasurePrice>0.0348</UnitOfMeasurePrice>
      <AllowDiscount>1</AllowDiscount>
      <ItemStatus>1</ItemStatus>
      <ItemId>239766</ItemId>
    </Item>
    <Item>
      <PriceUpdateDate>2025-08-26 10:33:32</PriceUpdateDate>
      <ItemCode>7290018359945</ItemCode>
      <ItemType>1</ItemType>
      <ItemName>חאריפה רוטב פיקנטי מ</ItemName>
      <ManufacturerName>לא ידוע</ManufacturerName>
      <ManufactureCountry>לא ידוע</ManufactureCountry>
      <ManufacturerItemDescription>חאריפה רוטב פיקנטי מ</ManufacturerItemDescription>
      <UnitQty>לא ידוע</UnitQty>
      <Quantity>400.00</Quantity>
      <UnitOfMeasure>לא ידוע</UnitOfMeasure>
      <bIsWeighted>0</bIsWeighted>
      <QtyInPackage>לא ידוע</QtyInPackage>
      <ItemPrice>13.90</ItemPrice>
      <UnitOfMeasurePrice>0.0348</UnitOfMeasurePrice>
      <AllowDiscount>1</AllowDiscount>
      <ItemStatus>1</ItemStatus>
      <ItemId>239769</ItemId>
    </Item>
    <Item>
      <PriceUpdateDate>2025-08-26 10:33:20</PriceUpdateDate>
      <ItemCode>7290018359358</ItemCode>
      <ItemType>1</ItemType>
      <ItemName>פריכוז יכין 200*3 ג'</ItemName>
      <ManufacturerName>לא ידוע</ManufacturerName>
      <ManufactureCountry>לא ידוע</ManufactureCountry>
      <ManufacturerItemDescription>פריכוז יכין 200*3 ג'</ManufacturerItemDescription>
      <UnitQty>לא ידוע</UnitQty>
      <Quantity>600.00</Quantity>
      <UnitOfMeasure>לא ידוע</UnitOfMeasure>
      <bIsWeighted>0</bIsWeighted>
      <QtyInPackage>לא ידוע</QtyInPackage>
      <ItemPrice>16.90</ItemPrice>
      <UnitOfMeasurePrice>0.0282</UnitOfMeasurePrice>
      <AllowDiscount>1</AllowDiscount>
      <ItemStatus>1</ItemStatus>
      <ItemId>239772</ItemId>
    </Item>
    <Item>
      <PriceUpdateDate>2025-09-03 14:01:35</PriceUpdateDate>
      <ItemCode>77975095164</ItemCode>
      <ItemType>1</ItemType>
      <ItemName>סניידרס שברי בייגלה</ItemName>
      <ManufacturerName>לא ידוע</ManufacturerName>
      <ManufactureCountry>לא ידוע</ManufactureCountry>
      <ManufacturerItemDescription>סניידרס שברי בייגלה</ManufacturerItemDescription>
      <UnitQty>לא ידוע</UnitQty>
      <Quantity>318.00</Quantity>
      <UnitOfMeasure>לא ידוע</UnitOfMeasure>
      <bIsWeighted>0</bIsWeighted>
      <QtyInPackage>לא ידוע</QtyInPackage>
      <ItemPrice>20.90</ItemPrice>
      <UnitOfMeasurePrice>0.0657</UnitOfMeasurePrice>
      <AllowDiscount>1</AllowDiscount>
      <ItemStatus>1</ItemStatus>
      <ItemId>239791</ItemId>
    </Item>
    <Item>
      <PriceUpdateDate>2025-08-31 10:24:19</PriceUpdateDate>
      <ItemCode>7290117860243</ItemCode>
      <ItemType>1</ItemType>
      <ItemName>הוואי מרכך מעניק לחו</ItemName>
      <ManufacturerName>קריות זול</ManufacturerName>
      <ManufactureCountry>לא ידוע</ManufactureCountry>
      <ManufacturerItemDescription>הוואי מרכך מעניק לחו</ManufacturerItemDescription>
      <UnitQty>לא ידוע</UnitQty>
      <Quantity>700.00</Quantity>
      <UnitOfMeasure>לא ידוע</UnitOfMeasure>
      <bIsWeighted>0</bIsWeighted>
      <QtyInPackage>לא ידוע</QtyInPackage>
      <ItemPrice>15.90</ItemPrice>
      <UnitOfMeasurePrice>0.0227</UnitOfMeasurePrice>
      <AllowDiscount>1</AllowDiscount>
      <ItemStatus>1</ItemStatus>
      <ItemId>239928</ItemId>
    </Item>
    <Item>
      <PriceUpdateDate>2025-09-04 13:46:42</PriceUpdateDate>
      <ItemCode>7290117860892</ItemCode>
      <ItemType>1</ItemType>
      <ItemName>הוואי תחליב רחצה יוג</ItemName>
      <ManufacturerName>לא ידוע</ManufacturerName>
      <ManufactureCountry>לא ידוע</ManufactureCountry>
      <ManufacturerItemDescription>הוואי תחליב רחצה יוג</ManufacturerItemDescription>
      <UnitQty>לא ידוע</UnitQty>
      <Quantity>700.00</Quantity>
      <UnitOfMeasure>לא ידוע</UnitOfMeasure>
      <bIsWeighted>0</bIsWeighted>
      <QtyInPackage>לא ידוע</QtyInPackage>
      <ItemPrice>15.90</ItemPrice>
      <UnitOfMeasurePrice>0.0227</UnitOfMeasurePrice>
      <AllowDiscount>1</AllowDiscount>
      <ItemStatus>1</ItemStatus>
      <ItemId>239937</ItemId>
    </Item>
    <Item>
      <PriceUpdateDate>2025-09-08 07:59:07</PriceUpdateDate>
      <ItemCode>7290117860182</ItemCode>
      <ItemType>1</ItemType>
      <ItemName>הוואי תחליב רחצה בני</ItemName>
      <ManufacturerName>לא ידוע</ManufacturerName>
      <ManufactureCountry>לא ידוע</ManufactureCountry>
      <ManufacturerItemDescription>הוואי תחליב רחצה בני</ManufacturerItemDescription>
      <UnitQty>לא ידוע</UnitQty>
      <Quantity>700.00</Quantity>
      <UnitOfMeasure>לא ידוע</UnitOfMeasure>
      <bIsWeighted>0</bIsWeighted>
      <QtyInPackage>לא ידוע</QtyInPackage>
      <ItemPrice>15.90</ItemPrice>
      <UnitOfMeasurePrice>0.0227</UnitOfMeasurePrice>
      <AllowDiscount>1</AllowDiscount>
      <ItemStatus>1</ItemStatus>
      <ItemId>239939</ItemId>
    </Item>
    <Item>
      <PriceUpdateDate>2025-08-31 10:26:25</PriceUpdateDate>
      <ItemCode>7290117860236</ItemCode>
      <ItemType>1</ItemType>
      <ItemName>הוואי קרם רחצה בניחו</ItemName>
      <ManufacturerName>לא ידוע</ManufacturerName>
      <ManufactureCountry>לא ידוע</ManufactureCountry>
      <ManufacturerItemDescription>הוואי קרם רחצה בניחו</ManufacturerItemDescription>
      <UnitQty>לא ידוע</UnitQty>
      <Quantity>700.00</Quantity>
      <UnitOfMeasure>לא ידוע</UnitOfMeasure>
      <bIsWeighted>0</bIsWeighted>
      <QtyInPackage>לא ידוע</QtyInPackage>
      <ItemPrice>15.90</ItemPrice>
      <UnitOfMeasurePrice>0.0227</UnitOfMeasurePrice>
      <AllowDiscount>1</AllowDiscount>
      <ItemStatus>1</ItemStatus>
      <ItemId>239940</ItemId>
    </Item>
    <Item>
      <PriceUpdateDate>2025-08-31 10:26:25</PriceUpdateDate>
      <ItemCode>7290117860038</ItemCode>
      <ItemType>1</ItemType>
      <ItemName>הוואי תחליב רחצה יוג</ItemName>
      <ManufacturerName>לא ידוע</ManufacturerName>
      <ManufactureCountry>לא ידוע</ManufactureCountry>
      <ManufacturerItemDescription>הוואי תחליב רחצה יוג</ManufacturerItemDescription>
      <UnitQty>לא ידוע</UnitQty>
      <Quantity>700.00</Quantity>
      <UnitOfMeasure>לא ידוע</UnitOfMeasure>
      <bIsWeighted>0</bIsWeighted>
      <QtyInPackage>לא ידוע</QtyInPackage>
      <ItemPrice>15.90</ItemPrice>
      <UnitOfMeasurePrice>0.0227</UnitOfMeasurePrice>
      <AllowDiscount>1</AllowDiscount>
      <ItemStatus>1</ItemStatus>
      <ItemId>239941</ItemId>
    </Item>
    <Item>
      <PriceUpdateDate>2025-09-08 07:59:10</PriceUpdateDate>
      <ItemCode>7290117860991</ItemCode>
      <ItemType>1</ItemType>
      <ItemName>הוואי תחליב רחצה יוג</ItemName>
      <ManufacturerName>לא ידוע</ManufacturerName>
      <ManufactureCountry>לא ידוע</ManufactureCountry>
      <ManufacturerItemDescription>הוואי תחליב רחצה יוג</ManufacturerItemDescription>
      <UnitQty>לא ידוע</UnitQty>
      <Quantity>700.00</Quantity>
      <UnitOfMeasure>לא ידוע</UnitOfMeasure>
      <bIsWeighted>0</bIsWeighted>
      <QtyInPackage>לא ידוע</QtyInPackage>
      <ItemPrice>15.90</ItemPrice>
      <UnitOfMeasurePrice>0.0227</UnitOfMeasurePrice>
      <AllowDiscount>1</AllowDiscount>
      <ItemStatus>1</ItemStatus>
      <ItemId>239942</ItemId>
    </Item>
    <Item>
      <PriceUpdateDate>2025-09-08 07:59:08</PriceUpdateDate>
      <ItemCode>7290117860380</ItemCode>
      <ItemType>1</ItemType>
      <ItemName>הוואי תחליב רחצה יוג</ItemName>
      <ManufacturerName>לא ידוע</ManufacturerName>
      <ManufactureCountry>לא ידוע</ManufactureCountry>
      <ManufacturerItemDescription>הוואי תחליב רחצה יוג</ManufacturerItemDescription>
      <UnitQty>לא ידוע</UnitQty>
      <Quantity>700.00</Quantity>
      <UnitOfMeasure>לא ידוע</UnitOfMeasure>
      <bIsWeighted>0</bIsWeighted>
      <QtyInPackage>לא ידוע</QtyInPackage>
      <ItemPrice>15.90</ItemPrice>
      <UnitOfMeasurePrice>0.0227</UnitOfMeasurePrice>
      <AllowDiscount>1</AllowDiscount>
      <ItemStatus>1</ItemStatus>
      <ItemId>239945</ItemId>
    </Item>
    <Item>
      <PriceUpdateDate>2025-06-03 13:45:53</PriceUpdateDate>
      <ItemCode>7290110573713</ItemCode>
      <ItemType>1</ItemType>
      <ItemName>דנונה מולטי צ'יה 200</ItemName>
      <ManufacturerName>לא ידוע</ManufacturerName>
      <ManufactureCountry>לא ידוע</ManufactureCountry>
      <ManufacturerItemDescription>דנונה מולטי צ'יה 200</ManufacturerItemDescription>
      <UnitQty>לא ידוע</UnitQty>
      <Quantity>200.00</Quantity>
      <UnitOfMeasure>לא ידוע</UnitOfMeasure>
      <bIsWeighted>0</bIsWeighted>
      <QtyInPackage>לא ידוע</QtyInPackage>
      <ItemPrice>5.40</ItemPrice>
      <UnitOfMeasurePrice>0.0270</UnitOfMeasurePrice>
      <AllowDiscount>1</AllowDiscount>
      <ItemStatus>1</ItemStatus>
      <ItemId>242851</ItemId>
    </Item>
    <Item>
      <PriceUpdateDate>2025-08-20 11:37:51</PriceUpdateDate>
      <ItemCode>7290000481180</ItemCode>
      <ItemType>1</ItemType>
      <ItemName>לחם מחמצת שאור דגנית</ItemName>
      <ManufacturerName>לא ידוע</ManufacturerName>
      <ManufactureCountry>לא ידוע</ManufactureCountry>
      <ManufacturerItemDescription>לחם מחמצת שאור דגנית</ManufacturerItemDescription>
      <UnitQty>לא ידוע</UnitQty>
      <Quantity>550.00</Quantity>
      <UnitOfMeasure>לא ידוע</UnitOfMeasure>
      <bIsWeighted>0</bIsWeighted>
      <QtyInPackage>לא ידוע</QtyInPackage>
      <ItemPrice>19.90</ItemPrice>
      <UnitOfMeasurePrice>0.0362</UnitOfMeasurePrice>
      <AllowDiscount>1</AllowDiscount>
      <ItemStatus>1</ItemStatus>
      <ItemId>239958</ItemId>
    </Item>
    <Item>
      <PriceUpdateDate>2025-08-20 11:37:51</PriceUpdateDate>
      <ItemCode>7290000481197</ItemCode>
      <ItemType>1</ItemType>
      <ItemName>לחם מחמצת גרעינים וש</ItemName>
      <ManufacturerName>לא ידוע</ManufacturerName>
      <ManufactureCountry>לא ידוע</ManufactureCountry>
      <ManufacturerItemDescription>לחם מחמצת גרעינים וש</ManufacturerItemDescription>
      <UnitQty>לא ידוע</UnitQty>
      <Quantity>550.00</Quantity>
      <UnitOfMeasure>לא ידוע</UnitOfMeasure>
      <bIsWeighted>0</bIsWeighted>
      <QtyInPackage>לא ידוע</QtyInPackage>
      <ItemPrice>19.90</ItemPrice>
      <UnitOfMeasurePrice>0.0362</UnitOfMeasurePrice>
      <AllowDiscount>1</AllowDiscount>
      <ItemStatus>1</ItemStatus>
      <ItemId>239959</ItemId>
    </Item>
    <Item>
      <PriceUpdateDate>2025-08-20 11:37:51</PriceUpdateDate>
      <ItemCode>7290000481203</ItemCode>
      <ItemType>1</ItemType>
      <ItemName>לחם מחמצת מקמח מלא ד</ItemName>
      <ManufacturerName>לא ידוע</ManufacturerName>
      <ManufactureCountry>לא ידוע</ManufactureCountry>
      <ManufacturerItemDescription>לחם מחמצת מקמח מלא ד</ManufacturerItemDescription>
      <UnitQty>לא ידוע</UnitQty>
      <Quantity>550.00</Quantity>
      <UnitOfMeasure>לא ידוע</UnitOfMeasure>
      <bIsWeighted>0</bIsWeighted>
      <QtyInPackage>לא ידוע</QtyInPackage>
      <ItemPrice>19.90</ItemPrice>
      <UnitOfMeasurePrice>0.0362</UnitOfMeasurePrice>
      <AllowDiscount>1</AllowDiscount>
      <ItemStatus>1</ItemStatus>
      <ItemId>239960</ItemId>
    </Item>
    <Item>
      <PriceUpdateDate>2025-09-07 11:03:40</PriceUpdateDate>
      <ItemCode>77975095263</ItemCode>
      <ItemType>1</ItemType>
      <ItemName>שברי בייגל בטעם גבינ</ItemName>
      <ManufacturerName>לא ידוע</ManufacturerName>
      <ManufactureCountry>לא ידוע</ManufactureCountry>
      <ManufacturerItemDescription>שברי בייגל בטעם גבינ</ManufacturerItemDescription>
      <UnitQty>לא ידוע</UnitQty>
      <Quantity>319.00</Quantity>
      <UnitOfMeasure>לא ידוע</UnitOfMeasure>
      <bIsWeighted>0</bIsWeighted>
      <QtyInPackage>לא ידוע</QtyInPackage>
      <ItemPrice>20.90</ItemPrice>
      <UnitOfMeasurePrice>0.0655</UnitOfMeasurePrice>
      <AllowDiscount>1</AllowDiscount>
      <ItemStatus>1</ItemStatus>
      <ItemId>240025</ItemId>
    </Item>
    <Item>
      <PriceUpdateDate>2025-09-07 10:43:25</PriceUpdateDate>
      <ItemCode>7290109922867</ItemCode>
      <ItemType>1</ItemType>
      <ItemName>ג'ל כביסה מרוכז עם מ</ItemName>
      <ManufacturerName>לא ידוע</ManufacturerName>
      <ManufactureCountry>לא ידוע</ManufactureCountry>
      <ManufacturerItemDescription>ג'ל כביסה מרוכז עם מ</ManufacturerItemDescription>
      <UnitQty>לא ידוע</UnitQty>
      <Quantity>2500.00</Quantity>
      <UnitOfMeasure>לא ידוע</UnitOfMeasure>
      <bIsWeighted>0</bIsWeighted>
      <QtyInPackage>לא ידוע</QtyInPackage>
      <ItemPrice>26.90</ItemPrice>
      <UnitOfMeasurePrice>0.0108</UnitOfMeasurePrice>
      <AllowDiscount>1</AllowDiscount>
      <ItemStatus>1</ItemStatus>
      <ItemId>240037</ItemId>
    </Item>
    <Item>
      <PriceUpdateDate>2025-09-08 07:57:37</PriceUpdateDate>
      <ItemCode>8697659225186</ItemCode>
      <ItemType>1</ItemType>
      <ItemName>מילוי למטהר אוויר 25</ItemName>
      <ManufacturerName>לא ידוע</ManufacturerName>
      <ManufactureCountry>לא ידוע</ManufactureCountry>
      <ManufacturerItemDescription>מילוי למטהר אוויר 25</ManufacturerItemDescription>
      <UnitQty>לא ידוע</UnitQty>
      <Quantity>250.00</Quantity>
      <UnitOfMeasure>לא ידוע</UnitOfMeasure>
      <bIsWeighted>0</bIsWeighted>
      <QtyInPackage>לא ידוע</QtyInPackage>
      <ItemPrice>12.90</ItemPrice>
      <UnitOfMeasurePrice>0.0516</UnitOfMeasurePrice>
      <AllowDiscount>1</AllowDiscount>
      <ItemStatus>1</ItemStatus>
      <ItemId>240038</ItemId>
    </Item>
    <Item>
      <PriceUpdateDate>2025-09-03 13:37:34</PriceUpdateDate>
      <ItemCode>8410376037784</ItemCode>
      <ItemType>1</ItemType>
      <ItemName>עוגיות ביסקוויט גולו</ItemName>
      <ManufacturerName>לא ידוע</ManufacturerName>
      <ManufactureCountry>לא ידוע</ManufactureCountry>
      <ManufacturerItemDescription>עוגיות ביסקוויט גולו</ManufacturerItemDescription>
      <UnitQty>לא ידוע</UnitQty>
      <Quantity>250.00</Quantity>
      <UnitOfMeasure>לא ידוע</UnitOfMeasure>
      <bIsWeighted>0</bIsWeighted>
      <QtyInPackage>לא ידוע</QtyInPackage>
      <ItemPrice>15.90</ItemPrice>
      <UnitOfMeasurePrice>0.0636</UnitOfMeasurePrice>
      <AllowDiscount>1</AllowDiscount>
      <ItemStatus>1</ItemStatus>
      <ItemId>240045</ItemId>
    </Item>
    <Item>
      <PriceUpdateDate>2025-08-31 10:19:58</PriceUpdateDate>
      <ItemCode>7290018790038</ItemCode>
      <ItemType>1</ItemType>
      <ItemName>בסקוויט תה תפוז 110</ItemName>
      <ManufacturerName>קריות זול</ManufacturerName>
      <ManufactureCountry>לא ידוע</ManufactureCountry>
      <ManufacturerItemDescription>בסקוויט תה תפוז 110</ManufacturerItemDescription>
      <UnitQty>לא ידוע</UnitQty>
      <Quantity>110.00</Quantity>
      <UnitOfMeasure>לא ידוע</UnitOfMeasure>
      <bIsWeighted>0</bIsWeighted>
      <QtyInPackage>לא ידוע</QtyInPackage>
      <ItemPrice>4.90</ItemPrice>
      <UnitOfMeasurePrice>0.0445</UnitOfMeasurePrice>
      <AllowDiscount>1</AllowDiscount>
      <ItemStatus>1</ItemStatus>
      <ItemId>240059</ItemId>
    </Item>
    <Item>
      <PriceUpdateDate>2025-09-07 10:42:56</PriceUpdateDate>
      <ItemCode>7290111346347</ItemCode>
      <ItemType>1</ItemType>
      <ItemName>קלינקס טישו אוריגינל</ItemName>
      <ManufacturerName>לא ידוע</ManufacturerName>
      <ManufactureCountry>לא ידוע</ManufactureCountry>
      <ManufacturerItemDescription>קלינקס טישו אוריגינל</ManufacturerItemDescription>
      <UnitQty>יחידה   </UnitQty>
      <Quantity>0.00</Quantity>
      <UnitOfMeasure>יחידה   </UnitOfMeasure>
      <bIsWeighted>0</bIsWeighted>
      <QtyInPackage>לא ידוע</QtyInPackage>
      <ItemPrice>19.90</ItemPrice>
      <UnitOfMeasurePrice>0.0000</UnitOfMeasurePrice>
      <AllowDiscount>1</AllowDiscount>
      <ItemStatus>1</ItemStatus>
      <ItemId>240069</ItemId>
    </Item>
    <Item>
      <PriceUpdateDate>2025-08-18 11:33:48</PriceUpdateDate>
      <ItemCode>4870236050089</ItemCode>
      <ItemType>1</ItemType>
      <ItemName>אטריות בטעם פיצה להכ</ItemName>
      <ManufacturerName>לא ידוע</ManufacturerName>
      <ManufactureCountry>לא ידוע</ManufactureCountry>
      <ManufacturerItemDescription>אטריות בטעם פיצה להכ</ManufacturerItemDescription>
      <UnitQty>לא ידוע</UnitQty>
      <Quantity>60.00</Quantity>
      <UnitOfMeasure>לא ידוע</UnitOfMeasure>
      <bIsWeighted>0</bIsWeighted>
      <QtyInPackage>לא ידוע</QtyInPackage>
      <ItemPrice>4.50</ItemPrice>
      <UnitOfMeasurePrice>0.0750</UnitOfMeasurePrice>
      <AllowDiscount>1</AllowDiscount>
      <ItemStatus>1</ItemStatus>
      <ItemId>250891</ItemId>
    </Item>
    <Item>
      <PriceUpdateDate>2025-08-26 11:48:22</PriceUpdateDate>
      <ItemCode>7290116931524</ItemCode>
      <ItemType>1</ItemType>
      <ItemName>פרוסות גאודה 200 גרם</ItemName>
      <ManufacturerName>לא ידוע</ManufacturerName>
      <ManufactureCountry>לא ידוע</ManufactureCountry>
      <ManufacturerItemDescription>פרוסות גאודה 200 גרם</ManufacturerItemDescription>
      <UnitQty>לא ידוע</UnitQty>
      <Quantity>200.00</Quantity>
      <UnitOfMeasure>לא ידוע</UnitOfMeasure>
      <bIsWeighted>0</bIsWeighted>
      <QtyInPackage>לא ידוע</QtyInPackage>
      <ItemPrice>26.90</ItemPrice>
      <UnitOfMeasurePrice>0.1345</UnitOfMeasurePrice>
      <AllowDiscount>1</AllowDiscount>
      <ItemStatus>1</ItemStatus>
      <ItemId>241065</ItemId>
    </Item>
    <Item>
      <PriceUpdateDate>2025-08-21 11:27:52</PriceUpdateDate>
      <ItemCode>7290000453446</ItemCode>
      <ItemType>1</ItemType>
      <ItemName>פיצה קראסט שמרית</ItemName>
      <ManufacturerName>לא ידוע</ManufacturerName>
      <ManufactureCountry>לא ידוע</ManufactureCountry>
      <ManufacturerItemDescription>פיצה קראסט שמרית</ManufacturerItemDescription>
      <UnitQty>יחידה   </UnitQty>
      <Quantity>0.00</Quantity>
      <UnitOfMeasure>יחידה   </UnitOfMeasure>
      <bIsWeighted>0</bIsWeighted>
      <QtyInPackage>לא ידוע</QtyInPackage>
      <ItemPrice>23.90</ItemPrice>
      <UnitOfMeasurePrice>0.0000</UnitOfMeasurePrice>
      <AllowDiscount>1</AllowDiscount>
      <ItemStatus>1</ItemStatus>
      <ItemId>240095</ItemId>
    </Item>
    <Item>
      <PriceUpdateDate>2025-08-31 09:59:46</PriceUpdateDate>
      <ItemCode>7290018893333</ItemCode>
      <ItemType>1</ItemType>
      <ItemName>צ'וקטה קרקרים במליחו</ItemName>
      <ManufacturerName>לא ידוע</ManufacturerName>
      <ManufactureCountry>לא ידוע</ManufactureCountry>
      <ManufacturerItemDescription>צ'וקטה קרקרים במליחו</ManufacturerItemDescription>
      <UnitQty>לא ידוע</UnitQty>
      <Quantity>500.00</Quantity>
      <UnitOfMeasure>לא ידוע</UnitOfMeasure>
      <bIsWeighted>0</bIsWeighted>
      <QtyInPackage>לא ידוע</QtyInPackage>
      <ItemPrice>16.90</ItemPrice>
      <UnitOfMeasurePrice>0.0338</UnitOfMeasurePrice>
      <AllowDiscount>1</AllowDiscount>
      <ItemStatus>1</ItemStatus>
      <ItemId>240098</ItemId>
    </Item>
    <Item>
      <PriceUpdateDate>2025-09-08 07:59:38</PriceUpdateDate>
      <ItemCode>8851613101378</ItemCode>
      <ItemType>1</ItemType>
      <ItemName>חלב קוקוס 250 מ"ל</ItemName>
      <ManufacturerName>לא ידוע</ManufacturerName>
      <ManufactureCountry>לא ידוע</ManufactureCountry>
      <ManufacturerItemDescription>חלב קוקוס 250 מ"ל</ManufacturerItemDescription>
      <UnitQty>לא ידוע</UnitQty>
      <Quantity>250.00</Quantity>
      <UnitOfMeasure>לא ידוע</UnitOfMeasure>
      <bIsWeighted>0</bIsWeighted>
      <QtyInPackage>לא ידוע</QtyInPackage>
      <ItemPrice>12.90</ItemPrice>
      <UnitOfMeasurePrice>0.0516</UnitOfMeasurePrice>
      <AllowDiscount>1</AllowDiscount>
      <ItemStatus>1</ItemStatus>
      <ItemId>240106</ItemId>
    </Item>
    <Item>
      <PriceUpdateDate>2025-09-08 07:54:01</PriceUpdateDate>
      <ItemCode>7290018516447</ItemCode>
      <ItemType>1</ItemType>
      <ItemName>ארוחת מקרוני  עם רוט</ItemName>
      <ManufacturerName>לא ידוע</ManufacturerName>
      <ManufactureCountry>לא ידוע</ManufactureCountry>
      <ManufacturerItemDescription>ארוחת מקרוני  עם רוט</ManufacturerItemDescription>
      <UnitQty>לא ידוע</UnitQty>
      <Quantity>206.00</Quantity>
      <UnitOfMeasure>לא ידוע</UnitOfMeasure>
      <bIsWeighted>0</bIsWeighted>
      <QtyInPackage>לא ידוע</QtyInPackage>
      <ItemPrice>13.90</ItemPrice>
      <UnitOfMeasurePrice>0.0675</UnitOfMeasurePrice>
      <AllowDiscount>1</AllowDiscount>
      <ItemStatus>1</ItemStatus>
      <ItemId>240108</ItemId>
    </Item>
    <Item>
      <PriceUpdateDate>2025-09-08 07:59:46</PriceUpdateDate>
      <ItemCode>8121300208780</ItemCode>
      <ItemType>1</ItemType>
      <ItemName>טרוביה תחליף סוכר לכ</ItemName>
      <ManufacturerName>לא ידוע</ManufacturerName>
      <ManufactureCountry>לא ידוע</ManufactureCountry>
      <ManufacturerItemDescription>טרוביה תחליף סוכר לכ</ManufacturerItemDescription>
      <UnitQty>לא ידוע</UnitQty>
      <Quantity>360.00</Quantity>
      <UnitOfMeasure>לא ידוע</UnitOfMeasure>
      <bIsWeighted>0</bIsWeighted>
      <QtyInPackage>לא ידוע</QtyInPackage>
      <ItemPrice>40.90</ItemPrice>
      <UnitOfMeasurePrice>0.1136</UnitOfMeasurePrice>
      <AllowDiscount>1</AllowDiscount>
      <ItemStatus>1</ItemStatus>
      <ItemId>240117</ItemId>
    </Item>
    <Item>
      <PriceUpdateDate>2025-09-07 10:42:00</PriceUpdateDate>
      <ItemCode>7290108356892</ItemCode>
      <ItemType>1</ItemType>
      <ItemName>ריצפז פרש הום 2ליטר</ItemName>
      <ManufacturerName>לא ידוע</ManufacturerName>
      <ManufactureCountry>לא ידוע</ManufactureCountry>
      <ManufacturerItemDescription>ריצפז פרש הום 2ליטר</ManufacturerItemDescription>
      <UnitQty>לא ידוע</UnitQty>
      <Quantity>2000.00</Quantity>
      <UnitOfMeasure>לא ידוע</UnitOfMeasure>
      <bIsWeighted>0</bIsWeighted>
      <QtyInPackage>לא ידוע</QtyInPackage>
      <ItemPrice>22.90</ItemPrice>
      <UnitOfMeasurePrice>0.0114</UnitOfMeasurePrice>
      <AllowDiscount>1</AllowDiscount>
      <ItemStatus>1</ItemStatus>
      <ItemId>240166</ItemId>
    </Item>
    <Item>
      <PriceUpdateDate>2025-08-21 13:56:18</PriceUpdateDate>
      <ItemCode>80906056</ItemCode>
      <ItemType>1</ItemType>
      <ItemName>ביצת הפתעה קינדר נטו</ItemName>
      <ManufacturerName>קריות זול</ManufacturerName>
      <ManufactureCountry>לא ידוע</ManufactureCountry>
      <ManufacturerItemDescription>ביצת הפתעה קינדר נטו</ManufacturerItemDescription>
      <UnitQty>לא ידוע</UnitQty>
      <Quantity>20.00</Quantity>
      <UnitOfMeasure>לא ידוע</UnitOfMeasure>
      <bIsWeighted>0</bIsWeighted>
      <QtyInPackage>לא ידוע</QtyInPackage>
      <ItemPrice>8.50</ItemPrice>
      <UnitOfMeasurePrice>0.4250</UnitOfMeasurePrice>
      <AllowDiscount>1</AllowDiscount>
      <ItemStatus>1</ItemStatus>
      <ItemId>240176</ItemId>
    </Item>
    <Item>
      <PriceUpdateDate>2025-08-21 13:56:27</PriceUpdateDate>
      <ItemCode>8000500406069</ItemCode>
      <ItemType>1</ItemType>
      <ItemName>קינדר נטונס ביצי שוק</ItemName>
      <ManufacturerName>קריות זול</ManufacturerName>
      <ManufactureCountry>לא ידוע</ManufactureCountry>
      <ManufacturerItemDescription>קינדר נטונס ביצי שוק</ManufacturerItemDescription>
      <UnitQty>לא ידוע</UnitQty>
      <Quantity>60.00</Quantity>
      <UnitOfMeasure>לא ידוע</UnitOfMeasure>
      <bIsWeighted>0</bIsWeighted>
      <QtyInPackage>לא ידוע</QtyInPackage>
      <ItemPrice>19.50</ItemPrice>
      <UnitOfMeasurePrice>0.3250</UnitOfMeasurePrice>
      <AllowDiscount>1</AllowDiscount>
      <ItemStatus>1</ItemStatus>
      <ItemId>240177</ItemId>
    </Item>
    <Item>
      <PriceUpdateDate>2025-08-21 13:56:25</PriceUpdateDate>
      <ItemCode>8000500366073</ItemCode>
      <ItemType>1</ItemType>
      <ItemName>נוטלה ביסקוויט שקית</ItemName>
      <ManufacturerName>קריות זול</ManufacturerName>
      <ManufactureCountry>לא ידוע</ManufactureCountry>
      <ManufacturerItemDescription>נוטלה ביסקוויט שקית</ManufacturerItemDescription>
      <UnitQty>לא ידוע</UnitQty>
      <Quantity>276.00</Quantity>
      <UnitOfMeasure>לא ידוע</UnitOfMeasure>
      <bIsWeighted>0</bIsWeighted>
      <QtyInPackage>לא ידוע</QtyInPackage>
      <ItemPrice>28.90</ItemPrice>
      <UnitOfMeasurePrice>0.1047</UnitOfMeasurePrice>
      <AllowDiscount>1</AllowDiscount>
      <ItemStatus>1</ItemStatus>
      <ItemId>240178</ItemId>
    </Item>
    <Item>
      <PriceUpdateDate>2025-09-08 07:57:14</PriceUpdateDate>
      <ItemCode>7622201823733</ItemCode>
      <ItemType>1</ItemType>
      <ItemName>עוגיות מילקה תינס דק</ItemName>
      <ManufacturerName>לא ידוע</ManufacturerName>
      <ManufactureCountry>לא ידוע</ManufactureCountry>
      <ManufacturerItemDescription>עוגיות מילקה תינס דק</ManufacturerItemDescription>
      <UnitQty>לא ידוע</UnitQty>
      <Quantity>151.00</Quantity>
      <UnitOfMeasure>לא ידוע</UnitOfMeasure>
      <bIsWeighted>0</bIsWeighted>
      <QtyInPackage>לא ידוע</QtyInPackage>
      <ItemPrice>16.90</ItemPrice>
      <UnitOfMeasurePrice>0.1119</UnitOfMeasurePrice>
      <AllowDiscount>1</AllowDiscount>
      <ItemStatus>1</ItemStatus>
      <ItemId>240183</ItemId>
    </Item>
    <Item>
      <PriceUpdateDate>2025-08-31 10:00:23</PriceUpdateDate>
      <ItemCode>7290107974301</ItemCode>
      <ItemType>1</ItemType>
      <ItemName>ליידי ספיד סטיק אלוו</ItemName>
      <ManufacturerName>לא ידוע</ManufacturerName>
      <ManufactureCountry>לא ידוע</ManufactureCountry>
      <ManufacturerItemDescription>ליידי ספיד סטיק אלוו</ManufacturerItemDescription>
      <UnitQty>לא ידוע</UnitQty>
      <Quantity>65.00</Quantity>
      <UnitOfMeasure>לא ידוע</UnitOfMeasure>
      <bIsWeighted>0</bIsWeighted>
      <QtyInPackage>לא ידוע</QtyInPackage>
      <ItemPrice>23.90</ItemPrice>
      <UnitOfMeasurePrice>0.3677</UnitOfMeasurePrice>
      <AllowDiscount>1</AllowDiscount>
      <ItemStatus>1</ItemStatus>
      <ItemId>240185</ItemId>
    </Item>
    <Item>
      <PriceUpdateDate>2025-08-18 11:51:42</PriceUpdateDate>
      <ItemCode>5202175001546</ItemCode>
      <ItemType>1</ItemType>
      <ItemName>נאצ'וס בטעם ברביקיו</ItemName>
      <ManufacturerName>לא ידוע</ManufacturerName>
      <ManufactureCountry>לא ידוע</ManufactureCountry>
      <ManufacturerItemDescription>נאצ'וס בטעם ברביקיו</ManufacturerItemDescription>
      <UnitQty>לא ידוע</UnitQty>
      <Quantity>225.00</Quantity>
      <UnitOfMeasure>לא ידוע</UnitOfMeasure>
      <bIsWeighted>0</bIsWeighted>
      <QtyInPackage>לא ידוע</QtyInPackage>
      <ItemPrice>13.90</ItemPrice>
      <UnitOfMeasurePrice>0.0618</UnitOfMeasurePrice>
      <AllowDiscount>1</AllowDiscount>
      <ItemStatus>1</ItemStatus>
      <ItemId>240189</ItemId>
    </Item>
    <Item>
      <PriceUpdateDate>2025-08-18 11:51:42</PriceUpdateDate>
      <ItemCode>5202175001515</ItemCode>
      <ItemType>1</ItemType>
      <ItemName>נאצ'וס בטעם מלוח 225</ItemName>
      <ManufacturerName>לא ידוע</ManufacturerName>
      <ManufactureCountry>לא ידוע</ManufactureCountry>
      <ManufacturerItemDescription>נאצ'וס בטעם מלוח 225</ManufacturerItemDescription>
      <UnitQty>לא ידוע</UnitQty>
      <Quantity>225.00</Quantity>
      <UnitOfMeasure>לא ידוע</UnitOfMeasure>
      <bIsWeighted>0</bIsWeighted>
      <QtyInPackage>לא ידוע</QtyInPackage>
      <ItemPrice>13.90</ItemPrice>
      <UnitOfMeasurePrice>0.0618</UnitOfMeasurePrice>
      <AllowDiscount>1</AllowDiscount>
      <ItemStatus>1</ItemStatus>
      <ItemId>240190</ItemId>
    </Item>
    <Item>
      <PriceUpdateDate>2025-08-19 08:30:57</PriceUpdateDate>
      <ItemCode>4810168062149</ItemCode>
      <ItemType>1</ItemType>
      <ItemName>כיסונים פרווה במילוי</ItemName>
      <ManufacturerName>לא ידוע</ManufacturerName>
      <ManufactureCountry>לא ידוע</ManufactureCountry>
      <ManufacturerItemDescription>כיסונים פרווה במילוי</ManufacturerItemDescription>
      <UnitQty>לא ידוע</UnitQty>
      <Quantity>450.00</Quantity>
      <UnitOfMeasure>לא ידוע</UnitOfMeasure>
      <bIsWeighted>0</bIsWeighted>
      <QtyInPackage>לא ידוע</QtyInPackage>
      <ItemPrice>24.90</ItemPrice>
      <UnitOfMeasurePrice>0.0553</UnitOfMeasurePrice>
      <AllowDiscount>1</AllowDiscount>
      <ItemStatus>1</ItemStatus>
      <ItemId>240202</ItemId>
    </Item>
    <Item>
      <PriceUpdateDate>2025-08-19 08:31:09</PriceUpdateDate>
      <ItemCode>4810168062217</ItemCode>
      <ItemType>1</ItemType>
      <ItemName>בלינצ'יס פרווה במילו</ItemName>
      <ManufacturerName>לא ידוע</ManufacturerName>
      <ManufactureCountry>לא ידוע</ManufactureCountry>
      <ManufacturerItemDescription>בלינצ'יס פרווה במילו</ManufacturerItemDescription>
      <UnitQty>לא ידוע</UnitQty>
      <Quantity>360.00</Quantity>
      <UnitOfMeasure>לא ידוע</UnitOfMeasure>
      <bIsWeighted>0</bIsWeighted>
      <QtyInPackage>לא ידוע</QtyInPackage>
      <ItemPrice>17.90</ItemPrice>
      <UnitOfMeasurePrice>0.0497</UnitOfMeasurePrice>
      <AllowDiscount>1</AllowDiscount>
      <ItemStatus>1</ItemStatus>
      <ItemId>240211</ItemId>
    </Item>
    <Item>
      <PriceUpdateDate>2025-11-02 11:35:50</PriceUpdateDate>
      <ItemCode>7290114604895</ItemCode>
      <ItemType>1</ItemType>
      <ItemName>ממרח ספייסי לחיץ מאס</ItemName>
      <ManufacturerName>לא ידוע</ManufacturerName>
      <ManufactureCountry>לא ידוע</ManufactureCountry>
      <ManufacturerItemDescription>ממרח ספייסי לחיץ מאס</ManufacturerItemDescription>
      <UnitQty>לא ידוע</UnitQty>
      <Quantity>446.00</Quantity>
      <UnitOfMeasure>לא ידוע</UnitOfMeasure>
      <bIsWeighted>0</bIsWeighted>
      <QtyInPackage>לא ידוע</QtyInPackage>
      <ItemPrice>19.90</ItemPrice>
      <UnitOfMeasurePrice>0.0446</UnitOfMeasurePrice>
      <AllowDiscount>1</AllowDiscount>
      <ItemStatus>1</ItemStatus>
      <ItemId>240222</ItemId>
    </Item>
    <Item>
      <PriceUpdateDate>2025-11-02 11:35:51</PriceUpdateDate>
      <ItemCode>7290114606554</ItemCode>
      <ItemType>1</ItemType>
      <ItemName>מיונז לייט לחיץ מאסט</ItemName>
      <ManufacturerName>לא ידוע</ManufacturerName>
      <ManufactureCountry>לא ידוע</ManufactureCountry>
      <ManufacturerItemDescription>מיונז לייט לחיץ מאסט</ManufacturerItemDescription>
      <UnitQty>לא ידוע</UnitQty>
      <Quantity>470.00</Quantity>
      <UnitOfMeasure>לא ידוע</UnitOfMeasure>
      <bIsWeighted>0</bIsWeighted>
      <QtyInPackage>לא ידוע</QtyInPackage>
      <ItemPrice>18.90</ItemPrice>
      <UnitOfMeasurePrice>0.0402</UnitOfMeasurePrice>
      <AllowDiscount>1</AllowDiscount>
      <ItemStatus>1</ItemStatus>
      <ItemId>240229</ItemId>
    </Item>
    <Item>
      <PriceUpdateDate>2025-11-02 11:35:49</PriceUpdateDate>
      <ItemCode>7290114600941</ItemCode>
      <ItemType>1</ItemType>
      <ItemName>מיונז הולנדי לחיץ מא</ItemName>
      <ManufacturerName>לא ידוע</ManufacturerName>
      <ManufactureCountry>לא ידוע</ManufactureCountry>
      <ManufacturerItemDescription>מיונז הולנדי לחיץ מא</ManufacturerItemDescription>
      <UnitQty>לא ידוע</UnitQty>
      <Quantity>435.00</Quantity>
      <UnitOfMeasure>לא ידוע</UnitOfMeasure>
      <bIsWeighted>0</bIsWeighted>
      <QtyInPackage>לא ידוע</QtyInPackage>
      <ItemPrice>19.90</ItemPrice>
      <UnitOfMeasurePrice>0.0457</UnitOfMeasurePrice>
      <AllowDiscount>1</AllowDiscount>
      <ItemStatus>1</ItemStatus>
      <ItemId>240231</ItemId>
    </Item>
    <Item>
      <PriceUpdateDate>2025-09-08 08:00:02</PriceUpdateDate>
      <ItemCode>859547004466</ItemCode>
      <ItemType>1</ItemType>
      <ItemName>ספוג סקראב ממי</ItemName>
      <ManufacturerName>לא ידוע</ManufacturerName>
      <ManufactureCountry>לא ידוע</ManufactureCountry>
      <ManufacturerItemDescription>ספוג סקראב ממי</ManufacturerItemDescription>
      <UnitQty>לא ידוע</UnitQty>
      <Quantity>0.00</Quantity>
      <UnitOfMeasure>לא ידוע</UnitOfMeasure>
      <bIsWeighted>0</bIsWeighted>
      <QtyInPackage>לא ידוע</QtyInPackage>
      <ItemPrice>20.90</ItemPrice>
      <UnitOfMeasurePrice>0.0000</UnitOfMeasurePrice>
      <AllowDiscount>1</AllowDiscount>
      <ItemStatus>1</ItemStatus>
      <ItemId>240276</ItemId>
    </Item>
    <Item>
      <PriceUpdateDate>2025-09-04 16:22:40</PriceUpdateDate>
      <ItemCode>7290018045312</ItemCode>
      <ItemType>1</ItemType>
      <ItemName>זוג ספוגים לניקוי סק</ItemName>
      <ManufacturerName>לא ידוע</ManufacturerName>
      <ManufactureCountry>לא ידוע</ManufactureCountry>
      <ManufacturerItemDescription>זוג ספוגים לניקוי סק</ManufacturerItemDescription>
      <UnitQty>לא ידוע</UnitQty>
      <Quantity>0.00</Quantity>
      <UnitOfMeasure>לא ידוע</UnitOfMeasure>
      <bIsWeighted>0</bIsWeighted>
      <QtyInPackage>לא ידוע</QtyInPackage>
      <ItemPrice>20.90</ItemPrice>
      <UnitOfMeasurePrice>0.0000</UnitOfMeasurePrice>
      <AllowDiscount>1</AllowDiscount>
      <ItemStatus>1</ItemStatus>
      <ItemId>240277</ItemId>
    </Item>
    <Item>
      <PriceUpdateDate>2025-09-07 10:42:58</PriceUpdateDate>
      <ItemCode>7290111346538</ItemCode>
      <ItemType>1</ItemType>
      <ItemName>האגיס פרידום דריי של</ItemName>
      <ManufacturerName>לא ידוע</ManufacturerName>
      <ManufactureCountry>לא ידוע</ManufactureCountry>
      <ManufacturerItemDescription>האגיס פרידום דריי של</ManufacturerItemDescription>
      <UnitQty>יחידה   </UnitQty>
      <Quantity>0.00</Quantity>
      <UnitOfMeasure>יחידה   </UnitOfMeasure>
      <bIsWeighted>0</bIsWeighted>
      <QtyInPackage>לא ידוע</QtyInPackage>
      <ItemPrice>44.90</ItemPrice>
      <UnitOfMeasurePrice>0.0000</UnitOfMeasurePrice>
      <AllowDiscount>1</AllowDiscount>
      <ItemStatus>1</ItemStatus>
      <ItemId>240346</ItemId>
    </Item>
    <Item>
      <PriceUpdateDate>2025-08-19 08:21:28</PriceUpdateDate>
      <ItemCode>4003754021693</ItemCode>
      <ItemType>1</ItemType>
      <ItemName>בונבוניירה עיגולי מר</ItemName>
      <ManufacturerName>לא ידוע</ManufacturerName>
      <ManufactureCountry>לא ידוע</ManufactureCountry>
      <ManufacturerItemDescription>בונבוניירה עיגולי מר</ManufacturerItemDescription>
      <UnitQty>לא ידוע</UnitQty>
      <Quantity>210.00</Quantity>
      <UnitOfMeasure>לא ידוע</UnitOfMeasure>
      <bIsWeighted>0</bIsWeighted>
      <QtyInPackage>לא ידוע</QtyInPackage>
      <ItemPrice>36.90</ItemPrice>
      <UnitOfMeasurePrice>0.1757</UnitOfMeasurePrice>
      <AllowDiscount>1</AllowDiscount>
      <ItemStatus>1</ItemStatus>
      <ItemId>240370</ItemId>
    </Item>
    <Item>
      <PriceUpdateDate>2025-01-07 15:53:13</PriceUpdateDate>
      <ItemCode>5208049007140</ItemCode>
      <ItemType>1</ItemType>
      <ItemName>פאל מאל דמי אוכמניות</ItemName>
      <ManufacturerName>לא ידוע</ManufacturerName>
      <ManufactureCountry>לא ידוע</ManufactureCountry>
      <ManufacturerItemDescription>פאל מאל דמי אוכמניות</ManufacturerItemDescription>
      <UnitQty>יחידה   </UnitQty>
      <Quantity>0.00</Quantity>
      <UnitOfMeasure>יחידה   </UnitOfMeasure>
      <bIsWeighted>0</bIsWeighted>
      <QtyInPackage>לא ידוע</QtyInPackage>
      <ItemPrice>35.00</ItemPrice>
      <UnitOfMeasurePrice>0.0000</UnitOfMeasurePrice>
      <AllowDiscount>0</AllowDiscount>
      <ItemStatus>1</ItemStatus>
      <ItemId>242879</ItemId>
    </Item>
    <Item>
      <PriceUpdateDate>2025-09-07 10:42:52</PriceUpdateDate>
      <ItemCode>7290111344565</ItemCode>
      <ItemType>1</ItemType>
      <ItemName>ניקול שקיות זיפר מאר</ItemName>
      <ManufacturerName>לא ידוע</ManufacturerName>
      <ManufactureCountry>לא ידוע</ManufactureCountry>
      <ManufacturerItemDescription>ניקול שקיות זיפר מאר</ManufacturerItemDescription>
      <UnitQty>יחידה   </UnitQty>
      <Quantity>0.00</Quantity>
      <UnitOfMeasure>יחידה   </UnitOfMeasure>
      <bIsWeighted>0</bIsWeighted>
      <QtyInPackage>לא ידוע</QtyInPackage>
      <ItemPrice>14.90</ItemPrice>
      <UnitOfMeasurePrice>0.0000</UnitOfMeasurePrice>
      <AllowDiscount>1</AllowDiscount>
      <ItemStatus>1</ItemStatus>
      <ItemId>240428</ItemId>
    </Item>
    <Item>
      <PriceUpdateDate>2025-09-07 08:06:21</PriceUpdateDate>
      <ItemCode>7290102302246</ItemCode>
      <ItemType>1</ItemType>
      <ItemName>גאודה בקר הנרי ויליך</ItemName>
      <ManufacturerName>לא ידוע</ManufacturerName>
      <ManufactureCountry>לא ידוע</ManufactureCountry>
      <ManufacturerItemDescription>גאודה בקר הנרי ויליך</ManufacturerItemDescription>
      <UnitQty>לא ידוע</UnitQty>
      <Quantity>200.00</Quantity>
      <UnitOfMeasure>לא ידוע</UnitOfMeasure>
      <bIsWeighted>0</bIsWeighted>
      <QtyInPackage>לא ידוע</QtyInPackage>
      <ItemPrice>30.90</ItemPrice>
      <UnitOfMeasurePrice>0.1545</UnitOfMeasurePrice>
      <AllowDiscount>1</AllowDiscount>
      <ItemStatus>1</ItemStatus>
      <ItemId>240431</ItemId>
    </Item>
    <Item>
      <PriceUpdateDate>2025-08-19 08:16:47</PriceUpdateDate>
      <ItemCode>3161911393210</ItemCode>
      <ItemType>1</ItemType>
      <ItemName>חמאת נורמנדי מלוחה 2</ItemName>
      <ManufacturerName>לא ידוע</ManufacturerName>
      <ManufactureCountry>לא ידוע</ManufactureCountry>
      <ManufacturerItemDescription>חמאת נורמנדי מלוחה 2</ManufacturerItemDescription>
      <UnitQty>לא ידוע</UnitQty>
      <Quantity>200.00</Quantity>
      <UnitOfMeasure>לא ידוע</UnitOfMeasure>
      <bIsWeighted>0</bIsWeighted>
      <QtyInPackage>לא ידוע</QtyInPackage>
      <ItemPrice>22.90</ItemPrice>
      <UnitOfMeasurePrice>0.1145</UnitOfMeasurePrice>
      <AllowDiscount>1</AllowDiscount>
      <ItemStatus>1</ItemStatus>
      <ItemId>240440</ItemId>
    </Item>
    <Item>
      <PriceUpdateDate>2025-08-26 11:48:16</PriceUpdateDate>
      <ItemCode>7290116931241</ItemCode>
      <ItemType>1</ItemType>
      <ItemName>קוטג 12% תנובה 250 ג</ItemName>
      <ManufacturerName>לא ידוע</ManufacturerName>
      <ManufactureCountry>ישראל</ManufactureCountry>
      <ManufacturerItemDescription>קוטג 12% תנובה 250 ג</ManufacturerItemDescription>
      <UnitQty>לא ידוע</UnitQty>
      <Quantity>250.00</Quantity>
      <UnitOfMeasure>לא ידוע</UnitOfMeasure>
      <bIsWeighted>0</bIsWeighted>
      <QtyInPackage>לא ידוע</QtyInPackage>
      <ItemPrice>7.20</ItemPrice>
      <UnitOfMeasurePrice>0.0288</UnitOfMeasurePrice>
      <AllowDiscount>1</AllowDiscount>
      <ItemStatus>1</ItemStatus>
      <ItemId>240443</ItemId>
    </Item>
    <Item>
      <PriceUpdateDate>2025-08-27 11:51:03</PriceUpdateDate>
      <ItemCode>7290018091883</ItemCode>
      <ItemType>1</ItemType>
      <ItemName>בצק פילו 500 גרם</ItemName>
      <ManufacturerName>לא ידוע</ManufacturerName>
      <ManufactureCountry>לא ידוע</ManufactureCountry>
      <ManufacturerItemDescription>בצק פילו 500 גרם</ManufacturerItemDescription>
      <UnitQty>לא ידוע</UnitQty>
      <Quantity>500.00</Quantity>
      <UnitOfMeasure>לא ידוע</UnitOfMeasure>
      <bIsWeighted>0</bIsWeighted>
      <QtyInPackage>לא ידוע</QtyInPackage>
      <ItemPrice>30.90</ItemPrice>
      <UnitOfMeasurePrice>0.0618</UnitOfMeasurePrice>
      <AllowDiscount>1</AllowDiscount>
      <ItemStatus>1</ItemStatus>
      <ItemId>240442</ItemId>
    </Item>
    <Item>
      <PriceUpdateDate>2024-04-23 19:34:55</PriceUpdateDate>
      <ItemCode>7290015652247</ItemCode>
      <ItemType>1</ItemType>
      <ItemName>מארז פינוקים 225 גרם</ItemName>
      <ManufacturerName>לא ידוע</ManufacturerName>
      <ManufactureCountry>לא ידוע</ManufactureCountry>
      <ManufacturerItemDescription>מארז פינוקים 225 גרם</ManufacturerItemDescription>
      <UnitQty>לא ידוע</UnitQty>
      <Quantity>225.00</Quantity>
      <UnitOfMeasure>לא ידוע</UnitOfMeasure>
      <bIsWeighted>0</bIsWeighted>
      <QtyInPackage>לא ידוע</QtyInPackage>
      <ItemPrice>20.00</ItemPrice>
      <UnitOfMeasurePrice>0.0889</UnitOfMeasurePrice>
      <AllowDiscount>1</AllowDiscount>
      <ItemStatus>1</ItemStatus>
      <ItemId>240511</ItemId>
    </Item>
    <Item>
      <PriceUpdateDate>2025-08-27 11:28:44</PriceUpdateDate>
      <ItemCode>7290012245183</ItemCode>
      <ItemType>1</ItemType>
      <ItemName>ציפס קלאסי 700 גרם ק</ItemName>
      <ManufacturerName>לא ידוע</ManufacturerName>
      <ManufactureCountry>לא ידוע</ManufactureCountry>
      <ManufacturerItemDescription>ציפס קלאסי 700 גרם ק</ManufacturerItemDescription>
      <UnitQty>לא ידוע</UnitQty>
      <Quantity>700.00</Quantity>
      <UnitOfMeasure>לא ידוע</UnitOfMeasure>
      <bIsWeighted>0</bIsWeighted>
      <QtyInPackage>לא ידוע</QtyInPackage>
      <ItemPrice>16.90</ItemPrice>
      <UnitOfMeasurePrice>0.0241</UnitOfMeasurePrice>
      <AllowDiscount>1</AllowDiscount>
      <ItemStatus>1</ItemStatus>
      <ItemId>240515</ItemId>
    </Item>
    <Item>
      <PriceUpdateDate>2025-09-08 07:54:00</PriceUpdateDate>
      <ItemCode>7290016865943</ItemCode>
      <ItemType>1</ItemType>
      <ItemName>אטריות ביצים פטוציני</ItemName>
      <ManufacturerName>לא ידוע</ManufacturerName>
      <ManufactureCountry>לא ידוע</ManufactureCountry>
      <ManufacturerItemDescription>אטריות ביצים פטוציני</ManufacturerItemDescription>
      <UnitQty>לא ידוע</UnitQty>
      <Quantity>400.00</Quantity>
      <UnitOfMeasure>לא ידוע</UnitOfMeasure>
      <bIsWeighted>0</bIsWeighted>
      <QtyInPackage>לא ידוע</QtyInPackage>
      <ItemPrice>16.90</ItemPrice>
      <UnitOfMeasurePrice>0.0422</UnitOfMeasurePrice>
      <AllowDiscount>1</AllowDiscount>
      <ItemStatus>1</ItemStatus>
      <ItemId>240519</ItemId>
    </Item>
    <Item>
      <PriceUpdateDate>2025-09-08 07:54:01</PriceUpdateDate>
      <ItemCode>7290017031323</ItemCode>
      <ItemType>1</ItemType>
      <ItemName>אטריות ביצים פפרדלה</ItemName>
      <ManufacturerName>לא ידוע</ManufacturerName>
      <ManufactureCountry>לא ידוע</ManufactureCountry>
      <ManufacturerItemDescription>אטריות ביצים פפרדלה</ManufacturerItemDescription>
      <UnitQty>לא ידוע</UnitQty>
      <Quantity>400.00</Quantity>
      <UnitOfMeasure>לא ידוע</UnitOfMeasure>
      <bIsWeighted>0</bIsWeighted>
      <QtyInPackage>לא ידוע</QtyInPackage>
      <ItemPrice>16.90</ItemPrice>
      <UnitOfMeasurePrice>0.0422</UnitOfMeasurePrice>
      <AllowDiscount>1</AllowDiscount>
      <ItemStatus>1</ItemStatus>
      <ItemId>240520</ItemId>
    </Item>
    <Item>
      <PriceUpdateDate>2025-09-04 12:00:24</PriceUpdateDate>
      <ItemCode>7290110116125</ItemCode>
      <ItemType>1</ItemType>
      <ItemName>סירופ פטל פריגת 750</ItemName>
      <ManufacturerName>לא ידוע</ManufacturerName>
      <ManufactureCountry>לא ידוע</ManufactureCountry>
      <ManufacturerItemDescription>סירופ פטל פריגת 750</ManufacturerItemDescription>
      <UnitQty>לא ידוע</UnitQty>
      <Quantity>750.00</Quantity>
      <UnitOfMeasure>לא ידוע</UnitOfMeasure>
      <bIsWeighted>0</bIsWeighted>
      <QtyInPackage>לא ידוע</QtyInPackage>
      <ItemPrice>22.90</ItemPrice>
      <UnitOfMeasurePrice>0.0305</UnitOfMeasurePrice>
      <AllowDiscount>1</AllowDiscount>
      <ItemStatus>1</ItemStatus>
      <ItemId>240525</ItemId>
    </Item>
    <Item>
      <PriceUpdateDate>2025-09-04 12:00:25</PriceUpdateDate>
      <ItemCode>7290110116392</ItemCode>
      <ItemType>1</ItemType>
      <ItemName>סירופ תפוזים פריגת 7</ItemName>
      <ManufacturerName>לא ידוע</ManufacturerName>
      <ManufactureCountry>לא ידוע</ManufactureCountry>
      <ManufacturerItemDescription>סירופ תפוזים פריגת 7</ManufacturerItemDescription>
      <UnitQty>לא ידוע</UnitQty>
      <Quantity>750.00</Quantity>
      <UnitOfMeasure>לא ידוע</UnitOfMeasure>
      <bIsWeighted>0</bIsWeighted>
      <QtyInPackage>לא ידוע</QtyInPackage>
      <ItemPrice>22.90</ItemPrice>
      <UnitOfMeasurePrice>0.0305</UnitOfMeasurePrice>
      <AllowDiscount>1</AllowDiscount>
      <ItemStatus>1</ItemStatus>
      <ItemId>240526</ItemId>
    </Item>
    <Item>
      <PriceUpdateDate>2025-08-19 11:25:05</PriceUpdateDate>
      <ItemCode>7290004030100</ItemCode>
      <ItemType>1</ItemType>
      <ItemName>מיץ תפוזים סחוט ולנס</ItemName>
      <ManufacturerName>לא ידוע</ManufacturerName>
      <ManufactureCountry>לא ידוע</ManufactureCountry>
      <ManufacturerItemDescription>מיץ תפוזים סחוט ולנס</ManufacturerItemDescription>
      <UnitQty>לא ידוע</UnitQty>
      <Quantity>1000.00</Quantity>
      <UnitOfMeasure>לא ידוע</UnitOfMeasure>
      <bIsWeighted>0</bIsWeighted>
      <QtyInPackage>לא ידוע</QtyInPackage>
      <ItemPrice>19.50</ItemPrice>
      <UnitOfMeasurePrice>0.0195</UnitOfMeasurePrice>
      <AllowDiscount>1</AllowDiscount>
      <ItemStatus>1</ItemStatus>
      <ItemId>240534</ItemId>
    </Item>
    <Item>
      <PriceUpdateDate>2025-08-26 11:20:30</PriceUpdateDate>
      <ItemCode>7290016682441</ItemCode>
      <ItemType>1</ItemType>
      <ItemName>מיץ תפוזים פריניב 10</ItemName>
      <ManufacturerName>לא ידוע</ManufacturerName>
      <ManufactureCountry>לא ידוע</ManufactureCountry>
      <ManufacturerItemDescription>מיץ תפוזים פריניב 10</ManufacturerItemDescription>
      <UnitQty>לא ידוע</UnitQty>
      <Quantity>1000.00</Quantity>
      <UnitOfMeasure>לא ידוע</UnitOfMeasure>
      <bIsWeighted>0</bIsWeighted>
      <QtyInPackage>לא ידוע</QtyInPackage>
      <ItemPrice>14.90</ItemPrice>
      <UnitOfMeasurePrice>0.0149</UnitOfMeasurePrice>
      <AllowDiscount>1</AllowDiscount>
      <ItemStatus>1</ItemStatus>
      <ItemId>240535</ItemId>
    </Item>
    <Item>
      <PriceUpdateDate>2025-08-26 11:20:29</PriceUpdateDate>
      <ItemCode>7290016682359</ItemCode>
      <ItemType>1</ItemType>
      <ItemName>מיץ תפוזים סחוט שמוט</ItemName>
      <ManufacturerName>לא ידוע</ManufacturerName>
      <ManufactureCountry>לא ידוע</ManufactureCountry>
      <ManufacturerItemDescription>מיץ תפוזים סחוט שמוט</ManufacturerItemDescription>
      <UnitQty>לא ידוע</UnitQty>
      <Quantity>2000.00</Quantity>
      <UnitOfMeasure>לא ידוע</UnitOfMeasure>
      <bIsWeighted>0</bIsWeighted>
      <QtyInPackage>לא ידוע</QtyInPackage>
      <ItemPrice>30.90</ItemPrice>
      <UnitOfMeasurePrice>0.0155</UnitOfMeasurePrice>
      <AllowDiscount>1</AllowDiscount>
      <ItemStatus>1</ItemStatus>
      <ItemId>240538</ItemId>
    </Item>
    <Item>
      <PriceUpdateDate>2025-08-26 11:20:28</PriceUpdateDate>
      <ItemCode>7290016682342</ItemCode>
      <ItemType>1</ItemType>
      <ItemName>מיץ תפוזים ולנסיה 2</ItemName>
      <ManufacturerName>לא ידוע</ManufacturerName>
      <ManufactureCountry>לא ידוע</ManufactureCountry>
      <ManufacturerItemDescription>מיץ תפוזים ולנסיה 2</ManufacturerItemDescription>
      <UnitQty>לא ידוע</UnitQty>
      <Quantity>2000.00</Quantity>
      <UnitOfMeasure>לא ידוע</UnitOfMeasure>
      <bIsWeighted>0</bIsWeighted>
      <QtyInPackage>לא ידוע</QtyInPackage>
      <ItemPrice>30.90</ItemPrice>
      <UnitOfMeasurePrice>0.0155</UnitOfMeasurePrice>
      <AllowDiscount>1</AllowDiscount>
      <ItemStatus>1</ItemStatus>
      <ItemId>240539</ItemId>
    </Item>
    <Item>
      <PriceUpdateDate>2025-08-19 18:18:31</PriceUpdateDate>
      <ItemCode>7290010161669</ItemCode>
      <ItemType>1</ItemType>
      <ItemName>דאודורנט אדם פרימייר</ItemName>
      <ManufacturerName>לא ידוע</ManufacturerName>
      <ManufactureCountry>לא ידוע</ManufactureCountry>
      <ManufacturerItemDescription>דאודורנט אדם פרימייר</ManufacturerItemDescription>
      <UnitQty>לא ידוע</UnitQty>
      <Quantity>200.00</Quantity>
      <UnitOfMeasure>לא ידוע</UnitOfMeasure>
      <bIsWeighted>0</bIsWeighted>
      <QtyInPackage>לא ידוע</QtyInPackage>
      <ItemPrice>16.90</ItemPrice>
      <UnitOfMeasurePrice>0.0845</UnitOfMeasurePrice>
      <AllowDiscount>1</AllowDiscount>
      <ItemStatus>1</ItemStatus>
      <ItemId>240591</ItemId>
    </Item>
    <Item>
      <PriceUpdateDate>2024-12-31 12:15:00</PriceUpdateDate>
      <ItemCode>7290019153696</ItemCode>
      <ItemType>1</ItemType>
      <ItemName>שוופס סודה לימון 1 ל</ItemName>
      <ManufacturerName>לא ידוע</ManufacturerName>
      <ManufactureCountry>לא ידוע</ManufactureCountry>
      <ManufacturerItemDescription>שוופס סודה לימון 1 ל</ManufacturerItemDescription>
      <UnitQty>לא ידוע</UnitQty>
      <Quantity>1000.00</Quantity>
      <UnitOfMeasure>לא ידוע</UnitOfMeasure>
      <bIsWeighted>0</bIsWeighted>
      <QtyInPackage>לא ידוע</QtyInPackage>
      <ItemPrice>4.90</ItemPrice>
      <UnitOfMeasurePrice>0.0049</UnitOfMeasurePrice>
      <AllowDiscount>1</AllowDiscount>
      <ItemStatus>1</ItemStatus>
      <ItemId>240687</ItemId>
    </Item>
    <Item>
      <PriceUpdateDate>2025-08-26 11:44:34</PriceUpdateDate>
      <ItemCode>7290110577599</ItemCode>
      <ItemType>1</ItemType>
      <ItemName>פריכיות משולשות תירס</ItemName>
      <ManufacturerName>לא ידוע</ManufacturerName>
      <ManufactureCountry>לא ידוע</ManufactureCountry>
      <ManufacturerItemDescription>פריכיות משולשות תירס</ManufacturerItemDescription>
      <UnitQty>לא ידוע</UnitQty>
      <Quantity>30.00</Quantity>
      <UnitOfMeasure>לא ידוע</UnitOfMeasure>
      <bIsWeighted>0</bIsWeighted>
      <QtyInPackage>לא ידוע</QtyInPackage>
      <ItemPrice>7.50</ItemPrice>
      <UnitOfMeasurePrice>0.2500</UnitOfMeasurePrice>
      <AllowDiscount>1</AllowDiscount>
      <ItemStatus>1</ItemStatus>
      <ItemId>240698</ItemId>
    </Item>
    <Item>
      <PriceUpdateDate>2025-11-02 11:35:51</PriceUpdateDate>
      <ItemCode>7290114608589</ItemCode>
      <ItemType>1</ItemType>
      <ItemName>מאסטר שף רוטב טראיקי</ItemName>
      <ManufacturerName>לא ידוע</ManufacturerName>
      <ManufactureCountry>לא ידוע</ManufactureCountry>
      <ManufacturerItemDescription>מאסטר שף רוטב טראיקי</ManufacturerItemDescription>
      <UnitQty>לא ידוע</UnitQty>
      <Quantity>700.00</Quantity>
      <UnitOfMeasure>לא ידוע</UnitOfMeasure>
      <bIsWeighted>0</bIsWeighted>
      <QtyInPackage>לא ידוע</QtyInPackage>
      <ItemPrice>17.90</ItemPrice>
      <UnitOfMeasurePrice>0.0256</UnitOfMeasurePrice>
      <AllowDiscount>1</AllowDiscount>
      <ItemStatus>1</ItemStatus>
      <ItemId>240758</ItemId>
    </Item>
    <Item>
      <PriceUpdateDate>2025-01-06 12:34:07</PriceUpdateDate>
      <ItemCode>4032900124254</ItemCode>
      <ItemType>1</ItemType>
      <ItemName>וינסטון קומפקט ברי</ItemName>
      <ManufacturerName>לא ידוע</ManufacturerName>
      <ManufactureCountry>לא ידוע</ManufactureCountry>
      <ManufacturerItemDescription>וינסטון קומפקט ברי</ManufacturerItemDescription>
      <UnitQty>יחידה   </UnitQty>
      <Quantity>0.00</Quantity>
      <UnitOfMeasure>יחידה   </UnitOfMeasure>
      <bIsWeighted>0</bIsWeighted>
      <QtyInPackage>לא ידוע</QtyInPackage>
      <ItemPrice>37.00</ItemPrice>
      <UnitOfMeasurePrice>0.0000</UnitOfMeasurePrice>
      <AllowDiscount>0</AllowDiscount>
      <ItemStatus>1</ItemStatus>
      <ItemId>240776</ItemId>
    </Item>
    <Item>
      <PriceUpdateDate>2025-01-06 11:31:25</PriceUpdateDate>
      <ItemCode>7290115190472</ItemCode>
      <ItemType>1</ItemType>
      <ItemName>נקסט פיין אדג</ItemName>
      <ManufacturerName>לא ידוע</ManufacturerName>
      <ManufactureCountry>לא ידוע</ManufactureCountry>
      <ManufacturerItemDescription>נקסט פיין אדג</ManufacturerItemDescription>
      <UnitQty>יחידה   </UnitQty>
      <Quantity>0.00</Quantity>
      <UnitOfMeasure>יחידה   </UnitOfMeasure>
      <bIsWeighted>0</bIsWeighted>
      <QtyInPackage>לא ידוע</QtyInPackage>
      <ItemPrice>36.00</ItemPrice>
      <UnitOfMeasurePrice>0.0000</UnitOfMeasurePrice>
      <AllowDiscount>0</AllowDiscount>
      <ItemStatus>1</ItemStatus>
      <ItemId>240780</ItemId>
    </Item>
    <Item>
      <PriceUpdateDate>2025-01-06 11:31:32</PriceUpdateDate>
      <ItemCode>7290115190533</ItemCode>
      <ItemType>1</ItemType>
      <ItemName>נקסט ריסס ארוך חפיסה</ItemName>
      <ManufacturerName>לא ידוע</ManufacturerName>
      <ManufactureCountry>לא ידוע</ManufactureCountry>
      <ManufacturerItemDescription>נקסט ריסס ארוך חפיסה</ManufacturerItemDescription>
      <UnitQty>יחידה   </UnitQty>
      <Quantity>0.00</Quantity>
      <UnitOfMeasure>יחידה   </UnitOfMeasure>
      <bIsWeighted>0</bIsWeighted>
      <QtyInPackage>לא ידוע</QtyInPackage>
      <ItemPrice>36.00</ItemPrice>
      <UnitOfMeasurePrice>0.0000</UnitOfMeasurePrice>
      <AllowDiscount>0</AllowDiscount>
      <ItemStatus>1</ItemStatus>
      <ItemId>240781</ItemId>
    </Item>
    <Item>
      <PriceUpdateDate>2025-08-21 08:09:46</PriceUpdateDate>
      <ItemCode>7290000311463</ItemCode>
      <ItemType>1</ItemType>
      <ItemName>עוגיות חיטה מלאה חמא</ItemName>
      <ManufacturerName>לא ידוע</ManufacturerName>
      <ManufactureCountry>לא ידוע</ManufactureCountry>
      <ManufacturerItemDescription>עוגיות חיטה מלאה חמא</ManufacturerItemDescription>
      <UnitQty>לא ידוע</UnitQty>
      <Quantity>200.00</Quantity>
      <UnitOfMeasure>לא ידוע</UnitOfMeasure>
      <bIsWeighted>0</bIsWeighted>
      <QtyInPackage>לא ידוע</QtyInPackage>
      <ItemPrice>12.90</ItemPrice>
      <UnitOfMeasurePrice>0.0645</UnitOfMeasurePrice>
      <AllowDiscount>1</AllowDiscount>
      <ItemStatus>1</ItemStatus>
      <ItemId>240784</ItemId>
    </Item>
    <Item>
      <PriceUpdateDate>2025-08-26 11:43:52</PriceUpdateDate>
      <ItemCode>7290110556884</ItemCode>
      <ItemType>1</ItemType>
      <ItemName>מאסט וויט מנטה מתוקה</ItemName>
      <ManufacturerName>לא ידוע</ManufacturerName>
      <ManufactureCountry>לא ידוע</ManufactureCountry>
      <ManufacturerItemDescription>מאסט וויט מנטה מתוקה</ManufacturerItemDescription>
      <UnitQty>לא ידוע</UnitQty>
      <Quantity>66.00</Quantity>
      <UnitOfMeasure>לא ידוע</UnitOfMeasure>
      <bIsWeighted>0</bIsWeighted>
      <QtyInPackage>לא ידוע</QtyInPackage>
      <ItemPrice>11.90</ItemPrice>
      <UnitOfMeasurePrice>0.1803</UnitOfMeasurePrice>
      <AllowDiscount>1</AllowDiscount>
      <ItemStatus>1</ItemStatus>
      <ItemId>254744</ItemId>
    </Item>
    <Item>
      <PriceUpdateDate>2025-09-07 08:01:26</PriceUpdateDate>
      <ItemCode>8033020444525</ItemCode>
      <ItemType>1</ItemType>
      <ItemName>קמח חיטה לבן מנופה פ</ItemName>
      <ManufacturerName>לא ידוע</ManufacturerName>
      <ManufactureCountry>לא ידוע</ManufactureCountry>
      <ManufacturerItemDescription>קמח חיטה לבן מנופה פ</ManufacturerItemDescription>
      <UnitQty>לא ידוע</UnitQty>
      <Quantity>1000.00</Quantity>
      <UnitOfMeasure>לא ידוע</UnitOfMeasure>
      <bIsWeighted>0</bIsWeighted>
      <QtyInPackage>לא ידוע</QtyInPackage>
      <ItemPrice>11.00</ItemPrice>
      <UnitOfMeasurePrice>0.0110</UnitOfMeasurePrice>
      <AllowDiscount>1</AllowDiscount>
      <ItemStatus>1</ItemStatus>
      <ItemId>255031</ItemId>
    </Item>
    <Item>
      <PriceUpdateDate>2025-08-18 11:48:58</PriceUpdateDate>
      <ItemCode>6111251460230</ItemCode>
      <ItemType>1</ItemType>
      <ItemName>קוסקוס מרוקאי קאינה</ItemName>
      <ManufacturerName>לא ידוע</ManufacturerName>
      <ManufactureCountry>לא ידוע</ManufactureCountry>
      <ManufacturerItemDescription>קוסקוס מרוקאי קאינה</ManufacturerItemDescription>
      <UnitQty>לא ידוע</UnitQty>
      <Quantity>1000.00</Quantity>
      <UnitOfMeasure>לא ידוע</UnitOfMeasure>
      <bIsWeighted>0</bIsWeighted>
      <QtyInPackage>לא ידוע</QtyInPackage>
      <ItemPrice>15.50</ItemPrice>
      <UnitOfMeasurePrice>0.0155</UnitOfMeasurePrice>
      <AllowDiscount>1</AllowDiscount>
      <ItemStatus>1</ItemStatus>
      <ItemId>251464</ItemId>
    </Item>
    <Item>
      <PriceUpdateDate>2025-08-27 11:29:52</PriceUpdateDate>
      <ItemCode>7290015172264</ItemCode>
      <ItemType>1</ItemType>
      <ItemName>לחמניות באן מאודות ד</ItemName>
      <ManufacturerName>לא ידוע</ManufacturerName>
      <ManufactureCountry>לא ידוע</ManufactureCountry>
      <ManufacturerItemDescription>לחמניות באן מאודות ד</ManufacturerItemDescription>
      <UnitQty>לא ידוע</UnitQty>
      <Quantity>400.00</Quantity>
      <UnitOfMeasure>לא ידוע</UnitOfMeasure>
      <bIsWeighted>0</bIsWeighted>
      <QtyInPackage>לא ידוע</QtyInPackage>
      <ItemPrice>34.90</ItemPrice>
      <UnitOfMeasurePrice>0.0872</UnitOfMeasurePrice>
      <AllowDiscount>1</AllowDiscount>
      <ItemStatus>1</ItemStatus>
      <ItemId>246226</ItemId>
    </Item>
    <Item>
      <PriceUpdateDate>2025-08-21 08:09:46</PriceUpdateDate>
      <ItemCode>7290000311470</ItemCode>
      <ItemType>1</ItemType>
      <ItemName>מיני ופל בטעם שוקולד</ItemName>
      <ManufacturerName>לא ידוע</ManufacturerName>
      <ManufactureCountry>לא ידוע</ManufactureCountry>
      <ManufacturerItemDescription>מיני ופל בטעם שוקולד</ManufacturerItemDescription>
      <UnitQty>לא ידוע</UnitQty>
      <Quantity>200.00</Quantity>
      <UnitOfMeasure>לא ידוע</UnitOfMeasure>
      <bIsWeighted>0</bIsWeighted>
      <QtyInPackage>לא ידוע</QtyInPackage>
      <ItemPrice>12.90</ItemPrice>
      <UnitOfMeasurePrice>0.0645</UnitOfMeasurePrice>
      <AllowDiscount>1</AllowDiscount>
      <ItemStatus>1</ItemStatus>
      <ItemId>240785</ItemId>
    </Item>
    <Item>
      <PriceUpdateDate>2025-08-21 13:13:21</PriceUpdateDate>
      <ItemCode>7290002129479</ItemCode>
      <ItemType>1</ItemType>
      <ItemName>פיצה איטלקית דקה שלו</ItemName>
      <ManufacturerName>לא ידוע</ManufacturerName>
      <ManufactureCountry>לא ידוע</ManufactureCountry>
      <ManufacturerItemDescription>פיצה איטלקית דקה שלו</ManufacturerItemDescription>
      <UnitQty>לא ידוע</UnitQty>
      <Quantity>320.00</Quantity>
      <UnitOfMeasure>לא ידוע</UnitOfMeasure>
      <bIsWeighted>0</bIsWeighted>
      <QtyInPackage>לא ידוע</QtyInPackage>
      <ItemPrice>17.90</ItemPrice>
      <UnitOfMeasurePrice>0.0559</UnitOfMeasurePrice>
      <AllowDiscount>1</AllowDiscount>
      <ItemStatus>1</ItemStatus>
      <ItemId>240821</ItemId>
    </Item>
    <Item>
      <PriceUpdateDate>2025-08-21 13:13:27</PriceUpdateDate>
      <ItemCode>7290002507451</ItemCode>
      <ItemType>1</ItemType>
      <ItemName>קציצות סלומון לבישול</ItemName>
      <ManufacturerName>לא ידוע</ManufacturerName>
      <ManufactureCountry>לא ידוע</ManufactureCountry>
      <ManufacturerItemDescription>קציצות סלומון לבישול</ManufacturerItemDescription>
      <UnitQty>לא ידוע</UnitQty>
      <Quantity>750.00</Quantity>
      <UnitOfMeasure>לא ידוע</UnitOfMeasure>
      <bIsWeighted>0</bIsWeighted>
      <QtyInPackage>לא ידוע</QtyInPackage>
      <ItemPrice>30.90</ItemPrice>
      <UnitOfMeasurePrice>0.0412</UnitOfMeasurePrice>
      <AllowDiscount>1</AllowDiscount>
      <ItemStatus>1</ItemStatus>
      <ItemId>240843</ItemId>
    </Item>
    <Item>
      <PriceUpdateDate>2025-09-07 08:02:53</PriceUpdateDate>
      <ItemCode>7622201139278</ItemCode>
      <ItemType>1</ItemType>
      <ItemName>פילדלפיה גבינת שמנת</ItemName>
      <ManufacturerName>לא ידוע</ManufacturerName>
      <ManufactureCountry>לא ידוע</ManufactureCountry>
      <ManufacturerItemDescription>פילדלפיה גבינת שמנת</ManufacturerItemDescription>
      <UnitQty>לא ידוע</UnitQty>
      <Quantity>150.00</Quantity>
      <UnitOfMeasure>לא ידוע</UnitOfMeasure>
      <bIsWeighted>0</bIsWeighted>
      <QtyInPackage>לא ידוע</QtyInPackage>
      <ItemPrice>16.90</ItemPrice>
      <UnitOfMeasurePrice>0.1127</UnitOfMeasurePrice>
      <AllowDiscount>1</AllowDiscount>
      <ItemStatus>1</ItemStatus>
      <ItemId>240852</ItemId>
    </Item>
    <Item>
      <PriceUpdateDate>2025-08-21 13:13:58</PriceUpdateDate>
      <ItemCode>7290010154678</ItemCode>
      <ItemType>1</ItemType>
      <ItemName>אריסה מרוקאית 250 גר</ItemName>
      <ManufacturerName>לא ידוע</ManufacturerName>
      <ManufactureCountry>לא ידוע</ManufactureCountry>
      <ManufacturerItemDescription>אריסה מרוקאית 250 גר</ManufacturerItemDescription>
      <UnitQty>לא ידוע</UnitQty>
      <Quantity>250.00</Quantity>
      <UnitOfMeasure>לא ידוע</UnitOfMeasure>
      <bIsWeighted>0</bIsWeighted>
      <QtyInPackage>לא ידוע</QtyInPackage>
      <ItemPrice>17.90</ItemPrice>
      <UnitOfMeasurePrice>0.0716</UnitOfMeasurePrice>
      <AllowDiscount>1</AllowDiscount>
      <ItemStatus>1</ItemStatus>
      <ItemId>240866</ItemId>
    </Item>
    <Item>
      <PriceUpdateDate>2025-08-21 13:13:58</PriceUpdateDate>
      <ItemCode>7290010154685</ItemCode>
      <ItemType>1</ItemType>
      <ItemName>סלט שום כתוש 250 גרם</ItemName>
      <ManufacturerName>לא ידוע</ManufacturerName>
      <ManufactureCountry>לא ידוע</ManufactureCountry>
      <ManufacturerItemDescription>סלט שום כתוש 250 גרם</ManufacturerItemDescription>
      <UnitQty>לא ידוע</UnitQty>
      <Quantity>250.00</Quantity>
      <UnitOfMeasure>לא ידוע</UnitOfMeasure>
      <bIsWeighted>0</bIsWeighted>
      <QtyInPackage>לא ידוע</QtyInPackage>
      <ItemPrice>17.90</ItemPrice>
      <UnitOfMeasurePrice>0.0716</UnitOfMeasurePrice>
      <AllowDiscount>1</AllowDiscount>
      <ItemStatus>1</ItemStatus>
      <ItemId>240867</ItemId>
    </Item>
    <Item>
      <PriceUpdateDate>2025-08-21 13:13:22</PriceUpdateDate>
      <ItemCode>7290002157953</ItemCode>
      <ItemType>1</ItemType>
      <ItemName>טונה ויליגר קנולה  4</ItemName>
      <ManufacturerName>לא ידוע</ManufacturerName>
      <ManufactureCountry>לא ידוע</ManufactureCountry>
      <ManufacturerItemDescription>טונה ויליגר קנולה  4</ManufacturerItemDescription>
      <UnitQty>לא ידוע</UnitQty>
      <Quantity>560.00</Quantity>
      <UnitOfMeasure>לא ידוע</UnitOfMeasure>
      <bIsWeighted>0</bIsWeighted>
      <QtyInPackage>לא ידוע</QtyInPackage>
      <ItemPrice>23.90</ItemPrice>
      <UnitOfMeasurePrice>0.0427</UnitOfMeasurePrice>
      <AllowDiscount>1</AllowDiscount>
      <ItemStatus>1</ItemStatus>
      <ItemId>240875</ItemId>
    </Item>
    <Item>
      <PriceUpdateDate>2025-06-26 07:30:48</PriceUpdateDate>
      <ItemCode>7290017065977</ItemCode>
      <ItemType>1</ItemType>
      <ItemName>גד פרוסות צ'דר 150 ג</ItemName>
      <ManufacturerName>לא ידוע</ManufacturerName>
      <ManufactureCountry>לא ידוע</ManufactureCountry>
      <ManufacturerItemDescription>גד פרוסות צ'דר 150 ג</ManufacturerItemDescription>
      <UnitQty>לא ידוע</UnitQty>
      <Quantity>150.00</Quantity>
      <UnitOfMeasure>לא ידוע</UnitOfMeasure>
      <bIsWeighted>0</bIsWeighted>
      <QtyInPackage>לא ידוע</QtyInPackage>
      <ItemPrice>24.90</ItemPrice>
      <UnitOfMeasurePrice>0.1660</UnitOfMeasurePrice>
      <AllowDiscount>1</AllowDiscount>
      <ItemStatus>1</ItemStatus>
      <ItemId>240882</ItemId>
    </Item>
    <Item>
      <PriceUpdateDate>2025-08-28 10:18:35</PriceUpdateDate>
      <ItemCode>7290117261088</ItemCode>
      <ItemType>1</ItemType>
      <ItemName>בוראטה גבינת מוצרלה</ItemName>
      <ManufacturerName>לא ידוע</ManufacturerName>
      <ManufactureCountry>לא ידוע</ManufactureCountry>
      <ManufacturerItemDescription>בוראטה גבינת מוצרלה</ManufacturerItemDescription>
      <UnitQty>לא ידוע</UnitQty>
      <Quantity>125.00</Quantity>
      <UnitOfMeasure>לא ידוע</UnitOfMeasure>
      <bIsWeighted>0</bIsWeighted>
      <QtyInPackage>לא ידוע</QtyInPackage>
      <ItemPrice>22.90</ItemPrice>
      <UnitOfMeasurePrice>0.1832</UnitOfMeasurePrice>
      <AllowDiscount>1</AllowDiscount>
      <ItemStatus>1</ItemStatus>
      <ItemId>240890</ItemId>
    </Item>
    <Item>
      <PriceUpdateDate>2025-05-07 12:46:35</PriceUpdateDate>
      <ItemCode>7290108509755</ItemCode>
      <ItemType>1</ItemType>
      <ItemName>גבינת חלומי 250 גרם</ItemName>
      <ManufacturerName>לא ידוע</ManufacturerName>
      <ManufactureCountry>לא ידוע</ManufactureCountry>
      <ManufacturerItemDescription>גבינת חלומי 250 גרם</ManufacturerItemDescription>
      <UnitQty>לא ידוע</UnitQty>
      <Quantity>250.00</Quantity>
      <UnitOfMeasure>לא ידוע</UnitOfMeasure>
      <bIsWeighted>0</bIsWeighted>
      <QtyInPackage>לא ידוע</QtyInPackage>
      <ItemPrice>24.90</ItemPrice>
      <UnitOfMeasurePrice>0.0996</UnitOfMeasurePrice>
      <AllowDiscount>1</AllowDiscount>
      <ItemStatus>1</ItemStatus>
      <ItemId>240891</ItemId>
    </Item>
    <Item>
      <PriceUpdateDate>2025-12-05 11:34:30</PriceUpdateDate>
      <ItemCode>7290112197955</ItemCode>
      <ItemType>1</ItemType>
      <ItemName>טרו סירופ בטעם מייפל</ItemName>
      <ManufacturerName>לא ידוע</ManufacturerName>
      <ManufactureCountry>לא ידוע</ManufactureCountry>
      <ManufacturerItemDescription>טרו סירופ בטעם מייפל</ManufacturerItemDescription>
      <UnitQty>לא ידוע</UnitQty>
      <Quantity>300.00</Quantity>
      <UnitOfMeasure>לא ידוע</UnitOfMeasure>
      <bIsWeighted>0</bIsWeighted>
      <QtyInPackage>לא ידוע</QtyInPackage>
      <ItemPrice>23.90</ItemPrice>
      <UnitOfMeasurePrice>0.0797</UnitOfMeasurePrice>
      <AllowDiscount>1</AllowDiscount>
      <ItemStatus>1</ItemStatus>
      <ItemId>240909</ItemId>
    </Item>
    <Item>
      <PriceUpdateDate>2025-09-08 07:55:22</PriceUpdateDate>
      <ItemCode>7290112197573</ItemCode>
      <ItemType>1</ItemType>
      <ItemName>טרו ריבת תות 250גר</ItemName>
      <ManufacturerName>לא ידוע</ManufacturerName>
      <ManufactureCountry>לא ידוע</ManufactureCountry>
      <ManufacturerItemDescription>טרו ריבת תות 250גר</ManufacturerItemDescription>
      <UnitQty>לא ידוע</UnitQty>
      <Quantity>250.00</Quantity>
      <UnitOfMeasure>לא ידוע</UnitOfMeasure>
      <bIsWeighted>0</bIsWeighted>
      <QtyInPackage>לא ידוע</QtyInPackage>
      <ItemPrice>19.90</ItemPrice>
      <UnitOfMeasurePrice>0.0796</UnitOfMeasurePrice>
      <AllowDiscount>1</AllowDiscount>
      <ItemStatus>1</ItemStatus>
      <ItemId>240910</ItemId>
    </Item>
    <Item>
      <PriceUpdateDate>2025-09-08 07:55:22</PriceUpdateDate>
      <ItemCode>7290112197580</ItemCode>
      <ItemType>1</ItemType>
      <ItemName>טרו ריבת משמש 250גר</ItemName>
      <ManufacturerName>לא ידוע</ManufacturerName>
      <ManufactureCountry>לא ידוע</ManufactureCountry>
      <ManufacturerItemDescription>טרו ריבת משמש 250גר</ManufacturerItemDescription>
      <UnitQty>לא ידוע</UnitQty>
      <Quantity>250.00</Quantity>
      <UnitOfMeasure>לא ידוע</UnitOfMeasure>
      <bIsWeighted>0</bIsWeighted>
      <QtyInPackage>לא ידוע</QtyInPackage>
      <ItemPrice>19.90</ItemPrice>
      <UnitOfMeasurePrice>0.0796</UnitOfMeasurePrice>
      <AllowDiscount>1</AllowDiscount>
      <ItemStatus>1</ItemStatus>
      <ItemId>240912</ItemId>
    </Item>
    <Item>
      <PriceUpdateDate>2025-09-08 07:55:21</PriceUpdateDate>
      <ItemCode>7290112197443</ItemCode>
      <ItemType>1</ItemType>
      <ItemName>טרו שוקולד חלב 100 ג</ItemName>
      <ManufacturerName>לא ידוע</ManufacturerName>
      <ManufactureCountry>לא ידוע</ManufactureCountry>
      <ManufacturerItemDescription>טרו שוקולד חלב 100 ג</ManufacturerItemDescription>
      <UnitQty>יחידה   </UnitQty>
      <Quantity>0.00</Quantity>
      <UnitOfMeasure>יחידה   </UnitOfMeasure>
      <bIsWeighted>0</bIsWeighted>
      <QtyInPackage>לא ידוע</QtyInPackage>
      <ItemPrice>18.90</ItemPrice>
      <UnitOfMeasurePrice>0.0000</UnitOfMeasurePrice>
      <AllowDiscount>1</AllowDiscount>
      <ItemStatus>1</ItemStatus>
      <ItemId>240914</ItemId>
    </Item>
    <Item>
      <PriceUpdateDate>2025-09-08 07:55:22</PriceUpdateDate>
      <ItemCode>7290112197467</ItemCode>
      <ItemType>1</ItemType>
      <ItemName>טרו שוקולד מריר 100</ItemName>
      <ManufacturerName>לא ידוע</ManufacturerName>
      <ManufactureCountry>לא ידוע</ManufactureCountry>
      <ManufacturerItemDescription>טרו שוקולד מריר 100</ManufacturerItemDescription>
      <UnitQty>יחידה   </UnitQty>
      <Quantity>0.00</Quantity>
      <UnitOfMeasure>יחידה   </UnitOfMeasure>
      <bIsWeighted>0</bIsWeighted>
      <QtyInPackage>לא ידוע</QtyInPackage>
      <ItemPrice>18.90</ItemPrice>
      <UnitOfMeasurePrice>0.0000</UnitOfMeasurePrice>
      <AllowDiscount>1</AllowDiscount>
      <ItemStatus>1</ItemStatus>
      <ItemId>240916</ItemId>
    </Item>
    <Item>
      <PriceUpdateDate>2025-09-08 07:55:22</PriceUpdateDate>
      <ItemCode>7290112197474</ItemCode>
      <ItemType>1</ItemType>
      <ItemName>טרו שוקולד מריר+אגוז</ItemName>
      <ManufacturerName>לא ידוע</ManufacturerName>
      <ManufactureCountry>לא ידוע</ManufactureCountry>
      <ManufacturerItemDescription>טרו שוקולד מריר+אגוז</ManufacturerItemDescription>
      <UnitQty>יחידה   </UnitQty>
      <Quantity>0.00</Quantity>
      <UnitOfMeasure>יחידה   </UnitOfMeasure>
      <bIsWeighted>0</bIsWeighted>
      <QtyInPackage>לא ידוע</QtyInPackage>
      <ItemPrice>18.90</ItemPrice>
      <UnitOfMeasurePrice>0.0000</UnitOfMeasurePrice>
      <AllowDiscount>1</AllowDiscount>
      <ItemStatus>1</ItemStatus>
      <ItemId>240917</ItemId>
    </Item>
    <Item>
      <PriceUpdateDate>2025-08-18 11:44:04</PriceUpdateDate>
      <ItemCode>7290002345435</ItemCode>
      <ItemType>1</ItemType>
      <ItemName>פילה מרלוזה ארגנטינא</ItemName>
      <ManufacturerName>לא ידוע</ManufacturerName>
      <ManufactureCountry>לא ידוע</ManufactureCountry>
      <ManufacturerItemDescription>פילה מרלוזה ארגנטינא</ManufacturerItemDescription>
      <UnitQty>קילוגרמים</UnitQty>
      <Quantity>1.00</Quantity>
      <UnitOfMeasure>ק"ג</UnitOfMeasure>
      <bIsWeighted>1</bIsWeighted>
      <QtyInPackage>לא ידוע</QtyInPackage>
      <ItemPrice>44.90</ItemPrice>
      <UnitOfMeasurePrice>44.9000</UnitOfMeasurePrice>
      <AllowDiscount>1</AllowDiscount>
      <ItemStatus>1</ItemStatus>
      <ItemId>240931</ItemId>
    </Item>
    <Item>
      <PriceUpdateDate>2025-09-08 07:55:23</PriceUpdateDate>
      <ItemCode>7290112197597</ItemCode>
      <ItemType>1</ItemType>
      <ItemName>טרו ריבת פירות יער 2</ItemName>
      <ManufacturerName>לא ידוע</ManufacturerName>
      <ManufactureCountry>לא ידוע</ManufactureCountry>
      <ManufacturerItemDescription>טרו ריבת פירות יער 2</ManufacturerItemDescription>
      <UnitQty>לא ידוע</UnitQty>
      <Quantity>250.00</Quantity>
      <UnitOfMeasure>לא ידוע</UnitOfMeasure>
      <bIsWeighted>0</bIsWeighted>
      <QtyInPackage>לא ידוע</QtyInPackage>
      <ItemPrice>19.90</ItemPrice>
      <UnitOfMeasurePrice>0.0796</UnitOfMeasurePrice>
      <AllowDiscount>1</AllowDiscount>
      <ItemStatus>1</ItemStatus>
      <ItemId>240946</ItemId>
    </Item>
    <Item>
      <PriceUpdateDate>2025-09-03 07:34:30</PriceUpdateDate>
      <ItemCode>7290019153702</ItemCode>
      <ItemType>1</ItemType>
      <ItemName>ספרינג לימונענע 1.5ל</ItemName>
      <ManufacturerName>קריות זול</ManufacturerName>
      <ManufactureCountry>לא ידוע</ManufactureCountry>
      <ManufacturerItemDescription>ספרינג לימונענע 1.5ל</ManufacturerItemDescription>
      <UnitQty>לא ידוע</UnitQty>
      <Quantity>1500.00</Quantity>
      <UnitOfMeasure>לא ידוע</UnitOfMeasure>
      <bIsWeighted>0</bIsWeighted>
      <QtyInPackage>לא ידוע</QtyInPackage>
      <ItemPrice>9.50</ItemPrice>
      <UnitOfMeasurePrice>0.0063</UnitOfMeasurePrice>
      <AllowDiscount>1</AllowDiscount>
      <ItemStatus>1</ItemStatus>
      <ItemId>240953</ItemId>
    </Item>
    <Item>
      <PriceUpdateDate>2025-09-04 08:45:19</PriceUpdateDate>
      <ItemCode>5014271004228</ItemCode>
      <ItemType>1</ItemType>
      <ItemName>מעדן פרי דובדבן ואסר</ItemName>
      <ManufacturerName>לא ידוע</ManufacturerName>
      <ManufactureCountry>לא ידוע</ManufactureCountry>
      <ManufacturerItemDescription>מעדן פרי דובדבן ואסר</ManufacturerItemDescription>
      <UnitQty>לא ידוע</UnitQty>
      <Quantity>170.00</Quantity>
      <UnitOfMeasure>לא ידוע</UnitOfMeasure>
      <bIsWeighted>0</bIsWeighted>
      <QtyInPackage>לא ידוע</QtyInPackage>
      <ItemPrice>9.50</ItemPrice>
      <UnitOfMeasurePrice>0.0559</UnitOfMeasurePrice>
      <AllowDiscount>1</AllowDiscount>
      <ItemStatus>1</ItemStatus>
      <ItemId>240955</ItemId>
    </Item>
    <Item>
      <PriceUpdateDate>2025-09-04 08:45:19</PriceUpdateDate>
      <ItemCode>5014271003986</ItemCode>
      <ItemType>1</ItemType>
      <ItemName>מעדן פרי משמש עם זרע</ItemName>
      <ManufacturerName>לא ידוע</ManufacturerName>
      <ManufactureCountry>לא ידוע</ManufactureCountry>
      <ManufacturerItemDescription>מעדן פרי משמש עם זרע</ManufacturerItemDescription>
      <UnitQty>לא ידוע</UnitQty>
      <Quantity>170.00</Quantity>
      <UnitOfMeasure>לא ידוע</UnitOfMeasure>
      <bIsWeighted>0</bIsWeighted>
      <QtyInPackage>לא ידוע</QtyInPackage>
      <ItemPrice>9.50</ItemPrice>
      <UnitOfMeasurePrice>0.0559</UnitOfMeasurePrice>
      <AllowDiscount>1</AllowDiscount>
      <ItemStatus>1</ItemStatus>
      <ItemId>240956</ItemId>
    </Item>
    <Item>
      <PriceUpdateDate>2025-09-07 08:06:26</PriceUpdateDate>
      <ItemCode>8006837000918</ItemCode>
      <ItemType>1</ItemType>
      <ItemName>לחם עם שמן חמניות ומ</ItemName>
      <ManufacturerName>לא ידוע</ManufacturerName>
      <ManufactureCountry>לא ידוע</ManufactureCountry>
      <ManufacturerItemDescription>לחם עם שמן חמניות ומ</ManufacturerItemDescription>
      <UnitQty>לא ידוע</UnitQty>
      <Quantity>550.00</Quantity>
      <UnitOfMeasure>לא ידוע</UnitOfMeasure>
      <bIsWeighted>0</bIsWeighted>
      <QtyInPackage>לא ידוע</QtyInPackage>
      <ItemPrice>17.90</ItemPrice>
      <UnitOfMeasurePrice>0.0325</UnitOfMeasurePrice>
      <AllowDiscount>1</AllowDiscount>
      <ItemStatus>1</ItemStatus>
      <ItemId>240963</ItemId>
    </Item>
    <Item>
      <PriceUpdateDate>2025-09-07 11:04:26</PriceUpdateDate>
      <ItemCode>9002975393843</ItemCode>
      <ItemType>1</ItemType>
      <ItemName>סוכריות גומי הריבו ג</ItemName>
      <ManufacturerName>לא ידוע</ManufacturerName>
      <ManufactureCountry>לא ידוע</ManufactureCountry>
      <ManufacturerItemDescription>סוכריות גומי הריבו ג</ManufacturerItemDescription>
      <UnitQty>לא ידוע</UnitQty>
      <Quantity>70.00</Quantity>
      <UnitOfMeasure>לא ידוע</UnitOfMeasure>
      <bIsWeighted>0</bIsWeighted>
      <QtyInPackage>לא ידוע</QtyInPackage>
      <ItemPrice>10.50</ItemPrice>
      <UnitOfMeasurePrice>0.1500</UnitOfMeasurePrice>
      <AllowDiscount>1</AllowDiscount>
      <ItemStatus>1</ItemStatus>
      <ItemId>240974</ItemId>
    </Item>
    <Item>
      <PriceUpdateDate>2025-09-02 11:48:03</PriceUpdateDate>
      <ItemCode>9002975393850</ItemCode>
      <ItemType>1</ItemType>
      <ItemName>סוכריות גומי הריבו ו</ItemName>
      <ManufacturerName>לא ידוע</ManufacturerName>
      <ManufactureCountry>לא ידוע</ManufactureCountry>
      <ManufacturerItemDescription>סוכריות גומי הריבו ו</ManufacturerItemDescription>
      <UnitQty>לא ידוע</UnitQty>
      <Quantity>70.00</Quantity>
      <UnitOfMeasure>לא ידוע</UnitOfMeasure>
      <bIsWeighted>0</bIsWeighted>
      <QtyInPackage>לא ידוע</QtyInPackage>
      <ItemPrice>10.50</ItemPrice>
      <UnitOfMeasurePrice>0.1500</UnitOfMeasurePrice>
      <AllowDiscount>1</AllowDiscount>
      <ItemStatus>1</ItemStatus>
      <ItemId>240977</ItemId>
    </Item>
    <Item>
      <PriceUpdateDate>2025-09-07 08:02:07</PriceUpdateDate>
      <ItemCode>7290019075165</ItemCode>
      <ItemType>1</ItemType>
      <ItemName>קידס אל סבון ושמפו ו</ItemName>
      <ManufacturerName>לא ידוע</ManufacturerName>
      <ManufactureCountry>לא ידוע</ManufactureCountry>
      <ManufacturerItemDescription>קידס אל סבון ושמפו ו</ManufacturerItemDescription>
      <UnitQty>לא ידוע</UnitQty>
      <Quantity>750.00</Quantity>
      <UnitOfMeasure>לא ידוע</UnitOfMeasure>
      <bIsWeighted>0</bIsWeighted>
      <QtyInPackage>לא ידוע</QtyInPackage>
      <ItemPrice>18.90</ItemPrice>
      <UnitOfMeasurePrice>0.0252</UnitOfMeasurePrice>
      <AllowDiscount>1</AllowDiscount>
      <ItemStatus>1</ItemStatus>
      <ItemId>241007</ItemId>
    </Item>
    <Item>
      <PriceUpdateDate>2025-08-26 11:44:37</PriceUpdateDate>
      <ItemCode>7290110577872</ItemCode>
      <ItemType>1</ItemType>
      <ItemName>קונפיטורת תות לייט י</ItemName>
      <ManufacturerName>לא ידוע</ManufacturerName>
      <ManufactureCountry>לא ידוע</ManufactureCountry>
      <ManufacturerItemDescription>קונפיטורת תות לייט י</ManufacturerItemDescription>
      <UnitQty>לא ידוע</UnitQty>
      <Quantity>310.00</Quantity>
      <UnitOfMeasure>לא ידוע</UnitOfMeasure>
      <bIsWeighted>0</bIsWeighted>
      <QtyInPackage>לא ידוע</QtyInPackage>
      <ItemPrice>21.90</ItemPrice>
      <UnitOfMeasurePrice>0.0706</UnitOfMeasurePrice>
      <AllowDiscount>1</AllowDiscount>
      <ItemStatus>1</ItemStatus>
      <ItemId>241020</ItemId>
    </Item>
    <Item>
      <PriceUpdateDate>2025-08-21 13:11:39</PriceUpdateDate>
      <ItemCode>7290013579522</ItemCode>
      <ItemType>1</ItemType>
      <ItemName>פילה טונה קפוא ללא ע</ItemName>
      <ManufacturerName>לא ידוע</ManufacturerName>
      <ManufactureCountry>לא ידוע</ManufactureCountry>
      <ManufacturerItemDescription>פילה טונה קפוא ללא ע</ManufacturerItemDescription>
      <UnitQty>לא ידוע</UnitQty>
      <Quantity>800.00</Quantity>
      <UnitOfMeasure>לא ידוע</UnitOfMeasure>
      <bIsWeighted>0</bIsWeighted>
      <QtyInPackage>לא ידוע</QtyInPackage>
      <ItemPrice>55.90</ItemPrice>
      <UnitOfMeasurePrice>0.0699</UnitOfMeasurePrice>
      <AllowDiscount>1</AllowDiscount>
      <ItemStatus>1</ItemStatus>
      <ItemId>241029</ItemId>
    </Item>
    <Item>
      <PriceUpdateDate>2025-09-04 08:01:18</PriceUpdateDate>
      <ItemCode>7290111012150</ItemCode>
      <ItemType>1</ItemType>
      <ItemName>מארז תבניות סן רמו 3</ItemName>
      <ManufacturerName>פריטי המותג של יאיר</ManufacturerName>
      <ManufactureCountry>לא ידוע</ManufactureCountry>
      <ManufacturerItemDescription>מארז תבניות סן רמו 3</ManufacturerItemDescription>
      <UnitQty>לא ידוע</UnitQty>
      <Quantity>3.00</Quantity>
      <UnitOfMeasure>לא ידוע</UnitOfMeasure>
      <bIsWeighted>0</bIsWeighted>
      <QtyInPackage>לא ידוע</QtyInPackage>
      <ItemPrice>12.90</ItemPrice>
      <UnitOfMeasurePrice>4.3000</UnitOfMeasurePrice>
      <AllowDiscount>1</AllowDiscount>
      <ItemStatus>1</ItemStatus>
      <ItemId>241067</ItemId>
    </Item>
    <Item>
      <PriceUpdateDate>2025-09-04 08:01:19</PriceUpdateDate>
      <ItemCode>7290111012198</ItemCode>
      <ItemType>1</ItemType>
      <ItemName>מארז תבניות סן רמו א</ItemName>
      <ManufacturerName>פריטי המותג של יאיר</ManufacturerName>
      <ManufactureCountry>לא ידוע</ManufactureCountry>
      <ManufacturerItemDescription>מארז תבניות סן רמו א</ManufacturerItemDescription>
      <UnitQty>לא ידוע</UnitQty>
      <Quantity>10.00</Quantity>
      <UnitOfMeasure>לא ידוע</UnitOfMeasure>
      <bIsWeighted>0</bIsWeighted>
      <QtyInPackage>לא ידוע</QtyInPackage>
      <ItemPrice>12.90</ItemPrice>
      <UnitOfMeasurePrice>1.2900</UnitOfMeasurePrice>
      <AllowDiscount>1</AllowDiscount>
      <ItemStatus>1</ItemStatus>
      <ItemId>241071</ItemId>
    </Item>
    <Item>
      <PriceUpdateDate>2025-09-04 08:01:19</PriceUpdateDate>
      <ItemCode>7290111012211</ItemCode>
      <ItemType>1</ItemType>
      <ItemName>מארז רוסטר גדול סן ר</ItemName>
      <ManufacturerName>פריטי המותג של יאיר</ManufacturerName>
      <ManufactureCountry>לא ידוע</ManufactureCountry>
      <ManufacturerItemDescription>מארז רוסטר גדול סן ר</ManufacturerItemDescription>
      <UnitQty>לא ידוע</UnitQty>
      <Quantity>2.00</Quantity>
      <UnitOfMeasure>לא ידוע</UnitOfMeasure>
      <bIsWeighted>0</bIsWeighted>
      <QtyInPackage>לא ידוע</QtyInPackage>
      <ItemPrice>12.90</ItemPrice>
      <UnitOfMeasurePrice>6.4500</UnitOfMeasurePrice>
      <AllowDiscount>1</AllowDiscount>
      <ItemStatus>1</ItemStatus>
      <ItemId>241073</ItemId>
    </Item>
    <Item>
      <PriceUpdateDate>2025-09-04 08:01:20</PriceUpdateDate>
      <ItemCode>7290111012242</ItemCode>
      <ItemType>1</ItemType>
      <ItemName>מארז תבנית מחוזקות ס</ItemName>
      <ManufacturerName>פריטי המותג של יאיר</ManufacturerName>
      <ManufactureCountry>לא ידוע</ManufactureCountry>
      <ManufacturerItemDescription>מארז תבנית מחוזקות ס</ManufacturerItemDescription>
      <UnitQty>לא ידוע</UnitQty>
      <Quantity>4.00</Quantity>
      <UnitOfMeasure>לא ידוע</UnitOfMeasure>
      <bIsWeighted>0</bIsWeighted>
      <QtyInPackage>לא ידוע</QtyInPackage>
      <ItemPrice>12.90</ItemPrice>
      <UnitOfMeasurePrice>3.2250</UnitOfMeasurePrice>
      <AllowDiscount>1</AllowDiscount>
      <ItemStatus>1</ItemStatus>
      <ItemId>241076</ItemId>
    </Item>
    <Item>
      <PriceUpdateDate>2023-01-23 19:18:19</PriceUpdateDate>
      <ItemCode>4008496884896</ItemCode>
      <ItemType>1</ItemType>
      <ItemName>סוללת וורטה מארז 10</ItemName>
      <ManufacturerName>לא ידוע</ManufacturerName>
      <ManufactureCountry>לא ידוע</ManufactureCountry>
      <ManufacturerItemDescription>סוללת וורטה מארז 10</ManufacturerItemDescription>
      <UnitQty>יחידה   </UnitQty>
      <Quantity>0.00</Quantity>
      <UnitOfMeasure>יחידה   </UnitOfMeasure>
      <bIsWeighted>0</bIsWeighted>
      <QtyInPackage>לא ידוע</QtyInPackage>
      <ItemPrice>19.90</ItemPrice>
      <UnitOfMeasurePrice>0.0000</UnitOfMeasurePrice>
      <AllowDiscount>1</AllowDiscount>
      <ItemStatus>1</ItemStatus>
      <ItemId>241094</ItemId>
    </Item>
    <Item>
      <PriceUpdateDate>2025-04-27 15:05:19</PriceUpdateDate>
      <ItemCode>7290119777648</ItemCode>
      <ItemType>1</ItemType>
      <ItemName>תפוזינה תה ירוק ולימ</ItemName>
      <ManufacturerName>קריות זול</ManufacturerName>
      <ManufactureCountry>לא ידוע</ManufactureCountry>
      <ManufacturerItemDescription>תפוזינה תה ירוק ולימ</ManufacturerItemDescription>
      <UnitQty>לא ידוע</UnitQty>
      <Quantity>1500.00</Quantity>
      <UnitOfMeasure>לא ידוע</UnitOfMeasure>
      <bIsWeighted>0</bIsWeighted>
      <QtyInPackage>לא ידוע</QtyInPackage>
      <ItemPrice>8.50</ItemPrice>
      <UnitOfMeasurePrice>0.0057</UnitOfMeasurePrice>
      <AllowDiscount>1</AllowDiscount>
      <ItemStatus>1</ItemStatus>
      <ItemId>254241</ItemId>
    </Item>
    <Item>
      <PriceUpdateDate>2025-08-20 09:03:23</PriceUpdateDate>
      <ItemCode>5000159023283</ItemCode>
      <ItemType>1</ItemType>
      <ItemName>שקית מ&amp;מ חום 250גרם</ItemName>
      <ManufacturerName>לא ידוע</ManufacturerName>
      <ManufactureCountry>לא ידוע</ManufactureCountry>
      <ManufacturerItemDescription>שקית מ&amp;מ חום 250גרם</ManufacturerItemDescription>
      <UnitQty>לא ידוע</UnitQty>
      <Quantity>250.00</Quantity>
      <UnitOfMeasure>לא ידוע</UnitOfMeasure>
      <bIsWeighted>0</bIsWeighted>
      <QtyInPackage>לא ידוע</QtyInPackage>
      <ItemPrice>28.90</ItemPrice>
      <UnitOfMeasurePrice>0.1156</UnitOfMeasurePrice>
      <AllowDiscount>1</AllowDiscount>
      <ItemStatus>1</ItemStatus>
      <ItemId>251048</ItemId>
    </Item>
    <Item>
      <PriceUpdateDate>2025-08-28 12:41:03</PriceUpdateDate>
      <ItemCode>7290108509908</ItemCode>
      <ItemType>1</ItemType>
      <ItemName>מנת השף אטריות בטעם</ItemName>
      <ManufacturerName>קריות זול</ManufacturerName>
      <ManufactureCountry>לא ידוע</ManufactureCountry>
      <ManufacturerItemDescription>מנת השף אטריות בטעם</ManufacturerItemDescription>
      <UnitQty>לא ידוע</UnitQty>
      <Quantity>85.00</Quantity>
      <UnitOfMeasure>לא ידוע</UnitOfMeasure>
      <bIsWeighted>0</bIsWeighted>
      <QtyInPackage>לא ידוע</QtyInPackage>
      <ItemPrice>5.00</ItemPrice>
      <UnitOfMeasurePrice>0.0588</UnitOfMeasurePrice>
      <AllowDiscount>1</AllowDiscount>
      <ItemStatus>1</ItemStatus>
      <ItemId>241107</ItemId>
    </Item>
    <Item>
      <PriceUpdateDate>2025-08-31 09:58:27</PriceUpdateDate>
      <ItemCode>7290108509915</ItemCode>
      <ItemType>1</ItemType>
      <ItemName>מנת השף אטריות בטעם</ItemName>
      <ManufacturerName>קריות זול</ManufacturerName>
      <ManufactureCountry>לא ידוע</ManufactureCountry>
      <ManufacturerItemDescription>מנת השף אטריות בטעם</ManufacturerItemDescription>
      <UnitQty>לא ידוע</UnitQty>
      <Quantity>85.00</Quantity>
      <UnitOfMeasure>לא ידוע</UnitOfMeasure>
      <bIsWeighted>0</bIsWeighted>
      <QtyInPackage>לא ידוע</QtyInPackage>
      <ItemPrice>5.00</ItemPrice>
      <UnitOfMeasurePrice>0.0588</UnitOfMeasurePrice>
      <AllowDiscount>1</AllowDiscount>
      <ItemStatus>1</ItemStatus>
      <ItemId>241108</ItemId>
    </Item>
    <Item>
      <PriceUpdateDate>2025-08-28 10:18:00</PriceUpdateDate>
      <ItemCode>7290108509922</ItemCode>
      <ItemType>1</ItemType>
      <ItemName>מנת השף אטריות בטעם</ItemName>
      <ManufacturerName>קריות זול</ManufacturerName>
      <ManufactureCountry>לא ידוע</ManufactureCountry>
      <ManufacturerItemDescription>מנת השף אטריות בטעם</ManufacturerItemDescription>
      <UnitQty>לא ידוע</UnitQty>
      <Quantity>85.00</Quantity>
      <UnitOfMeasure>לא ידוע</UnitOfMeasure>
      <bIsWeighted>0</bIsWeighted>
      <QtyInPackage>לא ידוע</QtyInPackage>
      <ItemPrice>5.00</ItemPrice>
      <UnitOfMeasurePrice>0.0588</UnitOfMeasurePrice>
      <AllowDiscount>1</AllowDiscount>
      <ItemStatus>1</ItemStatus>
      <ItemId>241109</ItemId>
    </Item>
    <Item>
      <PriceUpdateDate>2023-01-26 13:51:50</PriceUpdateDate>
      <ItemCode>4008496927364</ItemCode>
      <ItemType>1</ItemType>
      <ItemName>סוללת ורטא עשירייה A</ItemName>
      <ManufacturerName>לא ידוע</ManufacturerName>
      <ManufactureCountry>לא ידוע</ManufactureCountry>
      <ManufacturerItemDescription>סוללת ורטא עשירייה A</ManufacturerItemDescription>
      <UnitQty>יחידה   </UnitQty>
      <Quantity>0.00</Quantity>
      <UnitOfMeasure>יחידה   </UnitOfMeasure>
      <bIsWeighted>0</bIsWeighted>
      <QtyInPackage>לא ידוע</QtyInPackage>
      <ItemPrice>19.90</ItemPrice>
      <UnitOfMeasurePrice>0.0000</UnitOfMeasurePrice>
      <AllowDiscount>1</AllowDiscount>
      <ItemStatus>1</ItemStatus>
      <ItemId>241136</ItemId>
    </Item>
    <Item>
      <PriceUpdateDate>2025-08-31 10:12:30</PriceUpdateDate>
      <ItemCode>7290110577261</ItemCode>
      <ItemType>1</ItemType>
      <ItemName>משקה יטבתה פרו שוקלד</ItemName>
      <ManufacturerName>לא ידוע</ManufacturerName>
      <ManufactureCountry>לא ידוע</ManufactureCountry>
      <ManufacturerItemDescription>משקה יטבתה פרו שוקלד</ManufacturerItemDescription>
      <UnitQty>לא ידוע</UnitQty>
      <Quantity>350.00</Quantity>
      <UnitOfMeasure>לא ידוע</UnitOfMeasure>
      <bIsWeighted>0</bIsWeighted>
      <QtyInPackage>לא ידוע</QtyInPackage>
      <ItemPrice>8.90</ItemPrice>
      <UnitOfMeasurePrice>0.0254</UnitOfMeasurePrice>
      <AllowDiscount>1</AllowDiscount>
      <ItemStatus>1</ItemStatus>
      <ItemId>241185</ItemId>
    </Item>
    <Item>
      <PriceUpdateDate>2025-09-03 13:37:38</PriceUpdateDate>
      <ItemCode>8410376059380</ItemCode>
      <ItemType>1</ItemType>
      <ItemName>וופל וניל גולון ללא</ItemName>
      <ManufacturerName>לא ידוע</ManufacturerName>
      <ManufactureCountry>לא ידוע</ManufactureCountry>
      <ManufacturerItemDescription>וופל וניל גולון ללא</ManufacturerItemDescription>
      <UnitQty>לא ידוע</UnitQty>
      <Quantity>180.00</Quantity>
      <UnitOfMeasure>לא ידוע</UnitOfMeasure>
      <bIsWeighted>0</bIsWeighted>
      <QtyInPackage>לא ידוע</QtyInPackage>
      <ItemPrice>16.90</ItemPrice>
      <UnitOfMeasurePrice>0.0939</UnitOfMeasurePrice>
      <AllowDiscount>1</AllowDiscount>
      <ItemStatus>1</ItemStatus>
      <ItemId>241197</ItemId>
    </Item>
    <Item>
      <PriceUpdateDate>2025-08-19 08:34:38</PriceUpdateDate>
      <ItemCode>5941021005023</ItemCode>
      <ItemType>1</ItemType>
      <ItemName>בונ' היידי בוקה אגוז</ItemName>
      <ManufacturerName>לא ידוע</ManufacturerName>
      <ManufactureCountry>לא ידוע</ManufactureCountry>
      <ManufacturerItemDescription>בונ' היידי בוקה אגוז</ManufacturerItemDescription>
      <UnitQty>לא ידוע</UnitQty>
      <Quantity>120.00</Quantity>
      <UnitOfMeasure>לא ידוע</UnitOfMeasure>
      <bIsWeighted>0</bIsWeighted>
      <QtyInPackage>לא ידוע</QtyInPackage>
      <ItemPrice>20.50</ItemPrice>
      <UnitOfMeasurePrice>0.1708</UnitOfMeasurePrice>
      <AllowDiscount>1</AllowDiscount>
      <ItemStatus>1</ItemStatus>
      <ItemId>241195</ItemId>
    </Item>
    <Item>
      <PriceUpdateDate>2025-09-03 13:37:38</PriceUpdateDate>
      <ItemCode>8410376059397</ItemCode>
      <ItemType>1</ItemType>
      <ItemName>וופל שוקולד גולון לל</ItemName>
      <ManufacturerName>לא ידוע</ManufacturerName>
      <ManufactureCountry>לא ידוע</ManufactureCountry>
      <ManufacturerItemDescription>וופל שוקולד גולון לל</ManufacturerItemDescription>
      <UnitQty>לא ידוע</UnitQty>
      <Quantity>180.00</Quantity>
      <UnitOfMeasure>לא ידוע</UnitOfMeasure>
      <bIsWeighted>0</bIsWeighted>
      <QtyInPackage>לא ידוע</QtyInPackage>
      <ItemPrice>16.90</ItemPrice>
      <UnitOfMeasurePrice>0.0939</UnitOfMeasurePrice>
      <AllowDiscount>1</AllowDiscount>
      <ItemStatus>1</ItemStatus>
      <ItemId>241198</ItemId>
    </Item>
    <Item>
      <PriceUpdateDate>2025-09-07 08:06:21</PriceUpdateDate>
      <ItemCode>7290102302253</ItemCode>
      <ItemType>1</ItemType>
      <ItemName>גאודה עיזים 200 גר'</ItemName>
      <ManufacturerName>לא ידוע</ManufacturerName>
      <ManufactureCountry>לא ידוע</ManufactureCountry>
      <ManufacturerItemDescription>גאודה עיזים 200 גר'</ManufacturerItemDescription>
      <UnitQty>לא ידוע</UnitQty>
      <Quantity>200.00</Quantity>
      <UnitOfMeasure>לא ידוע</UnitOfMeasure>
      <bIsWeighted>0</bIsWeighted>
      <QtyInPackage>לא ידוע</QtyInPackage>
      <ItemPrice>41.90</ItemPrice>
      <UnitOfMeasurePrice>0.2095</UnitOfMeasurePrice>
      <AllowDiscount>1</AllowDiscount>
      <ItemStatus>1</ItemStatus>
      <ItemId>241214</ItemId>
    </Item>
    <Item>
      <PriceUpdateDate>2025-09-07 08:06:17</PriceUpdateDate>
      <ItemCode>7290000081878</ItemCode>
      <ItemType>1</ItemType>
      <ItemName>גאודה עיזים במשקל</ItemName>
      <ManufacturerName>לא ידוע</ManufacturerName>
      <ManufactureCountry>ישראל</ManufactureCountry>
      <ManufacturerItemDescription>גאודה עיזים במשקל</ManufacturerItemDescription>
      <UnitQty>קילוגרמים</UnitQty>
      <Quantity>1.00</Quantity>
      <UnitOfMeasure>ק"ג</UnitOfMeasure>
      <bIsWeighted>1</bIsWeighted>
      <QtyInPackage>לא ידוע</QtyInPackage>
      <ItemPrice>196.00</ItemPrice>
      <UnitOfMeasurePrice>196.0000</UnitOfMeasurePrice>
      <AllowDiscount>1</AllowDiscount>
      <ItemStatus>1</ItemStatus>
      <ItemId>241215</ItemId>
    </Item>
    <Item>
      <PriceUpdateDate>2025-09-07 10:41:08</PriceUpdateDate>
      <ItemCode>7290104965777</ItemCode>
      <ItemType>1</ItemType>
      <ItemName>קרליין מרכך 10 קרטין</ItemName>
      <ManufacturerName>לא ידוע</ManufacturerName>
      <ManufactureCountry>לא ידוע</ManufactureCountry>
      <ManufacturerItemDescription>קרליין מרכך 10 קרטין</ManufacturerItemDescription>
      <UnitQty>לא ידוע</UnitQty>
      <Quantity>700.00</Quantity>
      <UnitOfMeasure>לא ידוע</UnitOfMeasure>
      <bIsWeighted>0</bIsWeighted>
      <QtyInPackage>לא ידוע</QtyInPackage>
      <ItemPrice>15.90</ItemPrice>
      <UnitOfMeasurePrice>0.0227</UnitOfMeasurePrice>
      <AllowDiscount>1</AllowDiscount>
      <ItemStatus>1</ItemStatus>
      <ItemId>241226</ItemId>
    </Item>
    <Item>
      <PriceUpdateDate>2025-09-03 11:28:10</PriceUpdateDate>
      <ItemCode>7290116533704</ItemCode>
      <ItemType>1</ItemType>
      <ItemName>דג דג מלוח 250 גרם</ItemName>
      <ManufacturerName>לא ידוע</ManufacturerName>
      <ManufactureCountry>לא ידוע</ManufactureCountry>
      <ManufacturerItemDescription>דג דג מלוח 250 גרם</ManufacturerItemDescription>
      <UnitQty>לא ידוע</UnitQty>
      <Quantity>250.00</Quantity>
      <UnitOfMeasure>לא ידוע</UnitOfMeasure>
      <bIsWeighted>0</bIsWeighted>
      <QtyInPackage>לא ידוע</QtyInPackage>
      <ItemPrice>14.90</ItemPrice>
      <UnitOfMeasurePrice>0.0596</UnitOfMeasurePrice>
      <AllowDiscount>1</AllowDiscount>
      <ItemStatus>1</ItemStatus>
      <ItemId>241255</ItemId>
    </Item>
    <Item>
      <PriceUpdateDate>2025-09-03 11:28:02</PriceUpdateDate>
      <ItemCode>7290116531946</ItemCode>
      <ItemType>1</ItemType>
      <ItemName>אקס דאו.ספריי אפיק פ</ItemName>
      <ManufacturerName>לא ידוע</ManufacturerName>
      <ManufactureCountry>לא ידוע</ManufactureCountry>
      <ManufacturerItemDescription>אקס דאו.ספריי אפיק פ</ManufacturerItemDescription>
      <UnitQty>לא ידוע</UnitQty>
      <Quantity>150.00</Quantity>
      <UnitOfMeasure>לא ידוע</UnitOfMeasure>
      <bIsWeighted>0</bIsWeighted>
      <QtyInPackage>לא ידוע</QtyInPackage>
      <ItemPrice>17.50</ItemPrice>
      <UnitOfMeasurePrice>0.1167</UnitOfMeasurePrice>
      <AllowDiscount>1</AllowDiscount>
      <ItemStatus>1</ItemStatus>
      <ItemId>241256</ItemId>
    </Item>
    <Item>
      <PriceUpdateDate>2025-09-03 07:19:49</PriceUpdateDate>
      <ItemCode>7290019293910</ItemCode>
      <ItemType>1</ItemType>
      <ItemName>מילקה קרמל סטיק 100</ItemName>
      <ManufacturerName>לא ידוע</ManufacturerName>
      <ManufactureCountry>לא ידוע</ManufactureCountry>
      <ManufacturerItemDescription>מילקה קרמל סטיק 100</ManufacturerItemDescription>
      <UnitQty>לא ידוע</UnitQty>
      <Quantity>100.00</Quantity>
      <UnitOfMeasure>לא ידוע</UnitOfMeasure>
      <bIsWeighted>0</bIsWeighted>
      <QtyInPackage>לא ידוע</QtyInPackage>
      <ItemPrice>13.90</ItemPrice>
      <UnitOfMeasurePrice>0.1390</UnitOfMeasurePrice>
      <AllowDiscount>1</AllowDiscount>
      <ItemStatus>1</ItemStatus>
      <ItemId>241303</ItemId>
    </Item>
    <Item>
      <PriceUpdateDate>2025-09-03 07:19:46</PriceUpdateDate>
      <ItemCode>7290019293408</ItemCode>
      <ItemType>1</ItemType>
      <ItemName>מאגדת פסטוק לבן לייט</ItemName>
      <ManufacturerName>לא ידוע</ManufacturerName>
      <ManufactureCountry>לא ידוע</ManufactureCountry>
      <ManufacturerItemDescription>מאגדת פסטוק לבן לייט</ManufacturerItemDescription>
      <UnitQty>לא ידוע</UnitQty>
      <Quantity>215.00</Quantity>
      <UnitOfMeasure>לא ידוע</UnitOfMeasure>
      <bIsWeighted>0</bIsWeighted>
      <QtyInPackage>לא ידוע</QtyInPackage>
      <ItemPrice>30.90</ItemPrice>
      <UnitOfMeasurePrice>0.1437</UnitOfMeasurePrice>
      <AllowDiscount>1</AllowDiscount>
      <ItemStatus>1</ItemStatus>
      <ItemId>241304</ItemId>
    </Item>
    <Item>
      <PriceUpdateDate>2025-09-03 07:19:47</PriceUpdateDate>
      <ItemCode>7290019293415</ItemCode>
      <ItemType>1</ItemType>
      <ItemName>מאגדת מיני מילקה וני</ItemName>
      <ManufacturerName>לא ידוע</ManufacturerName>
      <ManufactureCountry>לא ידוע</ManufactureCountry>
      <ManufacturerItemDescription>מאגדת מיני מילקה וני</ManufacturerItemDescription>
      <UnitQty>לא ידוע</UnitQty>
      <Quantity>275.00</Quantity>
      <UnitOfMeasure>לא ידוע</UnitOfMeasure>
      <bIsWeighted>0</bIsWeighted>
      <QtyInPackage>לא ידוע</QtyInPackage>
      <ItemPrice>30.90</ItemPrice>
      <UnitOfMeasurePrice>0.1124</UnitOfMeasurePrice>
      <AllowDiscount>1</AllowDiscount>
      <ItemStatus>1</ItemStatus>
      <ItemId>241313</ItemId>
    </Item>
    <Item>
      <PriceUpdateDate>2025-08-28 10:18:47</PriceUpdateDate>
      <ItemCode>7290117263150</ItemCode>
      <ItemType>1</ItemType>
      <ItemName>באגט צרפתי עם חמאת ש</ItemName>
      <ManufacturerName>לא ידוע</ManufacturerName>
      <ManufactureCountry>לא ידוע</ManufactureCountry>
      <ManufacturerItemDescription>באגט צרפתי עם חמאת ש</ManufacturerItemDescription>
      <UnitQty>לא ידוע</UnitQty>
      <Quantity>350.00</Quantity>
      <UnitOfMeasure>לא ידוע</UnitOfMeasure>
      <bIsWeighted>0</bIsWeighted>
      <QtyInPackage>לא ידוע</QtyInPackage>
      <ItemPrice>15.90</ItemPrice>
      <UnitOfMeasurePrice>0.0454</UnitOfMeasurePrice>
      <AllowDiscount>1</AllowDiscount>
      <ItemStatus>1</ItemStatus>
      <ItemId>241319</ItemId>
    </Item>
    <Item>
      <PriceUpdateDate>2025-08-31 09:58:25</PriceUpdateDate>
      <ItemCode>7290108509229</ItemCode>
      <ItemType>1</ItemType>
      <ItemName>חטיף אורז אפוי בטעם</ItemName>
      <ManufacturerName>לא ידוע</ManufacturerName>
      <ManufactureCountry>לא ידוע</ManufactureCountry>
      <ManufacturerItemDescription>חטיף אורז אפוי בטעם</ManufacturerItemDescription>
      <UnitQty>לא ידוע</UnitQty>
      <Quantity>50.00</Quantity>
      <UnitOfMeasure>לא ידוע</UnitOfMeasure>
      <bIsWeighted>0</bIsWeighted>
      <QtyInPackage>לא ידוע</QtyInPackage>
      <ItemPrice>14.90</ItemPrice>
      <UnitOfMeasurePrice>0.2980</UnitOfMeasurePrice>
      <AllowDiscount>1</AllowDiscount>
      <ItemStatus>1</ItemStatus>
      <ItemId>241326</ItemId>
    </Item>
    <Item>
      <PriceUpdateDate>2025-09-08 07:57:46</PriceUpdateDate>
      <ItemCode>7290117380147</ItemCode>
      <ItemType>1</ItemType>
      <ItemName>מאסטר שף רוטב חרדל ו</ItemName>
      <ManufacturerName>לא ידוע</ManufacturerName>
      <ManufactureCountry>לא ידוע</ManufactureCountry>
      <ManufacturerItemDescription>מאסטר שף רוטב חרדל ו</ManufacturerItemDescription>
      <UnitQty>לא ידוע</UnitQty>
      <Quantity>260.00</Quantity>
      <UnitOfMeasure>לא ידוע</UnitOfMeasure>
      <bIsWeighted>0</bIsWeighted>
      <QtyInPackage>לא ידוע</QtyInPackage>
      <ItemPrice>11.90</ItemPrice>
      <UnitOfMeasurePrice>0.0458</UnitOfMeasurePrice>
      <AllowDiscount>1</AllowDiscount>
      <ItemStatus>1</ItemStatus>
      <ItemId>241363</ItemId>
    </Item>
    <Item>
      <PriceUpdateDate>2025-09-07 08:45:07</PriceUpdateDate>
      <ItemCode>8801085020301</ItemCode>
      <ItemType>1</ItemType>
      <ItemName>אטריות נאמה אודון 20</ItemName>
      <ManufacturerName>לא ידוע</ManufacturerName>
      <ManufactureCountry>לא ידוע</ManufactureCountry>
      <ManufacturerItemDescription>אטריות נאמה אודון 20</ManufacturerItemDescription>
      <UnitQty>לא ידוע</UnitQty>
      <Quantity>200.00</Quantity>
      <UnitOfMeasure>לא ידוע</UnitOfMeasure>
      <bIsWeighted>0</bIsWeighted>
      <QtyInPackage>לא ידוע</QtyInPackage>
      <ItemPrice>8.90</ItemPrice>
      <UnitOfMeasurePrice>0.0445</UnitOfMeasurePrice>
      <AllowDiscount>1</AllowDiscount>
      <ItemStatus>1</ItemStatus>
      <ItemId>249316</ItemId>
    </Item>
    <Item>
      <PriceUpdateDate>2025-08-31 10:14:34</PriceUpdateDate>
      <ItemCode>7290109580739</ItemCode>
      <ItemType>1</ItemType>
      <ItemName>צ'וריסו נקניקיות הוד</ItemName>
      <ManufacturerName>לא ידוע</ManufacturerName>
      <ManufactureCountry>לא ידוע</ManufactureCountry>
      <ManufacturerItemDescription>צ'וריסו נקניקיות הוד</ManufacturerItemDescription>
      <UnitQty>לא ידוע</UnitQty>
      <Quantity>300.00</Quantity>
      <UnitOfMeasure>לא ידוע</UnitOfMeasure>
      <bIsWeighted>0</bIsWeighted>
      <QtyInPackage>לא ידוע</QtyInPackage>
      <ItemPrice>31.90</ItemPrice>
      <UnitOfMeasurePrice>0.1063</UnitOfMeasurePrice>
      <AllowDiscount>1</AllowDiscount>
      <ItemStatus>1</ItemStatus>
      <ItemId>241412</ItemId>
    </Item>
    <Item>
      <PriceUpdateDate>2025-08-31 10:14:33</PriceUpdateDate>
      <ItemCode>7290109580500</ItemCode>
      <ItemType>1</ItemType>
      <ItemName>סלמי קוניאק 120 גר ד</ItemName>
      <ManufacturerName>לא ידוע</ManufacturerName>
      <ManufactureCountry>לא ידוע</ManufactureCountry>
      <ManufacturerItemDescription>סלמי קוניאק 120 גר ד</ManufacturerItemDescription>
      <UnitQty>לא ידוע</UnitQty>
      <Quantity>120.00</Quantity>
      <UnitOfMeasure>לא ידוע</UnitOfMeasure>
      <bIsWeighted>0</bIsWeighted>
      <QtyInPackage>לא ידוע</QtyInPackage>
      <ItemPrice>19.90</ItemPrice>
      <UnitOfMeasurePrice>0.1658</UnitOfMeasurePrice>
      <AllowDiscount>1</AllowDiscount>
      <ItemStatus>1</ItemStatus>
      <ItemId>241413</ItemId>
    </Item>
    <Item>
      <PriceUpdateDate>2025-08-31 10:12:30</PriceUpdateDate>
      <ItemCode>7290110577254</ItemCode>
      <ItemType>1</ItemType>
      <ItemName>משקה יטבתה פרו לל"ס</ItemName>
      <ManufacturerName>לא ידוע</ManufacturerName>
      <ManufactureCountry>לא ידוע</ManufactureCountry>
      <ManufacturerItemDescription>משקה יטבתה פרו לל"ס</ManufacturerItemDescription>
      <UnitQty>לא ידוע</UnitQty>
      <Quantity>350.00</Quantity>
      <UnitOfMeasure>לא ידוע</UnitOfMeasure>
      <bIsWeighted>0</bIsWeighted>
      <QtyInPackage>לא ידוע</QtyInPackage>
      <ItemPrice>8.90</ItemPrice>
      <UnitOfMeasurePrice>0.0254</UnitOfMeasurePrice>
      <AllowDiscount>1</AllowDiscount>
      <ItemStatus>1</ItemStatus>
      <ItemId>241418</ItemId>
    </Item>
    <Item>
      <PriceUpdateDate>2025-08-19 11:28:27</PriceUpdateDate>
      <ItemCode>7290003229215</ItemCode>
      <ItemType>1</ItemType>
      <ItemName>פסטרמה איטלקי 360 גר</ItemName>
      <ManufacturerName>לא ידוע</ManufacturerName>
      <ManufactureCountry>לא ידוע</ManufactureCountry>
      <ManufacturerItemDescription>פסטרמה איטלקי 360 גר</ManufacturerItemDescription>
      <UnitQty>לא ידוע</UnitQty>
      <Quantity>360.00</Quantity>
      <UnitOfMeasure>לא ידוע</UnitOfMeasure>
      <bIsWeighted>0</bIsWeighted>
      <QtyInPackage>לא ידוע</QtyInPackage>
      <ItemPrice>37.90</ItemPrice>
      <UnitOfMeasurePrice>0.1053</UnitOfMeasurePrice>
      <AllowDiscount>1</AllowDiscount>
      <ItemStatus>1</ItemStatus>
      <ItemId>241430</ItemId>
    </Item>
    <Item>
      <PriceUpdateDate>2025-08-19 11:29:08</PriceUpdateDate>
      <ItemCode>7290013906694</ItemCode>
      <ItemType>1</ItemType>
      <ItemName>נקנקיות עוף 1.5 ק"ג</ItemName>
      <ManufacturerName>לא ידוע</ManufacturerName>
      <ManufactureCountry>לא ידוע</ManufactureCountry>
      <ManufacturerItemDescription>נקנקיות עוף 1.5 ק"ג</ManufacturerItemDescription>
      <UnitQty>לא ידוע</UnitQty>
      <Quantity>1500.00</Quantity>
      <UnitOfMeasure>לא ידוע</UnitOfMeasure>
      <bIsWeighted>0</bIsWeighted>
      <QtyInPackage>לא ידוע</QtyInPackage>
      <ItemPrice>41.90</ItemPrice>
      <UnitOfMeasurePrice>0.0279</UnitOfMeasurePrice>
      <AllowDiscount>1</AllowDiscount>
      <ItemStatus>1</ItemStatus>
      <ItemId>241448</ItemId>
    </Item>
    <Item>
      <PriceUpdateDate>2025-09-08 07:54:33</PriceUpdateDate>
      <ItemCode>7290017870878</ItemCode>
      <ItemType>1</ItemType>
      <ItemName>צלחת (9 פרמיום שקופה</ItemName>
      <ManufacturerName>לא ידוע</ManufacturerName>
      <ManufactureCountry>לא ידוע</ManufactureCountry>
      <ManufacturerItemDescription>צלחת (9 פרמיום שקופה</ManufacturerItemDescription>
      <UnitQty>יחידה   </UnitQty>
      <Quantity>0.00</Quantity>
      <UnitOfMeasure>יחידה   </UnitOfMeasure>
      <bIsWeighted>0</bIsWeighted>
      <QtyInPackage>לא ידוע</QtyInPackage>
      <ItemPrice>9.90</ItemPrice>
      <UnitOfMeasurePrice>0.0000</UnitOfMeasurePrice>
      <AllowDiscount>1</AllowDiscount>
      <ItemStatus>1</ItemStatus>
      <ItemId>241486</ItemId>
    </Item>
    <Item>
      <PriceUpdateDate>2025-09-08 08:01:06</PriceUpdateDate>
      <ItemCode>8901314308443</ItemCode>
      <ItemType>1</ItemType>
      <ItemName>מברשת שיניים קולגייט</ItemName>
      <ManufacturerName>לא ידוע</ManufacturerName>
      <ManufactureCountry>לא ידוע</ManufactureCountry>
      <ManufacturerItemDescription>מברשת שיניים קולגייט</ManufacturerItemDescription>
      <UnitQty>יחידה   </UnitQty>
      <Quantity>0.00</Quantity>
      <UnitOfMeasure>יחידה   </UnitOfMeasure>
      <bIsWeighted>0</bIsWeighted>
      <QtyInPackage>לא ידוע</QtyInPackage>
      <ItemPrice>11.90</ItemPrice>
      <UnitOfMeasurePrice>0.0000</UnitOfMeasurePrice>
      <AllowDiscount>1</AllowDiscount>
      <ItemStatus>1</ItemStatus>
      <ItemId>241538</ItemId>
    </Item>
    <Item>
      <PriceUpdateDate>2025-09-02 10:01:21</PriceUpdateDate>
      <ItemCode>856591000918</ItemCode>
      <ItemType>1</ItemType>
      <ItemName>מארז חטיף טבעי עבאדי</ItemName>
      <ManufacturerName>לא ידוע</ManufacturerName>
      <ManufactureCountry>לא ידוע</ManufactureCountry>
      <ManufacturerItemDescription>מארז חטיף טבעי עבאדי</ManufacturerItemDescription>
      <UnitQty>יחידה   </UnitQty>
      <Quantity>0.00</Quantity>
      <UnitOfMeasure>יחידה   </UnitOfMeasure>
      <bIsWeighted>0</bIsWeighted>
      <QtyInPackage>לא ידוע</QtyInPackage>
      <ItemPrice>19.50</ItemPrice>
      <UnitOfMeasurePrice>0.0000</UnitOfMeasurePrice>
      <AllowDiscount>1</AllowDiscount>
      <ItemStatus>1</ItemStatus>
      <ItemId>241541</ItemId>
    </Item>
    <Item>
      <PriceUpdateDate>2025-09-07 08:01:21</PriceUpdateDate>
      <ItemCode>8005110001772</ItemCode>
      <ItemType>1</ItemType>
      <ItemName>מוטי רוטב לפסטה מעגב</ItemName>
      <ManufacturerName>לא ידוע</ManufacturerName>
      <ManufactureCountry>לא ידוע</ManufactureCountry>
      <ManufacturerItemDescription>מוטי רוטב לפסטה מעגב</ManufacturerItemDescription>
      <UnitQty>לא ידוע</UnitQty>
      <Quantity>400.00</Quantity>
      <UnitOfMeasure>לא ידוע</UnitOfMeasure>
      <bIsWeighted>0</bIsWeighted>
      <QtyInPackage>לא ידוע</QtyInPackage>
      <ItemPrice>16.90</ItemPrice>
      <UnitOfMeasurePrice>0.0422</UnitOfMeasurePrice>
      <AllowDiscount>1</AllowDiscount>
      <ItemStatus>1</ItemStatus>
      <ItemId>241574</ItemId>
    </Item>
    <Item>
      <PriceUpdateDate>2025-08-21 11:27:53</PriceUpdateDate>
      <ItemCode>7290000453859</ItemCode>
      <ItemType>1</ItemType>
      <ItemName>נטורינה בטעם חמאה שמ</ItemName>
      <ManufacturerName>לא ידוע</ManufacturerName>
      <ManufactureCountry>לא ידוע</ManufactureCountry>
      <ManufacturerItemDescription>נטורינה בטעם חמאה שמ</ManufacturerItemDescription>
      <UnitQty>לא ידוע</UnitQty>
      <Quantity>200.00</Quantity>
      <UnitOfMeasure>לא ידוע</UnitOfMeasure>
      <bIsWeighted>0</bIsWeighted>
      <QtyInPackage>לא ידוע</QtyInPackage>
      <ItemPrice>9.20</ItemPrice>
      <UnitOfMeasurePrice>0.0460</UnitOfMeasurePrice>
      <AllowDiscount>1</AllowDiscount>
      <ItemStatus>1</ItemStatus>
      <ItemId>241831</ItemId>
    </Item>
    <Item>
      <PriceUpdateDate>2025-08-24 20:32:09</PriceUpdateDate>
      <ItemCode>7290000327020</ItemCode>
      <ItemType>1</ItemType>
      <ItemName>פפסי פחית צרה 6* 330</ItemName>
      <ManufacturerName>לא ידוע</ManufacturerName>
      <ManufactureCountry>לא ידוע</ManufactureCountry>
      <ManufacturerItemDescription>פפסי פחית צרה 6* 330</ManufacturerItemDescription>
      <UnitQty>לא ידוע</UnitQty>
      <Quantity>1980.00</Quantity>
      <UnitOfMeasure>לא ידוע</UnitOfMeasure>
      <bIsWeighted>0</bIsWeighted>
      <QtyInPackage>לא ידוע</QtyInPackage>
      <ItemPrice>22.90</ItemPrice>
      <UnitOfMeasurePrice>0.0116</UnitOfMeasurePrice>
      <AllowDiscount>1</AllowDiscount>
      <ItemStatus>1</ItemStatus>
      <ItemId>243041</ItemId>
    </Item>
    <Item>
      <PriceUpdateDate>2025-08-18 11:51:43</PriceUpdateDate>
      <ItemCode>5601228115832</ItemCode>
      <ItemType>1</ItemType>
      <ItemName>אורז לסושי קושיהיקאר</ItemName>
      <ManufacturerName>לא ידוע</ManufacturerName>
      <ManufactureCountry>לא ידוע</ManufactureCountry>
      <ManufacturerItemDescription>אורז לסושי קושיהיקאר</ManufacturerItemDescription>
      <UnitQty>לא ידוע</UnitQty>
      <Quantity>1000.00</Quantity>
      <UnitOfMeasure>לא ידוע</UnitOfMeasure>
      <bIsWeighted>0</bIsWeighted>
      <QtyInPackage>לא ידוע</QtyInPackage>
      <ItemPrice>16.90</ItemPrice>
      <UnitOfMeasurePrice>0.0169</UnitOfMeasurePrice>
      <AllowDiscount>1</AllowDiscount>
      <ItemStatus>1</ItemStatus>
      <ItemId>241649</ItemId>
    </Item>
    <Item>
      <PriceUpdateDate>2025-07-31 09:28:42</PriceUpdateDate>
      <ItemCode>7290018989234</ItemCode>
      <ItemType>1</ItemType>
      <ItemName>יכין סירופ בטעם אננס</ItemName>
      <ManufacturerName>לא ידוע</ManufacturerName>
      <ManufactureCountry>לא ידוע</ManufactureCountry>
      <ManufacturerItemDescription>יכין סירופ בטעם אננס</ManufacturerItemDescription>
      <UnitQty>לא ידוע</UnitQty>
      <Quantity>1000.00</Quantity>
      <UnitOfMeasure>לא ידוע</UnitOfMeasure>
      <bIsWeighted>0</bIsWeighted>
      <QtyInPackage>לא ידוע</QtyInPackage>
      <ItemPrice>13.90</ItemPrice>
      <UnitOfMeasurePrice>0.0139</UnitOfMeasurePrice>
      <AllowDiscount>1</AllowDiscount>
      <ItemStatus>1</ItemStatus>
      <ItemId>241684</ItemId>
    </Item>
    <Item>
      <PriceUpdateDate>2025-09-07 08:02:35</PriceUpdateDate>
      <ItemCode>7290112483447</ItemCode>
      <ItemType>1</ItemType>
      <ItemName>כפית גדולה צבעוני 50</ItemName>
      <ManufacturerName>קריות זול</ManufacturerName>
      <ManufactureCountry>לא ידוע</ManufactureCountry>
      <ManufacturerItemDescription>כפית גדולה צבעוני 50</ManufacturerItemDescription>
      <UnitQty>יחידה   </UnitQty>
      <Quantity>0.00</Quantity>
      <UnitOfMeasure>יחידה   </UnitOfMeasure>
      <bIsWeighted>0</bIsWeighted>
      <QtyInPackage>לא ידוע</QtyInPackage>
      <ItemPrice>5.90</ItemPrice>
      <UnitOfMeasurePrice>0.0000</UnitOfMeasurePrice>
      <AllowDiscount>1</AllowDiscount>
      <ItemStatus>1</ItemStatus>
      <ItemId>254673</ItemId>
    </Item>
    <Item>
      <PriceUpdateDate>2025-09-04 13:44:40</PriceUpdateDate>
      <ItemCode>8434165466166</ItemCode>
      <ItemType>1</ItemType>
      <ItemName>קריט קרקרים מלוחים 2</ItemName>
      <ManufacturerName>לא ידוע</ManufacturerName>
      <ManufactureCountry>לא ידוע</ManufactureCountry>
      <ManufacturerItemDescription>קריט קרקרים מלוחים 2</ManufacturerItemDescription>
      <UnitQty>לא ידוע</UnitQty>
      <Quantity>200.00</Quantity>
      <UnitOfMeasure>לא ידוע</UnitOfMeasure>
      <bIsWeighted>0</bIsWeighted>
      <QtyInPackage>לא ידוע</QtyInPackage>
      <ItemPrice>8.90</ItemPrice>
      <UnitOfMeasurePrice>0.0445</UnitOfMeasurePrice>
      <AllowDiscount>1</AllowDiscount>
      <ItemStatus>1</ItemStatus>
      <ItemId>251382</ItemId>
    </Item>
    <Item>
      <PriceUpdateDate>2025-09-08 07:55:05</PriceUpdateDate>
      <ItemCode>7290111012488</ItemCode>
      <ItemType>1</ItemType>
      <ItemName>מטליות סן רמו גליל 4</ItemName>
      <ManufacturerName>פריטי המותג של יאיר</ManufacturerName>
      <ManufactureCountry>לא ידוע</ManufactureCountry>
      <ManufacturerItemDescription>מטליות סן רמו גליל 4</ManufacturerItemDescription>
      <UnitQty>יחידה   </UnitQty>
      <Quantity>0.00</Quantity>
      <UnitOfMeasure>יחידה   </UnitOfMeasure>
      <bIsWeighted>0</bIsWeighted>
      <QtyInPackage>לא ידוע</QtyInPackage>
      <ItemPrice>23.90</ItemPrice>
      <UnitOfMeasurePrice>0.0000</UnitOfMeasurePrice>
      <AllowDiscount>1</AllowDiscount>
      <ItemStatus>1</ItemStatus>
      <ItemId>243515</ItemId>
    </Item>
    <Item>
      <PriceUpdateDate>2025-08-26 11:48:31</PriceUpdateDate>
      <ItemCode>7290116931982</ItemCode>
      <ItemType>1</ItemType>
      <ItemName>גבינת נפוליאון עירית</ItemName>
      <ManufacturerName>לא ידוע</ManufacturerName>
      <ManufactureCountry>לא ידוע</ManufactureCountry>
      <ManufacturerItemDescription>גבינת נפוליאון עירית</ManufacturerItemDescription>
      <UnitQty>לא ידוע</UnitQty>
      <Quantity>225.00</Quantity>
      <UnitOfMeasure>לא ידוע</UnitOfMeasure>
      <bIsWeighted>0</bIsWeighted>
      <QtyInPackage>לא ידוע</QtyInPackage>
      <ItemPrice>17.90</ItemPrice>
      <UnitOfMeasurePrice>0.0796</UnitOfMeasurePrice>
      <AllowDiscount>1</AllowDiscount>
      <ItemStatus>1</ItemStatus>
      <ItemId>241754</ItemId>
    </Item>
    <Item>
      <PriceUpdateDate>2025-09-03 11:28:19</PriceUpdateDate>
      <ItemCode>7290116534459</ItemCode>
      <ItemType>1</ItemType>
      <ItemName>חטיף קליק קרם חלב וע</ItemName>
      <ManufacturerName>לא ידוע</ManufacturerName>
      <ManufactureCountry>לא ידוע</ManufactureCountry>
      <ManufacturerItemDescription>חטיף קליק קרם חלב וע</ManufacturerItemDescription>
      <UnitQty>לא ידוע</UnitQty>
      <Quantity>35.00</Quantity>
      <UnitOfMeasure>לא ידוע</UnitOfMeasure>
      <bIsWeighted>0</bIsWeighted>
      <QtyInPackage>לא ידוע</QtyInPackage>
      <ItemPrice>7.00</ItemPrice>
      <UnitOfMeasurePrice>0.2000</UnitOfMeasurePrice>
      <AllowDiscount>1</AllowDiscount>
      <ItemStatus>1</ItemStatus>
      <ItemId>241784</ItemId>
    </Item>
    <Item>
      <PriceUpdateDate>2025-09-03 11:28:21</PriceUpdateDate>
      <ItemCode>7290116534619</ItemCode>
      <ItemType>1</ItemType>
      <ItemName>גרנולה בתוספת חלבון</ItemName>
      <ManufacturerName>לא ידוע</ManufacturerName>
      <ManufactureCountry>לא ידוע</ManufactureCountry>
      <ManufacturerItemDescription>גרנולה בתוספת חלבון</ManufacturerItemDescription>
      <UnitQty>לא ידוע</UnitQty>
      <Quantity>300.00</Quantity>
      <UnitOfMeasure>לא ידוע</UnitOfMeasure>
      <bIsWeighted>0</bIsWeighted>
      <QtyInPackage>לא ידוע</QtyInPackage>
      <ItemPrice>21.90</ItemPrice>
      <UnitOfMeasurePrice>0.0730</UnitOfMeasurePrice>
      <AllowDiscount>1</AllowDiscount>
      <ItemStatus>1</ItemStatus>
      <ItemId>241786</ItemId>
    </Item>
    <Item>
      <PriceUpdateDate>2025-09-01 08:21:59</PriceUpdateDate>
      <ItemCode>7290019333203</ItemCode>
      <ItemType>1</ItemType>
      <ItemName>זיתים שחורים שלמים ק</ItemName>
      <ManufacturerName>לא ידוע</ManufacturerName>
      <ManufactureCountry>לא ידוע</ManufactureCountry>
      <ManufacturerItemDescription>זיתים שחורים שלמים ק</ManufacturerItemDescription>
      <UnitQty>לא ידוע</UnitQty>
      <Quantity>340.00</Quantity>
      <UnitOfMeasure>לא ידוע</UnitOfMeasure>
      <bIsWeighted>0</bIsWeighted>
      <QtyInPackage>לא ידוע</QtyInPackage>
      <ItemPrice>17.90</ItemPrice>
      <UnitOfMeasurePrice>0.0526</UnitOfMeasurePrice>
      <AllowDiscount>1</AllowDiscount>
      <ItemStatus>1</ItemStatus>
      <ItemId>241797</ItemId>
    </Item>
    <Item>
      <PriceUpdateDate>2025-09-01 08:21:59</PriceUpdateDate>
      <ItemCode>7290019333227</ItemCode>
      <ItemType>1</ItemType>
      <ItemName>ז.ירוקים מבוקעים בית</ItemName>
      <ManufacturerName>לא ידוע</ManufacturerName>
      <ManufactureCountry>לא ידוע</ManufactureCountry>
      <ManufacturerItemDescription>ז.ירוקים מבוקעים בית</ManufacturerItemDescription>
      <UnitQty>לא ידוע</UnitQty>
      <Quantity>340.00</Quantity>
      <UnitOfMeasure>לא ידוע</UnitOfMeasure>
      <bIsWeighted>0</bIsWeighted>
      <QtyInPackage>לא ידוע</QtyInPackage>
      <ItemPrice>17.50</ItemPrice>
      <UnitOfMeasurePrice>0.0515</UnitOfMeasurePrice>
      <AllowDiscount>1</AllowDiscount>
      <ItemStatus>1</ItemStatus>
      <ItemId>241798</ItemId>
    </Item>
    <Item>
      <PriceUpdateDate>2025-08-26 16:05:43</PriceUpdateDate>
      <ItemCode>7290118420552</ItemCode>
      <ItemType>1</ItemType>
      <ItemName>פתי בר פינוקים שחור</ItemName>
      <ManufacturerName>קריות זול</ManufacturerName>
      <ManufactureCountry>לא ידוע</ManufactureCountry>
      <ManufacturerItemDescription>פתי בר פינוקים שחור</ManufacturerItemDescription>
      <UnitQty>לא ידוע</UnitQty>
      <Quantity>220.00</Quantity>
      <UnitOfMeasure>לא ידוע</UnitOfMeasure>
      <bIsWeighted>0</bIsWeighted>
      <QtyInPackage>לא ידוע</QtyInPackage>
      <ItemPrice>14.90</ItemPrice>
      <UnitOfMeasurePrice>0.0677</UnitOfMeasurePrice>
      <AllowDiscount>1</AllowDiscount>
      <ItemStatus>1</ItemStatus>
      <ItemId>241799</ItemId>
    </Item>
    <Item>
      <PriceUpdateDate>2025-08-26 11:14:00</PriceUpdateDate>
      <ItemCode>7290119370177</ItemCode>
      <ItemType>1</ItemType>
      <ItemName>דנונה פרו 20גר חלבון</ItemName>
      <ManufacturerName>לא ידוע</ManufacturerName>
      <ManufactureCountry>לא ידוע</ManufactureCountry>
      <ManufacturerItemDescription>דנונה פרו 20גר חלבון</ManufacturerItemDescription>
      <UnitQty>לא ידוע</UnitQty>
      <Quantity>200.00</Quantity>
      <UnitOfMeasure>לא ידוע</UnitOfMeasure>
      <bIsWeighted>0</bIsWeighted>
      <QtyInPackage>לא ידוע</QtyInPackage>
      <ItemPrice>7.00</ItemPrice>
      <UnitOfMeasurePrice>0.0350</UnitOfMeasurePrice>
      <AllowDiscount>1</AllowDiscount>
      <ItemStatus>1</ItemStatus>
      <ItemId>241806</ItemId>
    </Item>
    <Item>
      <PriceUpdateDate>2025-09-08 07:57:48</PriceUpdateDate>
      <ItemCode>7290117382943</ItemCode>
      <ItemType>1</ItemType>
      <ItemName>חטיף פוף כוכבים שמנת</ItemName>
      <ManufacturerName>לא ידוע</ManufacturerName>
      <ManufactureCountry>לא ידוע</ManufactureCountry>
      <ManufacturerItemDescription>חטיף פוף כוכבים שמנת</ManufacturerItemDescription>
      <UnitQty>לא ידוע</UnitQty>
      <Quantity>40.00</Quantity>
      <UnitOfMeasure>לא ידוע</UnitOfMeasure>
      <bIsWeighted>0</bIsWeighted>
      <QtyInPackage>לא ידוע</QtyInPackage>
      <ItemPrice>5.50</ItemPrice>
      <UnitOfMeasurePrice>0.1375</UnitOfMeasurePrice>
      <AllowDiscount>1</AllowDiscount>
      <ItemStatus>1</ItemStatus>
      <ItemId>241811</ItemId>
    </Item>
    <Item>
      <PriceUpdateDate>2025-09-03 11:28:17</PriceUpdateDate>
      <ItemCode>7290116534237</ItemCode>
      <ItemType>1</ItemType>
      <ItemName>רוטב טריאקי קנור 300</ItemName>
      <ManufacturerName>קריות זול</ManufacturerName>
      <ManufactureCountry>לא ידוע</ManufactureCountry>
      <ManufacturerItemDescription>רוטב טריאקי קנור 300</ManufacturerItemDescription>
      <UnitQty>לא ידוע</UnitQty>
      <Quantity>300.00</Quantity>
      <UnitOfMeasure>לא ידוע</UnitOfMeasure>
      <bIsWeighted>0</bIsWeighted>
      <QtyInPackage>לא ידוע</QtyInPackage>
      <ItemPrice>17.90</ItemPrice>
      <UnitOfMeasurePrice>0.0597</UnitOfMeasurePrice>
      <AllowDiscount>1</AllowDiscount>
      <ItemStatus>1</ItemStatus>
      <ItemId>241939</ItemId>
    </Item>
    <Item>
      <PriceUpdateDate>2025-08-31 10:14:34</PriceUpdateDate>
      <ItemCode>7290109580609</ItemCode>
      <ItemType>1</ItemType>
      <ItemName>פסטרמה גחלים דק דק 1</ItemName>
      <ManufacturerName>לא ידוע</ManufacturerName>
      <ManufactureCountry>לא ידוע</ManufactureCountry>
      <ManufacturerItemDescription>פסטרמה גחלים דק דק 1</ManufacturerItemDescription>
      <UnitQty>לא ידוע</UnitQty>
      <Quantity>120.00</Quantity>
      <UnitOfMeasure>לא ידוע</UnitOfMeasure>
      <bIsWeighted>0</bIsWeighted>
      <QtyInPackage>לא ידוע</QtyInPackage>
      <ItemPrice>19.90</ItemPrice>
      <UnitOfMeasurePrice>0.1658</UnitOfMeasurePrice>
      <AllowDiscount>1</AllowDiscount>
      <ItemStatus>1</ItemStatus>
      <ItemId>241943</ItemId>
    </Item>
    <Item>
      <PriceUpdateDate>2025-09-07 08:03:43</PriceUpdateDate>
      <ItemCode>7290016102802</ItemCode>
      <ItemType>1</ItemType>
      <ItemName>גביע אמריקאי קילו אח</ItemName>
      <ManufacturerName>לא ידוע</ManufacturerName>
      <ManufactureCountry>לא ידוע</ManufactureCountry>
      <ManufacturerItemDescription>גביע אמריקאי קילו אח</ManufacturerItemDescription>
      <UnitQty>יחידה   </UnitQty>
      <Quantity>0.00</Quantity>
      <UnitOfMeasure>יחידה   </UnitOfMeasure>
      <bIsWeighted>0</bIsWeighted>
      <QtyInPackage>לא ידוע</QtyInPackage>
      <ItemPrice>10.90</ItemPrice>
      <UnitOfMeasurePrice>0.0000</UnitOfMeasurePrice>
      <AllowDiscount>1</AllowDiscount>
      <ItemStatus>1</ItemStatus>
      <ItemId>241947</ItemId>
    </Item>
    <Item>
      <PriceUpdateDate>2025-08-18 09:16:03</PriceUpdateDate>
      <ItemCode>7290002198130</ItemCode>
      <ItemType>1</ItemType>
      <ItemName>סלמי בציפוי פלפל</ItemName>
      <ManufacturerName>לא ידוע</ManufacturerName>
      <ManufactureCountry>לא ידוע</ManufactureCountry>
      <ManufacturerItemDescription>סלמי בציפוי פלפל</ManufacturerItemDescription>
      <UnitQty>קילוגרמים</UnitQty>
      <Quantity>1.00</Quantity>
      <UnitOfMeasure>ק"ג</UnitOfMeasure>
      <bIsWeighted>1</bIsWeighted>
      <QtyInPackage>לא ידוע</QtyInPackage>
      <ItemPrice>70.90</ItemPrice>
      <UnitOfMeasurePrice>70.9000</UnitOfMeasurePrice>
      <AllowDiscount>1</AllowDiscount>
      <ItemStatus>1</ItemStatus>
      <ItemId>241956</ItemId>
    </Item>
    <Item>
      <PriceUpdateDate>2025-08-18 09:17:27</PriceUpdateDate>
      <ItemCode>7290000554891</ItemCode>
      <ItemType>1</ItemType>
      <ItemName>גבינה בולגרית מעודנת</ItemName>
      <ManufacturerName>לא ידוע</ManufacturerName>
      <ManufactureCountry>ישראל</ManufactureCountry>
      <ManufacturerItemDescription>גבינה בולגרית מעודנת</ManufacturerItemDescription>
      <UnitQty>קילוגרמים</UnitQty>
      <Quantity>1.00</Quantity>
      <UnitOfMeasure>ק"ג</UnitOfMeasure>
      <bIsWeighted>1</bIsWeighted>
      <QtyInPackage>לא ידוע</QtyInPackage>
      <ItemPrice>85.00</ItemPrice>
      <UnitOfMeasurePrice>85.0000</UnitOfMeasurePrice>
      <AllowDiscount>1</AllowDiscount>
      <ItemStatus>1</ItemStatus>
      <ItemId>241960</ItemId>
    </Item>
    <Item>
      <PriceUpdateDate>2025-08-18 09:17:28</PriceUpdateDate>
      <ItemCode>7290000554914</ItemCode>
      <ItemType>1</ItemType>
      <ItemName>צפתית מלבן 5% במשקל</ItemName>
      <ManufacturerName>לא ידוע</ManufacturerName>
      <ManufactureCountry>ישראל</ManufactureCountry>
      <ManufacturerItemDescription>צפתית מלבן 5% במשקל</ManufacturerItemDescription>
      <UnitQty>קילוגרמים</UnitQty>
      <Quantity>1.00</Quantity>
      <UnitOfMeasure>ק"ג</UnitOfMeasure>
      <bIsWeighted>1</bIsWeighted>
      <QtyInPackage>לא ידוע</QtyInPackage>
      <ItemPrice>85.00</ItemPrice>
      <UnitOfMeasurePrice>85.0000</UnitOfMeasurePrice>
      <AllowDiscount>1</AllowDiscount>
      <ItemStatus>1</ItemStatus>
      <ItemId>241961</ItemId>
    </Item>
    <Item>
      <PriceUpdateDate>2025-10-21 10:05:20</PriceUpdateDate>
      <ItemCode>7290018989807</ItemCode>
      <ItemType>1</ItemType>
      <ItemName>זיתים ירוקים מגולעני</ItemName>
      <ManufacturerName>לא ידוע</ManufacturerName>
      <ManufactureCountry>לא ידוע</ManufactureCountry>
      <ManufacturerItemDescription>זיתים ירוקים מגולעני</ManufacturerItemDescription>
      <UnitQty>לא ידוע</UnitQty>
      <Quantity>550.00</Quantity>
      <UnitOfMeasure>לא ידוע</UnitOfMeasure>
      <bIsWeighted>0</bIsWeighted>
      <QtyInPackage>לא ידוע</QtyInPackage>
      <ItemPrice>14.90</ItemPrice>
      <UnitOfMeasurePrice>0.0271</UnitOfMeasurePrice>
      <AllowDiscount>1</AllowDiscount>
      <ItemStatus>1</ItemStatus>
      <ItemId>256183</ItemId>
    </Item>
    <Item>
      <PriceUpdateDate>2025-08-18 09:17:27</PriceUpdateDate>
      <ItemCode>7290000554754</ItemCode>
      <ItemType>1</ItemType>
      <ItemName>גבינה מוצרלה בייבי 1</ItemName>
      <ManufacturerName>לא ידוע</ManufacturerName>
      <ManufactureCountry>ישראל</ManufactureCountry>
      <ManufacturerItemDescription>גבינה מוצרלה בייבי 1</ManufacturerItemDescription>
      <UnitQty>קילוגרמים</UnitQty>
      <Quantity>1.00</Quantity>
      <UnitOfMeasure>ק"ג</UnitOfMeasure>
      <bIsWeighted>1</bIsWeighted>
      <QtyInPackage>לא ידוע</QtyInPackage>
      <ItemPrice>119.00</ItemPrice>
      <UnitOfMeasurePrice>119.0000</UnitOfMeasurePrice>
      <AllowDiscount>1</AllowDiscount>
      <ItemStatus>1</ItemStatus>
      <ItemId>241963</ItemId>
    </Item>
    <Item>
      <PriceUpdateDate>2025-08-18 11:48:16</PriceUpdateDate>
      <ItemCode>7290003718719</ItemCode>
      <ItemType>1</ItemType>
      <ItemName>פילה לברק 7-9 בוואקו</ItemName>
      <ManufacturerName>לא ידוע</ManufacturerName>
      <ManufactureCountry>לא ידוע</ManufactureCountry>
      <ManufacturerItemDescription>פילה לברק 7-9 בוואקו</ManufacturerItemDescription>
      <UnitQty>קילוגרמים</UnitQty>
      <Quantity>1.00</Quantity>
      <UnitOfMeasure>ק"ג</UnitOfMeasure>
      <bIsWeighted>1</bIsWeighted>
      <QtyInPackage>לא ידוע</QtyInPackage>
      <ItemPrice>53.90</ItemPrice>
      <UnitOfMeasurePrice>53.9000</UnitOfMeasurePrice>
      <AllowDiscount>1</AllowDiscount>
      <ItemStatus>1</ItemStatus>
      <ItemId>248549</ItemId>
    </Item>
    <Item>
      <PriceUpdateDate>2025-09-07 08:05:53</PriceUpdateDate>
      <ItemCode>7290117905494</ItemCode>
      <ItemType>1</ItemType>
      <ItemName>חלבה בטעם וניל 500גר</ItemName>
      <ManufacturerName>לא ידוע</ManufacturerName>
      <ManufactureCountry>לא ידוע</ManufactureCountry>
      <ManufacturerItemDescription>חלבה בטעם וניל 500גר</ManufacturerItemDescription>
      <UnitQty>לא ידוע</UnitQty>
      <Quantity>500.00</Quantity>
      <UnitOfMeasure>לא ידוע</UnitOfMeasure>
      <bIsWeighted>0</bIsWeighted>
      <QtyInPackage>לא ידוע</QtyInPackage>
      <ItemPrice>17.90</ItemPrice>
      <UnitOfMeasurePrice>0.0358</UnitOfMeasurePrice>
      <AllowDiscount>1</AllowDiscount>
      <ItemStatus>1</ItemStatus>
      <ItemId>246472</ItemId>
    </Item>
    <Item>
      <PriceUpdateDate>2025-08-18 09:17:28</PriceUpdateDate>
      <ItemCode>7290000554976</ItemCode>
      <ItemType>1</ItemType>
      <ItemName>גבינת שמנת 30%  זיתי</ItemName>
      <ManufacturerName>לא ידוע</ManufacturerName>
      <ManufactureCountry>ישראל</ManufactureCountry>
      <ManufacturerItemDescription>גבינת שמנת 30%  זיתי</ManufacturerItemDescription>
      <UnitQty>קילוגרמים</UnitQty>
      <Quantity>1.00</Quantity>
      <UnitOfMeasure>ק"ג</UnitOfMeasure>
      <bIsWeighted>1</bIsWeighted>
      <QtyInPackage>לא ידוע</QtyInPackage>
      <ItemPrice>69.00</ItemPrice>
      <UnitOfMeasurePrice>69.0000</UnitOfMeasurePrice>
      <AllowDiscount>1</AllowDiscount>
      <ItemStatus>1</ItemStatus>
      <ItemId>241966</ItemId>
    </Item>
    <Item>
      <PriceUpdateDate>2025-08-18 09:17:28</PriceUpdateDate>
      <ItemCode>7290000554969</ItemCode>
      <ItemType>1</ItemType>
      <ItemName>גבינת שמנת 30% טבעית</ItemName>
      <ManufacturerName>לא ידוע</ManufacturerName>
      <ManufactureCountry>ישראל</ManufactureCountry>
      <ManufacturerItemDescription>גבינת שמנת 30% טבעית</ManufacturerItemDescription>
      <UnitQty>קילוגרמים</UnitQty>
      <Quantity>1.00</Quantity>
      <UnitOfMeasure>ק"ג</UnitOfMeasure>
      <bIsWeighted>1</bIsWeighted>
      <QtyInPackage>לא ידוע</QtyInPackage>
      <ItemPrice>69.00</ItemPrice>
      <UnitOfMeasurePrice>69.0000</UnitOfMeasurePrice>
      <AllowDiscount>1</AllowDiscount>
      <ItemStatus>1</ItemStatus>
      <ItemId>241965</ItemId>
    </Item>
    <Item>
      <PriceUpdateDate>2025-08-18 09:17:31</PriceUpdateDate>
      <ItemCode>7290002385431</ItemCode>
      <ItemType>1</ItemType>
      <ItemName>בולגרית 16% מסורתית</ItemName>
      <ManufacturerName>לא ידוע</ManufacturerName>
      <ManufactureCountry>ישראל</ManufactureCountry>
      <ManufacturerItemDescription>בולגרית 16% מסורתית</ManufacturerItemDescription>
      <UnitQty>קילוגרמים</UnitQty>
      <Quantity>1.00</Quantity>
      <UnitOfMeasure>ק"ג</UnitOfMeasure>
      <bIsWeighted>1</bIsWeighted>
      <QtyInPackage>לא ידוע</QtyInPackage>
      <ItemPrice>85.00</ItemPrice>
      <UnitOfMeasurePrice>85.0000</UnitOfMeasurePrice>
      <AllowDiscount>1</AllowDiscount>
      <ItemStatus>1</ItemStatus>
      <ItemId>241970</ItemId>
    </Item>
    <Item>
      <PriceUpdateDate>2025-08-31 09:57:40</PriceUpdateDate>
      <ItemCode>7290019587781</ItemCode>
      <ItemType>1</ItemType>
      <ItemName>פירורי לחם פנקו מוזה</ItemName>
      <ManufacturerName>לא ידוע</ManufacturerName>
      <ManufactureCountry>לא ידוע</ManufactureCountry>
      <ManufacturerItemDescription>פירורי לחם פנקו מוזה</ManufacturerItemDescription>
      <UnitQty>לא ידוע</UnitQty>
      <Quantity>300.00</Quantity>
      <UnitOfMeasure>לא ידוע</UnitOfMeasure>
      <bIsWeighted>0</bIsWeighted>
      <QtyInPackage>לא ידוע</QtyInPackage>
      <ItemPrice>9.50</ItemPrice>
      <UnitOfMeasurePrice>0.0317</UnitOfMeasurePrice>
      <AllowDiscount>1</AllowDiscount>
      <ItemStatus>1</ItemStatus>
      <ItemId>251465</ItemId>
    </Item>
    <Item>
      <PriceUpdateDate>2025-08-18 09:17:32</PriceUpdateDate>
      <ItemCode>7290002385455</ItemCode>
      <ItemType>1</ItemType>
      <ItemName>בולגרית 24% מעודנת מ</ItemName>
      <ManufacturerName>לא ידוע</ManufacturerName>
      <ManufactureCountry>ישראל</ManufactureCountry>
      <ManufacturerItemDescription>בולגרית 24% מעודנת מ</ManufacturerItemDescription>
      <UnitQty>קילוגרמים</UnitQty>
      <Quantity>1.00</Quantity>
      <UnitOfMeasure>ק"ג</UnitOfMeasure>
      <bIsWeighted>1</bIsWeighted>
      <QtyInPackage>לא ידוע</QtyInPackage>
      <ItemPrice>89.00</ItemPrice>
      <UnitOfMeasurePrice>89.0000</UnitOfMeasurePrice>
      <AllowDiscount>1</AllowDiscount>
      <ItemStatus>1</ItemStatus>
      <ItemId>241972</ItemId>
    </Item>
    <Item>
      <PriceUpdateDate>2025-08-31 10:16:11</PriceUpdateDate>
      <ItemCode>7290019400189</ItemCode>
      <ItemType>1</ItemType>
      <ItemName>גרעיני חמניה קלוף 30</ItemName>
      <ManufacturerName>פריטי המותג של יאיר</ManufacturerName>
      <ManufactureCountry>לא ידוע</ManufactureCountry>
      <ManufacturerItemDescription>גרעיני חמניה קלוף 30</ManufacturerItemDescription>
      <UnitQty>לא ידוע</UnitQty>
      <Quantity>300.00</Quantity>
      <UnitOfMeasure>לא ידוע</UnitOfMeasure>
      <bIsWeighted>0</bIsWeighted>
      <QtyInPackage>לא ידוע</QtyInPackage>
      <ItemPrice>13.90</ItemPrice>
      <UnitOfMeasurePrice>0.0463</UnitOfMeasurePrice>
      <AllowDiscount>1</AllowDiscount>
      <ItemStatus>1</ItemStatus>
      <ItemId>245987</ItemId>
    </Item>
    <Item>
      <PriceUpdateDate>2025-08-18 09:17:35</PriceUpdateDate>
      <ItemCode>7290005992872</ItemCode>
      <ItemType>1</ItemType>
      <ItemName>צפתית5%  פרח במים  ב</ItemName>
      <ManufacturerName>לא ידוע</ManufacturerName>
      <ManufactureCountry>ישראל</ManufactureCountry>
      <ManufacturerItemDescription>צפתית5%  פרח במים  ב</ManufacturerItemDescription>
      <UnitQty>קילוגרמים</UnitQty>
      <Quantity>1.00</Quantity>
      <UnitOfMeasure>ק"ג</UnitOfMeasure>
      <bIsWeighted>1</bIsWeighted>
      <QtyInPackage>לא ידוע</QtyInPackage>
      <ItemPrice>85.00</ItemPrice>
      <UnitOfMeasurePrice>85.0000</UnitOfMeasurePrice>
      <AllowDiscount>1</AllowDiscount>
      <ItemStatus>1</ItemStatus>
      <ItemId>241976</ItemId>
    </Item>
    <Item>
      <PriceUpdateDate>2025-08-26 11:46:58</PriceUpdateDate>
      <ItemCode>7290016299878</ItemCode>
      <ItemType>1</ItemType>
      <ItemName>מסיכה טיפולית לשיער</ItemName>
      <ManufacturerName>לא ידוע</ManufacturerName>
      <ManufactureCountry>לא ידוע</ManufactureCountry>
      <ManufacturerItemDescription>מסיכה טיפולית לשיער</ManufacturerItemDescription>
      <UnitQty>לא ידוע</UnitQty>
      <Quantity>500.00</Quantity>
      <UnitOfMeasure>לא ידוע</UnitOfMeasure>
      <bIsWeighted>0</bIsWeighted>
      <QtyInPackage>לא ידוע</QtyInPackage>
      <ItemPrice>42.90</ItemPrice>
      <UnitOfMeasurePrice>0.0858</UnitOfMeasurePrice>
      <AllowDiscount>1</AllowDiscount>
      <ItemStatus>1</ItemStatus>
      <ItemId>243076</ItemId>
    </Item>
    <Item>
      <PriceUpdateDate>2025-09-08 07:56:52</PriceUpdateDate>
      <ItemCode>7290020188335</ItemCode>
      <ItemType>1</ItemType>
      <ItemName>תרכיז ניקוי מבושם לש</ItemName>
      <ManufacturerName>לא ידוע</ManufacturerName>
      <ManufactureCountry>לא ידוע</ManufactureCountry>
      <ManufacturerItemDescription>תרכיז ניקוי מבושם לש</ManufacturerItemDescription>
      <UnitQty>לא ידוע</UnitQty>
      <Quantity>1350.00</Quantity>
      <UnitOfMeasure>לא ידוע</UnitOfMeasure>
      <bIsWeighted>0</bIsWeighted>
      <QtyInPackage>לא ידוע</QtyInPackage>
      <ItemPrice>81.90</ItemPrice>
      <UnitOfMeasurePrice>0.0607</UnitOfMeasurePrice>
      <AllowDiscount>1</AllowDiscount>
      <ItemStatus>1</ItemStatus>
      <ItemId>255206</ItemId>
    </Item>
    <Item>
      <PriceUpdateDate>2023-05-18 09:55:01</PriceUpdateDate>
      <ItemCode>7290004030230</ItemCode>
      <ItemType>1</ItemType>
      <ItemName>שייק פירות יער עם חל</ItemName>
      <ManufacturerName>לא ידוע</ManufacturerName>
      <ManufactureCountry>לא ידוע</ManufactureCountry>
      <ManufacturerItemDescription>שייק פירות יער עם חל</ManufacturerItemDescription>
      <UnitQty>לא ידוע</UnitQty>
      <Quantity>400.00</Quantity>
      <UnitOfMeasure>לא ידוע</UnitOfMeasure>
      <bIsWeighted>0</bIsWeighted>
      <QtyInPackage>לא ידוע</QtyInPackage>
      <ItemPrice>12.90</ItemPrice>
      <UnitOfMeasurePrice>0.0323</UnitOfMeasurePrice>
      <AllowDiscount>1</AllowDiscount>
      <ItemStatus>1</ItemStatus>
      <ItemId>241997</ItemId>
    </Item>
    <Item>
      <PriceUpdateDate>2025-08-26 11:20:31</PriceUpdateDate>
      <ItemCode>7290016682489</ItemCode>
      <ItemType>1</ItemType>
      <ItemName>שייק תות בננה עם חלב</ItemName>
      <ManufacturerName>לא ידוע</ManufacturerName>
      <ManufactureCountry>לא ידוע</ManufactureCountry>
      <ManufacturerItemDescription>שייק תות בננה עם חלב</ManufacturerItemDescription>
      <UnitQty>לא ידוע</UnitQty>
      <Quantity>400.00</Quantity>
      <UnitOfMeasure>לא ידוע</UnitOfMeasure>
      <bIsWeighted>0</bIsWeighted>
      <QtyInPackage>לא ידוע</QtyInPackage>
      <ItemPrice>14.90</ItemPrice>
      <UnitOfMeasurePrice>0.0373</UnitOfMeasurePrice>
      <AllowDiscount>1</AllowDiscount>
      <ItemStatus>1</ItemStatus>
      <ItemId>242001</ItemId>
    </Item>
    <Item>
      <PriceUpdateDate>2025-08-26 11:48:24</PriceUpdateDate>
      <ItemCode>7290116931739</ItemCode>
      <ItemType>1</ItemType>
      <ItemName>פרוסות בולגרית 5%מעו</ItemName>
      <ManufacturerName>קריות זול</ManufacturerName>
      <ManufactureCountry>לא ידוע</ManufactureCountry>
      <ManufacturerItemDescription>פרוסות בולגרית 5%מעו</ManufacturerItemDescription>
      <UnitQty>לא ידוע</UnitQty>
      <Quantity>200.00</Quantity>
      <UnitOfMeasure>לא ידוע</UnitOfMeasure>
      <bIsWeighted>0</bIsWeighted>
      <QtyInPackage>לא ידוע</QtyInPackage>
      <ItemPrice>29.90</ItemPrice>
      <UnitOfMeasurePrice>0.1495</UnitOfMeasurePrice>
      <AllowDiscount>1</AllowDiscount>
      <ItemStatus>1</ItemStatus>
      <ItemId>242002</ItemId>
    </Item>
    <Item>
      <PriceUpdateDate>2025-09-03 16:19:17</PriceUpdateDate>
      <ItemCode>5904941751371</ItemCode>
      <ItemType>1</ItemType>
      <ItemName>בלו דיי אקזוטי מלון</ItemName>
      <ManufacturerName>לא ידוע</ManufacturerName>
      <ManufactureCountry>לא ידוע</ManufactureCountry>
      <ManufacturerItemDescription>בלו דיי אקזוטי מלון</ManufacturerItemDescription>
      <UnitQty>לא ידוע</UnitQty>
      <Quantity>250.00</Quantity>
      <UnitOfMeasure>לא ידוע</UnitOfMeasure>
      <bIsWeighted>0</bIsWeighted>
      <QtyInPackage>לא ידוע</QtyInPackage>
      <ItemPrice>5.90</ItemPrice>
      <UnitOfMeasurePrice>0.0236</UnitOfMeasurePrice>
      <AllowDiscount>1</AllowDiscount>
      <ItemStatus>1</ItemStatus>
      <ItemId>242023</ItemId>
    </Item>
    <Item>
      <PriceUpdateDate>2025-08-19 11:30:57</PriceUpdateDate>
      <ItemCode>7290000318035</ItemCode>
      <ItemType>1</ItemType>
      <ItemName>נקניקיות פרגיות יחיע</ItemName>
      <ManufacturerName>לא ידוע</ManufacturerName>
      <ManufactureCountry>לא ידוע</ManufactureCountry>
      <ManufacturerItemDescription>נקניקיות פרגיות יחיע</ManufacturerItemDescription>
      <UnitQty>לא ידוע</UnitQty>
      <Quantity>400.00</Quantity>
      <UnitOfMeasure>לא ידוע</UnitOfMeasure>
      <bIsWeighted>0</bIsWeighted>
      <QtyInPackage>לא ידוע</QtyInPackage>
      <ItemPrice>17.90</ItemPrice>
      <UnitOfMeasurePrice>0.0447</UnitOfMeasurePrice>
      <AllowDiscount>1</AllowDiscount>
      <ItemStatus>1</ItemStatus>
      <ItemId>242024</ItemId>
    </Item>
    <Item>
      <PriceUpdateDate>2025-09-04 08:51:27</PriceUpdateDate>
      <ItemCode>7290019204800</ItemCode>
      <ItemType>1</ItemType>
      <ItemName>צ'ונגו רצועות שניצל</ItemName>
      <ManufacturerName>לא ידוע</ManufacturerName>
      <ManufactureCountry>לא ידוע</ManufactureCountry>
      <ManufacturerItemDescription>צ'ונגו רצועות שניצל</ManufacturerItemDescription>
      <UnitQty>לא ידוע</UnitQty>
      <Quantity>600.00</Quantity>
      <UnitOfMeasure>לא ידוע</UnitOfMeasure>
      <bIsWeighted>0</bIsWeighted>
      <QtyInPackage>לא ידוע</QtyInPackage>
      <ItemPrice>43.90</ItemPrice>
      <UnitOfMeasurePrice>0.0732</UnitOfMeasurePrice>
      <AllowDiscount>1</AllowDiscount>
      <ItemStatus>1</ItemStatus>
      <ItemId>242039</ItemId>
    </Item>
    <Item>
      <PriceUpdateDate>2025-08-18 09:17:27</PriceUpdateDate>
      <ItemCode>7290000554655</ItemCode>
      <ItemType>1</ItemType>
      <ItemName>מוצרלה נקניק מעושן 2</ItemName>
      <ManufacturerName>לא ידוע</ManufacturerName>
      <ManufactureCountry>ישראל</ManufactureCountry>
      <ManufacturerItemDescription>מוצרלה נקניק מעושן 2</ManufacturerItemDescription>
      <UnitQty>קילוגרמים</UnitQty>
      <Quantity>1.00</Quantity>
      <UnitOfMeasure>ק"ג</UnitOfMeasure>
      <bIsWeighted>1</bIsWeighted>
      <QtyInPackage>לא ידוע</QtyInPackage>
      <ItemPrice>119.00</ItemPrice>
      <UnitOfMeasurePrice>119.0000</UnitOfMeasurePrice>
      <AllowDiscount>1</AllowDiscount>
      <ItemStatus>1</ItemStatus>
      <ItemId>242042</ItemId>
    </Item>
    <Item>
      <PriceUpdateDate>2025-08-18 09:17:27</PriceUpdateDate>
      <ItemCode>7290000554815</ItemCode>
      <ItemType>1</ItemType>
      <ItemName>מוצרלה חצי קשה 22% ב</ItemName>
      <ManufacturerName>קריות זול</ManufacturerName>
      <ManufactureCountry>ישראל</ManufactureCountry>
      <ManufacturerItemDescription>מוצרלה חצי קשה 22% ב</ManufacturerItemDescription>
      <UnitQty>קילוגרמים</UnitQty>
      <Quantity>1.00</Quantity>
      <UnitOfMeasure>ק"ג</UnitOfMeasure>
      <bIsWeighted>1</bIsWeighted>
      <QtyInPackage>לא ידוע</QtyInPackage>
      <ItemPrice>108.00</ItemPrice>
      <UnitOfMeasurePrice>108.0000</UnitOfMeasurePrice>
      <AllowDiscount>1</AllowDiscount>
      <ItemStatus>1</ItemStatus>
      <ItemId>242043</ItemId>
    </Item>
    <Item>
      <PriceUpdateDate>2025-05-07 12:56:07</PriceUpdateDate>
      <ItemCode>7290018516324</ItemCode>
      <ItemType>1</ItemType>
      <ItemName>פרינוק פאוץ תפוח ש.ש</ItemName>
      <ManufacturerName>לא ידוע</ManufacturerName>
      <ManufactureCountry>לא ידוע</ManufactureCountry>
      <ManufacturerItemDescription>פרינוק פאוץ תפוח ש.ש</ManufacturerItemDescription>
      <UnitQty>לא ידוע</UnitQty>
      <Quantity>120.00</Quantity>
      <UnitOfMeasure>לא ידוע</UnitOfMeasure>
      <bIsWeighted>0</bIsWeighted>
      <QtyInPackage>לא ידוע</QtyInPackage>
      <ItemPrice>6.90</ItemPrice>
      <UnitOfMeasurePrice>0.0575</UnitOfMeasurePrice>
      <AllowDiscount>1</AllowDiscount>
      <ItemStatus>1</ItemStatus>
      <ItemId>242050</ItemId>
    </Item>
    <Item>
      <PriceUpdateDate>2025-05-07 12:56:07</PriceUpdateDate>
      <ItemCode>7290018516331</ItemCode>
      <ItemType>1</ItemType>
      <ItemName>פאוץ פרינוק תפוח בננ</ItemName>
      <ManufacturerName>לא ידוע</ManufacturerName>
      <ManufactureCountry>לא ידוע</ManufactureCountry>
      <ManufacturerItemDescription>פאוץ פרינוק תפוח בננ</ManufacturerItemDescription>
      <UnitQty>לא ידוע</UnitQty>
      <Quantity>120.00</Quantity>
      <UnitOfMeasure>לא ידוע</UnitOfMeasure>
      <bIsWeighted>0</bIsWeighted>
      <QtyInPackage>לא ידוע</QtyInPackage>
      <ItemPrice>6.90</ItemPrice>
      <UnitOfMeasurePrice>0.0575</UnitOfMeasurePrice>
      <AllowDiscount>1</AllowDiscount>
      <ItemStatus>1</ItemStatus>
      <ItemId>242051</ItemId>
    </Item>
    <Item>
      <PriceUpdateDate>2025-09-04 12:00:25</PriceUpdateDate>
      <ItemCode>7290110116231</ItemCode>
      <ItemType>1</ItemType>
      <ItemName>נביעות+ נענע ליצי 1.</ItemName>
      <ManufacturerName>לא ידוע</ManufacturerName>
      <ManufactureCountry>לא ידוע</ManufactureCountry>
      <ManufacturerItemDescription>נביעות+ נענע ליצי 1.</ManufacturerItemDescription>
      <UnitQty>לא ידוע</UnitQty>
      <Quantity>1500.00</Quantity>
      <UnitOfMeasure>לא ידוע</UnitOfMeasure>
      <bIsWeighted>0</bIsWeighted>
      <QtyInPackage>לא ידוע</QtyInPackage>
      <ItemPrice>9.90</ItemPrice>
      <UnitOfMeasurePrice>0.0066</UnitOfMeasurePrice>
      <AllowDiscount>1</AllowDiscount>
      <ItemStatus>1</ItemStatus>
      <ItemId>242063</ItemId>
    </Item>
    <Item>
      <PriceUpdateDate>2025-08-27 09:53:19</PriceUpdateDate>
      <ItemCode>7290001713662</ItemCode>
      <ItemType>1</ItemType>
      <ItemName>מרכך כביסה בניחוח מל</ItemName>
      <ManufacturerName>לא ידוע</ManufacturerName>
      <ManufactureCountry>לא ידוע</ManufactureCountry>
      <ManufacturerItemDescription>מרכך כביסה בניחוח מל</ManufacturerItemDescription>
      <UnitQty>לא ידוע</UnitQty>
      <Quantity>1000.00</Quantity>
      <UnitOfMeasure>לא ידוע</UnitOfMeasure>
      <bIsWeighted>0</bIsWeighted>
      <QtyInPackage>לא ידוע</QtyInPackage>
      <ItemPrice>14.90</ItemPrice>
      <UnitOfMeasurePrice>0.0149</UnitOfMeasurePrice>
      <AllowDiscount>1</AllowDiscount>
      <ItemStatus>1</ItemStatus>
      <ItemId>242072</ItemId>
    </Item>
    <Item>
      <PriceUpdateDate>2025-08-27 09:53:20</PriceUpdateDate>
      <ItemCode>7290001713860</ItemCode>
      <ItemType>1</ItemType>
      <ItemName>מרכך כביסה בניחוח מל</ItemName>
      <ManufacturerName>לא ידוע</ManufacturerName>
      <ManufactureCountry>לא ידוע</ManufactureCountry>
      <ManufacturerItemDescription>מרכך כביסה בניחוח מל</ManufacturerItemDescription>
      <UnitQty>לא ידוע</UnitQty>
      <Quantity>1000.00</Quantity>
      <UnitOfMeasure>לא ידוע</UnitOfMeasure>
      <bIsWeighted>0</bIsWeighted>
      <QtyInPackage>לא ידוע</QtyInPackage>
      <ItemPrice>14.90</ItemPrice>
      <UnitOfMeasurePrice>0.0149</UnitOfMeasurePrice>
      <AllowDiscount>1</AllowDiscount>
      <ItemStatus>1</ItemStatus>
      <ItemId>242073</ItemId>
    </Item>
    <Item>
      <PriceUpdateDate>2025-11-12 07:16:27</PriceUpdateDate>
      <ItemCode>7290002814269</ItemCode>
      <ItemType>1</ItemType>
      <ItemName>ג'ל כביסה פיור ורוד</ItemName>
      <ManufacturerName>לא ידוע</ManufacturerName>
      <ManufactureCountry>לא ידוע</ManufactureCountry>
      <ManufacturerItemDescription>ג'ל כביסה פיור ורוד</ManufacturerItemDescription>
      <UnitQty>לא ידוע</UnitQty>
      <Quantity>2000.00</Quantity>
      <UnitOfMeasure>לא ידוע</UnitOfMeasure>
      <bIsWeighted>0</bIsWeighted>
      <QtyInPackage>לא ידוע</QtyInPackage>
      <ItemPrice>35.90</ItemPrice>
      <UnitOfMeasurePrice>0.0179</UnitOfMeasurePrice>
      <AllowDiscount>1</AllowDiscount>
      <ItemStatus>1</ItemStatus>
      <ItemId>242077</ItemId>
    </Item>
    <Item>
      <PriceUpdateDate>2025-11-12 07:16:28</PriceUpdateDate>
      <ItemCode>7290002814276</ItemCode>
      <ItemType>1</ItemType>
      <ItemName>ג'ל כביסה פיור כחול</ItemName>
      <ManufacturerName>לא ידוע</ManufacturerName>
      <ManufactureCountry>לא ידוע</ManufactureCountry>
      <ManufacturerItemDescription>ג'ל כביסה פיור כחול</ManufacturerItemDescription>
      <UnitQty>לא ידוע</UnitQty>
      <Quantity>2000.00</Quantity>
      <UnitOfMeasure>לא ידוע</UnitOfMeasure>
      <bIsWeighted>0</bIsWeighted>
      <QtyInPackage>לא ידוע</QtyInPackage>
      <ItemPrice>35.90</ItemPrice>
      <UnitOfMeasurePrice>0.0179</UnitOfMeasurePrice>
      <AllowDiscount>1</AllowDiscount>
      <ItemStatus>1</ItemStatus>
      <ItemId>242078</ItemId>
    </Item>
    <Item>
      <PriceUpdateDate>2025-08-19 11:47:10</PriceUpdateDate>
      <ItemCode>3574661592046</ItemCode>
      <ItemType>1</ItemType>
      <ItemName>טמפונים או בה קלאסי</ItemName>
      <ManufacturerName>לא ידוע</ManufacturerName>
      <ManufactureCountry>לא ידוע</ManufactureCountry>
      <ManufacturerItemDescription>טמפונים או בה קלאסי</ManufacturerItemDescription>
      <UnitQty>יחידה   </UnitQty>
      <Quantity>0.00</Quantity>
      <UnitOfMeasure>יחידה   </UnitOfMeasure>
      <bIsWeighted>0</bIsWeighted>
      <QtyInPackage>לא ידוע</QtyInPackage>
      <ItemPrice>16.90</ItemPrice>
      <UnitOfMeasurePrice>0.0000</UnitOfMeasurePrice>
      <AllowDiscount>1</AllowDiscount>
      <ItemStatus>1</ItemStatus>
      <ItemId>242749</ItemId>
    </Item>
    <Item>
      <PriceUpdateDate>2025-09-07 19:38:20</PriceUpdateDate>
      <ItemCode>7290018043899</ItemCode>
      <ItemType>1</ItemType>
      <ItemName>אולאין חלבון ב.קרמל</ItemName>
      <ManufacturerName>All In</ManufacturerName>
      <ManufactureCountry>לא ידוע</ManufactureCountry>
      <ManufacturerItemDescription>אולאין חלבון ב.קרמל</ManufacturerItemDescription>
      <UnitQty>לא ידוע</UnitQty>
      <Quantity>60.00</Quantity>
      <UnitOfMeasure>לא ידוע</UnitOfMeasure>
      <bIsWeighted>0</bIsWeighted>
      <QtyInPackage>לא ידוע</QtyInPackage>
      <ItemPrice>15.90</ItemPrice>
      <UnitOfMeasurePrice>0.2650</UnitOfMeasurePrice>
      <AllowDiscount>1</AllowDiscount>
      <ItemStatus>1</ItemStatus>
      <ItemId>242782</ItemId>
    </Item>
    <Item>
      <PriceUpdateDate>2025-09-08 07:57:28</PriceUpdateDate>
      <ItemCode>8715700124964</ItemCode>
      <ItemType>1</ItemType>
      <ItemName>קטשופ היינץ 435 גרם</ItemName>
      <ManufacturerName>לא ידוע</ManufacturerName>
      <ManufactureCountry>לא ידוע</ManufactureCountry>
      <ManufacturerItemDescription>קטשופ היינץ 435 גרם</ManufacturerItemDescription>
      <UnitQty>לא ידוע</UnitQty>
      <Quantity>435.00</Quantity>
      <UnitOfMeasure>לא ידוע</UnitOfMeasure>
      <bIsWeighted>0</bIsWeighted>
      <QtyInPackage>לא ידוע</QtyInPackage>
      <ItemPrice>13.90</ItemPrice>
      <UnitOfMeasurePrice>0.0320</UnitOfMeasurePrice>
      <AllowDiscount>1</AllowDiscount>
      <ItemStatus>1</ItemStatus>
      <ItemId>242791</ItemId>
    </Item>
    <Item>
      <PriceUpdateDate>2025-08-19 09:34:56</PriceUpdateDate>
      <ItemCode>37600309417</ItemCode>
      <ItemType>1</ItemType>
      <ItemName>חמאת בוטנים סקיפי קל</ItemName>
      <ManufacturerName>לא ידוע</ManufacturerName>
      <ManufactureCountry>לא ידוע</ManufactureCountry>
      <ManufacturerItemDescription>חמאת בוטנים סקיפי קל</ManufacturerItemDescription>
      <UnitQty>לא ידוע</UnitQty>
      <Quantity>454.00</Quantity>
      <UnitOfMeasure>לא ידוע</UnitOfMeasure>
      <bIsWeighted>0</bIsWeighted>
      <QtyInPackage>לא ידוע</QtyInPackage>
      <ItemPrice>24.90</ItemPrice>
      <UnitOfMeasurePrice>0.0548</UnitOfMeasurePrice>
      <AllowDiscount>1</AllowDiscount>
      <ItemStatus>1</ItemStatus>
      <ItemId>242792</ItemId>
    </Item>
    <Item>
      <PriceUpdateDate>2025-08-31 09:59:33</PriceUpdateDate>
      <ItemCode>7290110578978</ItemCode>
      <ItemType>1</ItemType>
      <ItemName>תפוציפס ברביקיו דבש</ItemName>
      <ManufacturerName>לא ידוע</ManufacturerName>
      <ManufactureCountry>לא ידוע</ManufactureCountry>
      <ManufacturerItemDescription>תפוציפס ברביקיו דבש</ManufacturerItemDescription>
      <UnitQty>לא ידוע</UnitQty>
      <Quantity>50.00</Quantity>
      <UnitOfMeasure>לא ידוע</UnitOfMeasure>
      <bIsWeighted>0</bIsWeighted>
      <QtyInPackage>לא ידוע</QtyInPackage>
      <ItemPrice>5.50</ItemPrice>
      <UnitOfMeasurePrice>0.1100</UnitOfMeasurePrice>
      <AllowDiscount>1</AllowDiscount>
      <ItemStatus>1</ItemStatus>
      <ItemId>242823</ItemId>
    </Item>
    <Item>
      <PriceUpdateDate>2025-09-03 07:34:31</PriceUpdateDate>
      <ItemCode>7290019153917</ItemCode>
      <ItemType>1</ItemType>
      <ItemName>פרוט&amp;ווג' תפוח אוכמנ</ItemName>
      <ManufacturerName>לא ידוע</ManufacturerName>
      <ManufactureCountry>לא ידוע</ManufactureCountry>
      <ManufacturerItemDescription>פרוט&amp;ווג' תפוח אוכמנ</ManufacturerItemDescription>
      <UnitQty>לא ידוע</UnitQty>
      <Quantity>1000.00</Quantity>
      <UnitOfMeasure>לא ידוע</UnitOfMeasure>
      <bIsWeighted>0</bIsWeighted>
      <QtyInPackage>לא ידוע</QtyInPackage>
      <ItemPrice>14.90</ItemPrice>
      <UnitOfMeasurePrice>0.0149</UnitOfMeasurePrice>
      <AllowDiscount>1</AllowDiscount>
      <ItemStatus>1</ItemStatus>
      <ItemId>242833</ItemId>
    </Item>
    <Item>
      <PriceUpdateDate>2025-09-03 07:34:32</PriceUpdateDate>
      <ItemCode>7290019153931</ItemCode>
      <ItemType>1</ItemType>
      <ItemName>פרוט&amp;ווג' תפוז גזר 1</ItemName>
      <ManufacturerName>לא ידוע</ManufacturerName>
      <ManufactureCountry>לא ידוע</ManufactureCountry>
      <ManufacturerItemDescription>פרוט&amp;ווג' תפוז גזר 1</ManufacturerItemDescription>
      <UnitQty>לא ידוע</UnitQty>
      <Quantity>1000.00</Quantity>
      <UnitOfMeasure>לא ידוע</UnitOfMeasure>
      <bIsWeighted>0</bIsWeighted>
      <QtyInPackage>לא ידוע</QtyInPackage>
      <ItemPrice>14.90</ItemPrice>
      <UnitOfMeasurePrice>0.0149</UnitOfMeasurePrice>
      <AllowDiscount>1</AllowDiscount>
      <ItemStatus>1</ItemStatus>
      <ItemId>242835</ItemId>
    </Item>
    <Item>
      <PriceUpdateDate>2025-08-31 10:12:21</PriceUpdateDate>
      <ItemCode>7290110558444</ItemCode>
      <ItemType>1</ItemType>
      <ItemName>אלפרו משקה ש.שועל בט</ItemName>
      <ManufacturerName>לא ידוע</ManufacturerName>
      <ManufactureCountry>לא ידוע</ManufactureCountry>
      <ManufacturerItemDescription>אלפרו משקה ש.שועל בט</ManufacturerItemDescription>
      <UnitQty>לא ידוע</UnitQty>
      <Quantity>1000.00</Quantity>
      <UnitOfMeasure>לא ידוע</UnitOfMeasure>
      <bIsWeighted>0</bIsWeighted>
      <QtyInPackage>לא ידוע</QtyInPackage>
      <ItemPrice>16.90</ItemPrice>
      <UnitOfMeasurePrice>0.0169</UnitOfMeasurePrice>
      <AllowDiscount>1</AllowDiscount>
      <ItemStatus>1</ItemStatus>
      <ItemId>242855</ItemId>
    </Item>
    <Item>
      <PriceUpdateDate>2025-08-31 10:12:26</PriceUpdateDate>
      <ItemCode>7290110570040</ItemCode>
      <ItemType>1</ItemType>
      <ItemName>אלפרו משקה שקדים לל"</ItemName>
      <ManufacturerName>לא ידוע</ManufacturerName>
      <ManufactureCountry>לא ידוע</ManufactureCountry>
      <ManufacturerItemDescription>אלפרו משקה שקדים לל"</ManufacturerItemDescription>
      <UnitQty>לא ידוע</UnitQty>
      <Quantity>1000.00</Quantity>
      <UnitOfMeasure>לא ידוע</UnitOfMeasure>
      <bIsWeighted>0</bIsWeighted>
      <QtyInPackage>לא ידוע</QtyInPackage>
      <ItemPrice>16.90</ItemPrice>
      <UnitOfMeasurePrice>0.0169</UnitOfMeasurePrice>
      <AllowDiscount>1</AllowDiscount>
      <ItemStatus>1</ItemStatus>
      <ItemId>242856</ItemId>
    </Item>
    <Item>
      <PriceUpdateDate>2025-09-21 07:43:46</PriceUpdateDate>
      <ItemCode>7290117904541</ItemCode>
      <ItemType>1</ItemType>
      <ItemName>טורטיה מיני מקמח חיט</ItemName>
      <ManufacturerName>לא ידוע</ManufacturerName>
      <ManufactureCountry>לא ידוע</ManufactureCountry>
      <ManufacturerItemDescription>טורטיה מיני מקמח חיט</ManufacturerItemDescription>
      <UnitQty>לא ידוע</UnitQty>
      <Quantity>250.00</Quantity>
      <UnitOfMeasure>לא ידוע</UnitOfMeasure>
      <bIsWeighted>0</bIsWeighted>
      <QtyInPackage>לא ידוע</QtyInPackage>
      <ItemPrice>9.90</ItemPrice>
      <UnitOfMeasurePrice>0.0396</UnitOfMeasurePrice>
      <AllowDiscount>1</AllowDiscount>
      <ItemStatus>1</ItemStatus>
      <ItemId>242866</ItemId>
    </Item>
    <Item>
      <PriceUpdateDate>2025-08-31 10:18:36</PriceUpdateDate>
      <ItemCode>7290016144062</ItemCode>
      <ItemType>1</ItemType>
      <ItemName>קמח שיפון מלא 100% 1</ItemName>
      <ManufacturerName>לא ידוע</ManufacturerName>
      <ManufactureCountry>לא ידוע</ManufactureCountry>
      <ManufacturerItemDescription>קמח שיפון מלא 100% 1</ManufacturerItemDescription>
      <UnitQty>לא ידוע</UnitQty>
      <Quantity>1000.00</Quantity>
      <UnitOfMeasure>לא ידוע</UnitOfMeasure>
      <bIsWeighted>0</bIsWeighted>
      <QtyInPackage>לא ידוע</QtyInPackage>
      <ItemPrice>11.90</ItemPrice>
      <UnitOfMeasurePrice>0.0119</UnitOfMeasurePrice>
      <AllowDiscount>1</AllowDiscount>
      <ItemStatus>1</ItemStatus>
      <ItemId>242940</ItemId>
    </Item>
    <Item>
      <PriceUpdateDate>2025-08-18 11:35:57</PriceUpdateDate>
      <ItemCode>4023103083943</ItemCode>
      <ItemType>1</ItemType>
      <ItemName>וילדה- פיור אקטיב מס</ItemName>
      <ManufacturerName>לא ידוע</ManufacturerName>
      <ManufactureCountry>לא ידוע</ManufactureCountry>
      <ManufacturerItemDescription>וילדה- פיור אקטיב מס</ManufacturerItemDescription>
      <UnitQty>יחידה   </UnitQty>
      <Quantity>0.00</Quantity>
      <UnitOfMeasure>יחידה   </UnitOfMeasure>
      <bIsWeighted>0</bIsWeighted>
      <QtyInPackage>לא ידוע</QtyInPackage>
      <ItemPrice>16.90</ItemPrice>
      <UnitOfMeasurePrice>0.0000</UnitOfMeasurePrice>
      <AllowDiscount>1</AllowDiscount>
      <ItemStatus>1</ItemStatus>
      <ItemId>242964</ItemId>
    </Item>
    <Item>
      <PriceUpdateDate>2025-08-20 12:24:13</PriceUpdateDate>
      <ItemCode>7290016967074</ItemCode>
      <ItemType>1</ItemType>
      <ItemName>לחם אנג'ל חיטה מלאה</ItemName>
      <ManufacturerName>לא ידוע</ManufacturerName>
      <ManufactureCountry>לא ידוע</ManufactureCountry>
      <ManufacturerItemDescription>לחם אנג'ל חיטה מלאה</ManufacturerItemDescription>
      <UnitQty>לא ידוע</UnitQty>
      <Quantity>750.00</Quantity>
      <UnitOfMeasure>לא ידוע</UnitOfMeasure>
      <bIsWeighted>0</bIsWeighted>
      <QtyInPackage>לא ידוע</QtyInPackage>
      <ItemPrice>19.90</ItemPrice>
      <UnitOfMeasurePrice>0.0265</UnitOfMeasurePrice>
      <AllowDiscount>1</AllowDiscount>
      <ItemStatus>1</ItemStatus>
      <ItemId>242975</ItemId>
    </Item>
    <Item>
      <PriceUpdateDate>2025-08-20 12:24:13</PriceUpdateDate>
      <ItemCode>7290017304885</ItemCode>
      <ItemType>1</ItemType>
      <ItemName>לחם אנג'ל שיפון וחיט</ItemName>
      <ManufacturerName>לא ידוע</ManufacturerName>
      <ManufactureCountry>לא ידוע</ManufactureCountry>
      <ManufacturerItemDescription>לחם אנג'ל שיפון וחיט</ManufacturerItemDescription>
      <UnitQty>לא ידוע</UnitQty>
      <Quantity>750.00</Quantity>
      <UnitOfMeasure>לא ידוע</UnitOfMeasure>
      <bIsWeighted>0</bIsWeighted>
      <QtyInPackage>לא ידוע</QtyInPackage>
      <ItemPrice>19.90</ItemPrice>
      <UnitOfMeasurePrice>0.0265</UnitOfMeasurePrice>
      <AllowDiscount>1</AllowDiscount>
      <ItemStatus>1</ItemStatus>
      <ItemId>242977</ItemId>
    </Item>
    <Item>
      <PriceUpdateDate>2025-05-19 11:45:05</PriceUpdateDate>
      <ItemCode>7290000046327</ItemCode>
      <ItemType>1</ItemType>
      <ItemName>צהובה גלבוע 22% 200</ItemName>
      <ManufacturerName>קריות זול</ManufacturerName>
      <ManufactureCountry>לא ידוע</ManufactureCountry>
      <ManufacturerItemDescription>צהובה גלבוע 22% 200</ManufacturerItemDescription>
      <UnitQty>לא ידוע</UnitQty>
      <Quantity>200.00</Quantity>
      <UnitOfMeasure>לא ידוע</UnitOfMeasure>
      <bIsWeighted>0</bIsWeighted>
      <QtyInPackage>לא ידוע</QtyInPackage>
      <ItemPrice>16.50</ItemPrice>
      <UnitOfMeasurePrice>0.0825</UnitOfMeasurePrice>
      <AllowDiscount>1</AllowDiscount>
      <ItemStatus>1</ItemStatus>
      <ItemId>242978</ItemId>
    </Item>
    <Item>
      <PriceUpdateDate>2025-08-19 11:32:50</PriceUpdateDate>
      <ItemCode>7290000057088</ItemCode>
      <ItemType>1</ItemType>
      <ItemName>גבינה צהובה עמק דק ד</ItemName>
      <ManufacturerName>לא ידוע</ManufacturerName>
      <ManufactureCountry>לא ידוע</ManufactureCountry>
      <ManufacturerItemDescription>גבינה צהובה עמק דק ד</ManufacturerItemDescription>
      <UnitQty>לא ידוע</UnitQty>
      <Quantity>200.00</Quantity>
      <UnitOfMeasure>לא ידוע</UnitOfMeasure>
      <bIsWeighted>0</bIsWeighted>
      <QtyInPackage>לא ידוע</QtyInPackage>
      <ItemPrice>20.70</ItemPrice>
      <UnitOfMeasurePrice>0.1035</UnitOfMeasurePrice>
      <AllowDiscount>1</AllowDiscount>
      <ItemStatus>1</ItemStatus>
      <ItemId>242979</ItemId>
    </Item>
    <Item>
      <PriceUpdateDate>2025-08-20 12:24:35</PriceUpdateDate>
      <ItemCode>7290002065616</ItemCode>
      <ItemType>1</ItemType>
      <ItemName>לחם שיפון גרעינים אח</ItemName>
      <ManufacturerName>לא ידוע</ManufacturerName>
      <ManufactureCountry>לא ידוע</ManufactureCountry>
      <ManufacturerItemDescription>לחם שיפון גרעינים אח</ManufacturerItemDescription>
      <UnitQty>לא ידוע</UnitQty>
      <Quantity>750.00</Quantity>
      <UnitOfMeasure>לא ידוע</UnitOfMeasure>
      <bIsWeighted>0</bIsWeighted>
      <QtyInPackage>לא ידוע</QtyInPackage>
      <ItemPrice>17.90</ItemPrice>
      <UnitOfMeasurePrice>0.0239</UnitOfMeasurePrice>
      <AllowDiscount>1</AllowDiscount>
      <ItemStatus>1</ItemStatus>
      <ItemId>242980</ItemId>
    </Item>
    <Item>
      <PriceUpdateDate>2025-08-20 12:24:14</PriceUpdateDate>
      <ItemCode>7290017947495</ItemCode>
      <ItemType>1</ItemType>
      <ItemName>6 לחמניות כוסמין 450</ItemName>
      <ManufacturerName>לא ידוע</ManufacturerName>
      <ManufactureCountry>לא ידוע</ManufactureCountry>
      <ManufacturerItemDescription>6 לחמניות כוסמין 450</ManufacturerItemDescription>
      <UnitQty>לא ידוע</UnitQty>
      <Quantity>450.00</Quantity>
      <UnitOfMeasure>לא ידוע</UnitOfMeasure>
      <bIsWeighted>0</bIsWeighted>
      <QtyInPackage>לא ידוע</QtyInPackage>
      <ItemPrice>18.90</ItemPrice>
      <UnitOfMeasurePrice>0.0420</UnitOfMeasurePrice>
      <AllowDiscount>1</AllowDiscount>
      <ItemStatus>1</ItemStatus>
      <ItemId>242981</ItemId>
    </Item>
    <Item>
      <PriceUpdateDate>2025-08-21 14:05:40</PriceUpdateDate>
      <ItemCode>7290000176800</ItemCode>
      <ItemType>1</ItemType>
      <ItemName>נוטלה 750ג ממרח אגוז</ItemName>
      <ManufacturerName>קריות זול</ManufacturerName>
      <ManufactureCountry>לא ידוע</ManufactureCountry>
      <ManufacturerItemDescription>נוטלה 750ג ממרח אגוז</ManufacturerItemDescription>
      <UnitQty>לא ידוע</UnitQty>
      <Quantity>750.00</Quantity>
      <UnitOfMeasure>לא ידוע</UnitOfMeasure>
      <bIsWeighted>0</bIsWeighted>
      <QtyInPackage>לא ידוע</QtyInPackage>
      <ItemPrice>35.90</ItemPrice>
      <UnitOfMeasurePrice>0.0479</UnitOfMeasurePrice>
      <AllowDiscount>1</AllowDiscount>
      <ItemStatus>1</ItemStatus>
      <ItemId>242984</ItemId>
    </Item>
    <Item>
      <PriceUpdateDate>2025-08-20 12:24:14</PriceUpdateDate>
      <ItemCode>7290017947891</ItemCode>
      <ItemType>1</ItemType>
      <ItemName>לחם אנג'ל כוסמין וחי</ItemName>
      <ManufacturerName>לא ידוע</ManufacturerName>
      <ManufactureCountry>לא ידוע</ManufactureCountry>
      <ManufacturerItemDescription>לחם אנג'ל כוסמין וחי</ManufacturerItemDescription>
      <UnitQty>לא ידוע</UnitQty>
      <Quantity>750.00</Quantity>
      <UnitOfMeasure>לא ידוע</UnitOfMeasure>
      <bIsWeighted>0</bIsWeighted>
      <QtyInPackage>לא ידוע</QtyInPackage>
      <ItemPrice>19.90</ItemPrice>
      <UnitOfMeasurePrice>0.0265</UnitOfMeasurePrice>
      <AllowDiscount>1</AllowDiscount>
      <ItemStatus>1</ItemStatus>
      <ItemId>242985</ItemId>
    </Item>
    <Item>
      <PriceUpdateDate>2025-08-20 12:24:13</PriceUpdateDate>
      <ItemCode>7290014940901</ItemCode>
      <ItemType>1</ItemType>
      <ItemName>לחם אנג'ל פשוט מלא 7</ItemName>
      <ManufacturerName>לא ידוע</ManufacturerName>
      <ManufactureCountry>לא ידוע</ManufactureCountry>
      <ManufacturerItemDescription>לחם אנג'ל פשוט מלא 7</ManufacturerItemDescription>
      <UnitQty>לא ידוע</UnitQty>
      <Quantity>750.00</Quantity>
      <UnitOfMeasure>לא ידוע</UnitOfMeasure>
      <bIsWeighted>0</bIsWeighted>
      <QtyInPackage>לא ידוע</QtyInPackage>
      <ItemPrice>17.90</ItemPrice>
      <UnitOfMeasurePrice>0.0239</UnitOfMeasurePrice>
      <AllowDiscount>1</AllowDiscount>
      <ItemStatus>1</ItemStatus>
      <ItemId>242986</ItemId>
    </Item>
    <Item>
      <PriceUpdateDate>2025-08-19 11:32:50</PriceUpdateDate>
      <ItemCode>7290000052311</ItemCode>
      <ItemType>1</ItemType>
      <ItemName>גבינה צהובה עמק לייט</ItemName>
      <ManufacturerName>לא ידוע</ManufacturerName>
      <ManufactureCountry>לא ידוע</ManufactureCountry>
      <ManufacturerItemDescription>גבינה צהובה עמק לייט</ManufacturerItemDescription>
      <UnitQty>לא ידוע</UnitQty>
      <Quantity>200.00</Quantity>
      <UnitOfMeasure>לא ידוע</UnitOfMeasure>
      <bIsWeighted>0</bIsWeighted>
      <QtyInPackage>לא ידוע</QtyInPackage>
      <ItemPrice>20.70</ItemPrice>
      <UnitOfMeasurePrice>0.1035</UnitOfMeasurePrice>
      <AllowDiscount>1</AllowDiscount>
      <ItemStatus>1</ItemStatus>
      <ItemId>242987</ItemId>
    </Item>
    <Item>
      <PriceUpdateDate>2025-08-28 12:53:34</PriceUpdateDate>
      <ItemCode>7290000961506</ItemCode>
      <ItemType>1</ItemType>
      <ItemName>פרילי תות 1.5% שומן</ItemName>
      <ManufacturerName>קריות זול</ManufacturerName>
      <ManufactureCountry>לא ידוע</ManufactureCountry>
      <ManufacturerItemDescription>פרילי תות 1.5% שומן</ManufacturerItemDescription>
      <UnitQty>לא ידוע</UnitQty>
      <Quantity>125.00</Quantity>
      <UnitOfMeasure>לא ידוע</UnitOfMeasure>
      <bIsWeighted>0</bIsWeighted>
      <QtyInPackage>לא ידוע</QtyInPackage>
      <ItemPrice>4.80</ItemPrice>
      <UnitOfMeasurePrice>0.0384</UnitOfMeasurePrice>
      <AllowDiscount>1</AllowDiscount>
      <ItemStatus>1</ItemStatus>
      <ItemId>242989</ItemId>
    </Item>
    <Item>
      <PriceUpdateDate>2025-08-19 11:32:53</PriceUpdateDate>
      <ItemCode>7290004122348</ItemCode>
      <ItemType>1</ItemType>
      <ItemName>גבינה צהובה מופחתת ש</ItemName>
      <ManufacturerName>קריות זול</ManufacturerName>
      <ManufactureCountry>לא ידוע</ManufactureCountry>
      <ManufacturerItemDescription>גבינה צהובה מופחתת ש</ManufacturerItemDescription>
      <UnitQty>לא ידוע</UnitQty>
      <Quantity>200.00</Quantity>
      <UnitOfMeasure>לא ידוע</UnitOfMeasure>
      <bIsWeighted>0</bIsWeighted>
      <QtyInPackage>לא ידוע</QtyInPackage>
      <ItemPrice>22.50</ItemPrice>
      <UnitOfMeasurePrice>0.1125</UnitOfMeasurePrice>
      <AllowDiscount>1</AllowDiscount>
      <ItemStatus>1</ItemStatus>
      <ItemId>242991</ItemId>
    </Item>
    <Item>
      <PriceUpdateDate>2025-08-21 11:55:20</PriceUpdateDate>
      <ItemCode>10326210</ItemCode>
      <ItemType>1</ItemType>
      <ItemName>יוגורט און טופ פצפוצ</ItemName>
      <ManufacturerName>לא ידוע</ManufacturerName>
      <ManufactureCountry>לא ידוע</ManufactureCountry>
      <ManufacturerItemDescription>יוגורט און טופ פצפוצ</ManufacturerItemDescription>
      <UnitQty>לא ידוע</UnitQty>
      <Quantity>157.00</Quantity>
      <UnitOfMeasure>לא ידוע</UnitOfMeasure>
      <bIsWeighted>0</bIsWeighted>
      <QtyInPackage>לא ידוע</QtyInPackage>
      <ItemPrice>6.20</ItemPrice>
      <UnitOfMeasurePrice>0.0395</UnitOfMeasurePrice>
      <AllowDiscount>1</AllowDiscount>
      <ItemStatus>1</ItemStatus>
      <ItemId>242992</ItemId>
    </Item>
    <Item>
      <PriceUpdateDate>2025-08-21 11:55:20</PriceUpdateDate>
      <ItemCode>10326234</ItemCode>
      <ItemType>1</ItemType>
      <ItemName>יופלה און טופ כוכבים</ItemName>
      <ManufacturerName>לא ידוע</ManufacturerName>
      <ManufactureCountry>לא ידוע</ManufactureCountry>
      <ManufacturerItemDescription>יופלה און טופ כוכבים</ManufacturerItemDescription>
      <UnitQty>לא ידוע</UnitQty>
      <Quantity>157.00</Quantity>
      <UnitOfMeasure>לא ידוע</UnitOfMeasure>
      <bIsWeighted>0</bIsWeighted>
      <QtyInPackage>לא ידוע</QtyInPackage>
      <ItemPrice>6.20</ItemPrice>
      <UnitOfMeasurePrice>0.0395</UnitOfMeasurePrice>
      <AllowDiscount>1</AllowDiscount>
      <ItemStatus>1</ItemStatus>
      <ItemId>242993</ItemId>
    </Item>
    <Item>
      <PriceUpdateDate>2025-08-19 11:32:48</PriceUpdateDate>
      <ItemCode>7290000040042</ItemCode>
      <ItemType>1</ItemType>
      <ItemName>יופלה תות שובב 3% 15</ItemName>
      <ManufacturerName>קריות זול</ManufacturerName>
      <ManufactureCountry>לא ידוע</ManufactureCountry>
      <ManufacturerItemDescription>יופלה תות שובב 3% 15</ManufacturerItemDescription>
      <UnitQty>לא ידוע</UnitQty>
      <Quantity>150.00</Quantity>
      <UnitOfMeasure>לא ידוע</UnitOfMeasure>
      <bIsWeighted>0</bIsWeighted>
      <QtyInPackage>לא ידוע</QtyInPackage>
      <ItemPrice>6.20</ItemPrice>
      <UnitOfMeasurePrice>0.0413</UnitOfMeasurePrice>
      <AllowDiscount>1</AllowDiscount>
      <ItemStatus>1</ItemStatus>
      <ItemId>243003</ItemId>
    </Item>
    <Item>
      <PriceUpdateDate>2025-08-19 11:32:49</PriceUpdateDate>
      <ItemCode>7290000040066</ItemCode>
      <ItemType>1</ItemType>
      <ItemName>יופלה דובדבן פראי 3%</ItemName>
      <ManufacturerName>קריות זול</ManufacturerName>
      <ManufactureCountry>לא ידוע</ManufactureCountry>
      <ManufacturerItemDescription>יופלה דובדבן פראי 3%</ManufacturerItemDescription>
      <UnitQty>לא ידוע</UnitQty>
      <Quantity>150.00</Quantity>
      <UnitOfMeasure>לא ידוע</UnitOfMeasure>
      <bIsWeighted>0</bIsWeighted>
      <QtyInPackage>לא ידוע</QtyInPackage>
      <ItemPrice>6.20</ItemPrice>
      <UnitOfMeasurePrice>0.0413</UnitOfMeasurePrice>
      <AllowDiscount>1</AllowDiscount>
      <ItemStatus>1</ItemStatus>
      <ItemId>243004</ItemId>
    </Item>
    <Item>
      <PriceUpdateDate>2025-08-19 11:32:50</PriceUpdateDate>
      <ItemCode>7290000040080</ItemCode>
      <ItemType>1</ItemType>
      <ItemName>יופלה אפרסק מאוהב 3%</ItemName>
      <ManufacturerName>קריות זול</ManufacturerName>
      <ManufactureCountry>לא ידוע</ManufactureCountry>
      <ManufacturerItemDescription>יופלה אפרסק מאוהב 3%</ManufacturerItemDescription>
      <UnitQty>לא ידוע</UnitQty>
      <Quantity>150.00</Quantity>
      <UnitOfMeasure>לא ידוע</UnitOfMeasure>
      <bIsWeighted>0</bIsWeighted>
      <QtyInPackage>לא ידוע</QtyInPackage>
      <ItemPrice>6.20</ItemPrice>
      <UnitOfMeasurePrice>0.0413</UnitOfMeasurePrice>
      <AllowDiscount>1</AllowDiscount>
      <ItemStatus>1</ItemStatus>
      <ItemId>243005</ItemId>
    </Item>
    <Item>
      <PriceUpdateDate>2025-08-19 11:32:50</PriceUpdateDate>
      <ItemCode>7290000051376</ItemCode>
      <ItemType>1</ItemType>
      <ItemName>יופלה דיאט אננס ספור</ItemName>
      <ManufacturerName>לא ידוע</ManufacturerName>
      <ManufactureCountry>לא ידוע</ManufactureCountry>
      <ManufacturerItemDescription>יופלה דיאט אננס ספור</ManufacturerItemDescription>
      <UnitQty>לא ידוע</UnitQty>
      <Quantity>150.00</Quantity>
      <UnitOfMeasure>לא ידוע</UnitOfMeasure>
      <bIsWeighted>0</bIsWeighted>
      <QtyInPackage>לא ידוע</QtyInPackage>
      <ItemPrice>6.20</ItemPrice>
      <UnitOfMeasurePrice>0.0413</UnitOfMeasurePrice>
      <AllowDiscount>1</AllowDiscount>
      <ItemStatus>1</ItemStatus>
      <ItemId>243006</ItemId>
    </Item>
    <Item>
      <PriceUpdateDate>2025-08-28 12:53:34</PriceUpdateDate>
      <ItemCode>7290000961520</ItemCode>
      <ItemType>1</ItemType>
      <ItemName>יוגורט עם אננס 1.5%</ItemName>
      <ManufacturerName>קריות זול</ManufacturerName>
      <ManufactureCountry>לא ידוע</ManufactureCountry>
      <ManufacturerItemDescription>יוגורט עם אננס 1.5%</ManufacturerItemDescription>
      <UnitQty>לא ידוע</UnitQty>
      <Quantity>125.00</Quantity>
      <UnitOfMeasure>לא ידוע</UnitOfMeasure>
      <bIsWeighted>0</bIsWeighted>
      <QtyInPackage>לא ידוע</QtyInPackage>
      <ItemPrice>4.80</ItemPrice>
      <UnitOfMeasurePrice>0.0384</UnitOfMeasurePrice>
      <AllowDiscount>1</AllowDiscount>
      <ItemStatus>1</ItemStatus>
      <ItemId>243007</ItemId>
    </Item>
    <Item>
      <PriceUpdateDate>2025-08-28 12:53:35</PriceUpdateDate>
      <ItemCode>7290000964422</ItemCode>
      <ItemType>1</ItemType>
      <ItemName>יוגורט תנובה 4.5% שו</ItemName>
      <ManufacturerName>קריות זול</ManufacturerName>
      <ManufactureCountry>לא ידוע</ManufactureCountry>
      <ManufacturerItemDescription>יוגורט תנובה 4.5% שו</ManufacturerItemDescription>
      <UnitQty>לא ידוע</UnitQty>
      <Quantity>200.00</Quantity>
      <UnitOfMeasure>לא ידוע</UnitOfMeasure>
      <bIsWeighted>0</bIsWeighted>
      <QtyInPackage>לא ידוע</QtyInPackage>
      <ItemPrice>4.10</ItemPrice>
      <UnitOfMeasurePrice>0.0205</UnitOfMeasurePrice>
      <AllowDiscount>1</AllowDiscount>
      <ItemStatus>1</ItemStatus>
      <ItemId>243008</ItemId>
    </Item>
    <Item>
      <PriceUpdateDate>2025-08-19 11:32:51</PriceUpdateDate>
      <ItemCode>7290004119225</ItemCode>
      <ItemType>1</ItemType>
      <ItemName>יופלה אננס 3% 150גר</ItemName>
      <ManufacturerName>קריות זול</ManufacturerName>
      <ManufactureCountry>לא ידוע</ManufactureCountry>
      <ManufacturerItemDescription>יופלה אננס 3% 150גר</ManufacturerItemDescription>
      <UnitQty>לא ידוע</UnitQty>
      <Quantity>150.00</Quantity>
      <UnitOfMeasure>לא ידוע</UnitOfMeasure>
      <bIsWeighted>0</bIsWeighted>
      <QtyInPackage>לא ידוע</QtyInPackage>
      <ItemPrice>6.20</ItemPrice>
      <UnitOfMeasurePrice>0.0413</UnitOfMeasurePrice>
      <AllowDiscount>1</AllowDiscount>
      <ItemStatus>1</ItemStatus>
      <ItemId>243009</ItemId>
    </Item>
    <Item>
      <PriceUpdateDate>2025-08-19 11:32:52</PriceUpdateDate>
      <ItemCode>7290004120108</ItemCode>
      <ItemType>1</ItemType>
      <ItemName>יופלה דיאט דובדבן 0%</ItemName>
      <ManufacturerName>קריות זול</ManufacturerName>
      <ManufactureCountry>לא ידוע</ManufactureCountry>
      <ManufacturerItemDescription>יופלה דיאט דובדבן 0%</ManufacturerItemDescription>
      <UnitQty>לא ידוע</UnitQty>
      <Quantity>150.00</Quantity>
      <UnitOfMeasure>לא ידוע</UnitOfMeasure>
      <bIsWeighted>0</bIsWeighted>
      <QtyInPackage>לא ידוע</QtyInPackage>
      <ItemPrice>6.20</ItemPrice>
      <UnitOfMeasurePrice>0.0413</UnitOfMeasurePrice>
      <AllowDiscount>1</AllowDiscount>
      <ItemStatus>1</ItemStatus>
      <ItemId>243010</ItemId>
    </Item>
    <Item>
      <PriceUpdateDate>2025-08-21 11:55:21</PriceUpdateDate>
      <ItemCode>14761056</ItemCode>
      <ItemType>1</ItemType>
      <ItemName>מעדן שוקולד חלב יולו</ItemName>
      <ManufacturerName>לא ידוע</ManufacturerName>
      <ManufactureCountry>לא ידוע</ManufactureCountry>
      <ManufacturerItemDescription>מעדן שוקולד חלב יולו</ManufacturerItemDescription>
      <UnitQty>לא ידוע</UnitQty>
      <Quantity>123.00</Quantity>
      <UnitOfMeasure>לא ידוע</UnitOfMeasure>
      <bIsWeighted>0</bIsWeighted>
      <QtyInPackage>לא ידוע</QtyInPackage>
      <ItemPrice>6.30</ItemPrice>
      <UnitOfMeasurePrice>0.0512</UnitOfMeasurePrice>
      <AllowDiscount>1</AllowDiscount>
      <ItemStatus>1</ItemStatus>
      <ItemId>243016</ItemId>
    </Item>
    <Item>
      <PriceUpdateDate>2025-08-20 12:24:13</PriceUpdateDate>
      <ItemCode>7290017947105</ItemCode>
      <ItemType>1</ItemType>
      <ItemName>לחם בסגנון אמריקה אנ</ItemName>
      <ManufacturerName>לא ידוע</ManufacturerName>
      <ManufactureCountry>לא ידוע</ManufactureCountry>
      <ManufacturerItemDescription>לחם בסגנון אמריקה אנ</ManufacturerItemDescription>
      <UnitQty>לא ידוע</UnitQty>
      <Quantity>500.00</Quantity>
      <UnitOfMeasure>לא ידוע</UnitOfMeasure>
      <bIsWeighted>0</bIsWeighted>
      <QtyInPackage>לא ידוע</QtyInPackage>
      <ItemPrice>18.90</ItemPrice>
      <UnitOfMeasurePrice>0.0378</UnitOfMeasurePrice>
      <AllowDiscount>1</AllowDiscount>
      <ItemStatus>1</ItemStatus>
      <ItemId>243021</ItemId>
    </Item>
    <Item>
      <PriceUpdateDate>2025-08-20 12:24:14</PriceUpdateDate>
      <ItemCode>7290017947921</ItemCode>
      <ItemType>1</ItemType>
      <ItemName>לחמניות המבורגר 6יח</ItemName>
      <ManufacturerName>לא ידוע</ManufacturerName>
      <ManufactureCountry>לא ידוע</ManufactureCountry>
      <ManufacturerItemDescription>לחמניות המבורגר 6יח</ManufacturerItemDescription>
      <UnitQty>לא ידוע</UnitQty>
      <Quantity>400.00</Quantity>
      <UnitOfMeasure>לא ידוע</UnitOfMeasure>
      <bIsWeighted>0</bIsWeighted>
      <QtyInPackage>לא ידוע</QtyInPackage>
      <ItemPrice>18.90</ItemPrice>
      <UnitOfMeasurePrice>0.0472</UnitOfMeasurePrice>
      <AllowDiscount>1</AllowDiscount>
      <ItemStatus>1</ItemStatus>
      <ItemId>243022</ItemId>
    </Item>
    <Item>
      <PriceUpdateDate>2025-08-20 12:24:14</PriceUpdateDate>
      <ItemCode>7290017947464</ItemCode>
      <ItemType>1</ItemType>
      <ItemName>פיתות כוסמין מלאות 8</ItemName>
      <ManufacturerName>לא ידוע</ManufacturerName>
      <ManufactureCountry>לא ידוע</ManufactureCountry>
      <ManufacturerItemDescription>פיתות כוסמין מלאות 8</ManufacturerItemDescription>
      <UnitQty>לא ידוע</UnitQty>
      <Quantity>400.00</Quantity>
      <UnitOfMeasure>לא ידוע</UnitOfMeasure>
      <bIsWeighted>0</bIsWeighted>
      <QtyInPackage>לא ידוע</QtyInPackage>
      <ItemPrice>18.90</ItemPrice>
      <UnitOfMeasurePrice>0.0472</UnitOfMeasurePrice>
      <AllowDiscount>1</AllowDiscount>
      <ItemStatus>1</ItemStatus>
      <ItemId>243024</ItemId>
    </Item>
    <Item>
      <PriceUpdateDate>2025-08-20 12:24:16</PriceUpdateDate>
      <ItemCode>7290018500644</ItemCode>
      <ItemType>1</ItemType>
      <ItemName>פיתות כוסמין לבן 8יח</ItemName>
      <ManufacturerName>לא ידוע</ManufacturerName>
      <ManufactureCountry>לא ידוע</ManufactureCountry>
      <ManufacturerItemDescription>פיתות כוסמין לבן 8יח</ManufacturerItemDescription>
      <UnitQty>לא ידוע</UnitQty>
      <Quantity>400.00</Quantity>
      <UnitOfMeasure>לא ידוע</UnitOfMeasure>
      <bIsWeighted>0</bIsWeighted>
      <QtyInPackage>לא ידוע</QtyInPackage>
      <ItemPrice>18.90</ItemPrice>
      <UnitOfMeasurePrice>0.0472</UnitOfMeasurePrice>
      <AllowDiscount>1</AllowDiscount>
      <ItemStatus>1</ItemStatus>
      <ItemId>243028</ItemId>
    </Item>
    <Item>
      <PriceUpdateDate>2025-08-24 20:32:21</PriceUpdateDate>
      <ItemCode>7290012588501</ItemCode>
      <ItemType>1</ItemType>
      <ItemName>איילנד נקטר מנגו קרט</ItemName>
      <ManufacturerName>לא ידוע</ManufacturerName>
      <ManufactureCountry>לא ידוע</ManufactureCountry>
      <ManufacturerItemDescription>איילנד נקטר מנגו קרט</ManufacturerItemDescription>
      <UnitQty>לא ידוע</UnitQty>
      <Quantity>1000.00</Quantity>
      <UnitOfMeasure>לא ידוע</UnitOfMeasure>
      <bIsWeighted>0</bIsWeighted>
      <QtyInPackage>לא ידוע</QtyInPackage>
      <ItemPrice>11.90</ItemPrice>
      <UnitOfMeasurePrice>0.0119</UnitOfMeasurePrice>
      <AllowDiscount>1</AllowDiscount>
      <ItemStatus>1</ItemStatus>
      <ItemId>243045</ItemId>
    </Item>
    <Item>
      <PriceUpdateDate>2025-08-18 09:17:03</PriceUpdateDate>
      <ItemCode>3838824414454</ItemCode>
      <ItemType>1</ItemType>
      <ItemName>פאלטה-צבע לשיער בלונ</ItemName>
      <ManufacturerName>לא ידוע</ManufacturerName>
      <ManufactureCountry>לא ידוע</ManufactureCountry>
      <ManufacturerItemDescription>פאלטה-צבע לשיער בלונ</ManufacturerItemDescription>
      <UnitQty>יחידה   </UnitQty>
      <Quantity>0.00</Quantity>
      <UnitOfMeasure>יחידה   </UnitOfMeasure>
      <bIsWeighted>0</bIsWeighted>
      <QtyInPackage>לא ידוע</QtyInPackage>
      <ItemPrice>23.90</ItemPrice>
      <UnitOfMeasurePrice>0.0000</UnitOfMeasurePrice>
      <AllowDiscount>1</AllowDiscount>
      <ItemStatus>1</ItemStatus>
      <ItemId>243056</ItemId>
    </Item>
    <Item>
      <PriceUpdateDate>2025-09-04 12:04:30</PriceUpdateDate>
      <ItemCode>7290119771493</ItemCode>
      <ItemType>1</ItemType>
      <ItemName>ספרינג אשכוליות 1.5ל</ItemName>
      <ManufacturerName>קריות זול</ManufacturerName>
      <ManufactureCountry>לא ידוע</ManufactureCountry>
      <ManufacturerItemDescription>ספרינג אשכוליות 1.5ל</ManufacturerItemDescription>
      <UnitQty>לא ידוע</UnitQty>
      <Quantity>1500.00</Quantity>
      <UnitOfMeasure>לא ידוע</UnitOfMeasure>
      <bIsWeighted>0</bIsWeighted>
      <QtyInPackage>לא ידוע</QtyInPackage>
      <ItemPrice>9.50</ItemPrice>
      <UnitOfMeasurePrice>0.0063</UnitOfMeasurePrice>
      <AllowDiscount>1</AllowDiscount>
      <ItemStatus>1</ItemStatus>
      <ItemId>243097</ItemId>
    </Item>
    <Item>
      <PriceUpdateDate>2025-08-31 09:59:57</PriceUpdateDate>
      <ItemCode>7290018894781</ItemCode>
      <ItemType>1</ItemType>
      <ItemName>צוקטה חתיכות בייגלה</ItemName>
      <ManufacturerName>לא ידוע</ManufacturerName>
      <ManufactureCountry>לא ידוע</ManufactureCountry>
      <ManufacturerItemDescription>צוקטה חתיכות בייגלה</ManufacturerItemDescription>
      <UnitQty>לא ידוע</UnitQty>
      <Quantity>200.00</Quantity>
      <UnitOfMeasure>לא ידוע</UnitOfMeasure>
      <bIsWeighted>0</bIsWeighted>
      <QtyInPackage>לא ידוע</QtyInPackage>
      <ItemPrice>14.90</ItemPrice>
      <UnitOfMeasurePrice>0.0745</UnitOfMeasurePrice>
      <AllowDiscount>1</AllowDiscount>
      <ItemStatus>1</ItemStatus>
      <ItemId>243099</ItemId>
    </Item>
    <Item>
      <PriceUpdateDate>2025-04-20 08:20:47</PriceUpdateDate>
      <ItemCode>4823077640988</ItemCode>
      <ItemType>1</ItemType>
      <ItemName>וופל רושן בטעם קוקוס</ItemName>
      <ManufacturerName>לא ידוע</ManufacturerName>
      <ManufactureCountry>לא ידוע</ManufactureCountry>
      <ManufacturerItemDescription>וופל רושן בטעם קוקוס</ManufacturerItemDescription>
      <UnitQty>לא ידוע</UnitQty>
      <Quantity>216.00</Quantity>
      <UnitOfMeasure>לא ידוע</UnitOfMeasure>
      <bIsWeighted>0</bIsWeighted>
      <QtyInPackage>לא ידוע</QtyInPackage>
      <ItemPrice>9.90</ItemPrice>
      <UnitOfMeasurePrice>0.0458</UnitOfMeasurePrice>
      <AllowDiscount>1</AllowDiscount>
      <ItemStatus>1</ItemStatus>
      <ItemId>243109</ItemId>
    </Item>
    <Item>
      <PriceUpdateDate>2025-08-31 10:12:19</PriceUpdateDate>
      <ItemCode>7290110557454</ItemCode>
      <ItemType>1</ItemType>
      <ItemName>מילקי שכבות בטעם שוק</ItemName>
      <ManufacturerName>לא ידוע</ManufacturerName>
      <ManufactureCountry>לא ידוע</ManufactureCountry>
      <ManufacturerItemDescription>מילקי שכבות בטעם שוק</ManufacturerItemDescription>
      <UnitQty>לא ידוע</UnitQty>
      <Quantity>108.00</Quantity>
      <UnitOfMeasure>לא ידוע</UnitOfMeasure>
      <bIsWeighted>0</bIsWeighted>
      <QtyInPackage>לא ידוע</QtyInPackage>
      <ItemPrice>4.10</ItemPrice>
      <UnitOfMeasurePrice>0.0380</UnitOfMeasurePrice>
      <AllowDiscount>1</AllowDiscount>
      <ItemStatus>1</ItemStatus>
      <ItemId>243125</ItemId>
    </Item>
    <Item>
      <PriceUpdateDate>2025-08-26 11:14:14</PriceUpdateDate>
      <ItemCode>7290119370955</ItemCode>
      <ItemType>1</ItemType>
      <ItemName>דנונה פרו 20 גרם חלב</ItemName>
      <ManufacturerName>לא ידוע</ManufacturerName>
      <ManufactureCountry>לא ידוע</ManufactureCountry>
      <ManufacturerItemDescription>דנונה פרו 20 גרם חלב</ManufacturerItemDescription>
      <UnitQty>לא ידוע</UnitQty>
      <Quantity>200.00</Quantity>
      <UnitOfMeasure>לא ידוע</UnitOfMeasure>
      <bIsWeighted>0</bIsWeighted>
      <QtyInPackage>לא ידוע</QtyInPackage>
      <ItemPrice>7.00</ItemPrice>
      <UnitOfMeasurePrice>0.0350</UnitOfMeasurePrice>
      <AllowDiscount>1</AllowDiscount>
      <ItemStatus>1</ItemStatus>
      <ItemId>243128</ItemId>
    </Item>
    <Item>
      <PriceUpdateDate>2025-09-03 11:28:21</PriceUpdateDate>
      <ItemCode>7290116534718</ItemCode>
      <ItemType>1</ItemType>
      <ItemName>בדין מדולל מרכך כביס</ItemName>
      <ManufacturerName>לא ידוע</ManufacturerName>
      <ManufactureCountry>לא ידוע</ManufactureCountry>
      <ManufacturerItemDescription>בדין מדולל מרכך כביס</ManufacturerItemDescription>
      <UnitQty>לא ידוע</UnitQty>
      <Quantity>4000.00</Quantity>
      <UnitOfMeasure>לא ידוע</UnitOfMeasure>
      <bIsWeighted>0</bIsWeighted>
      <QtyInPackage>לא ידוע</QtyInPackage>
      <ItemPrice>27.90</ItemPrice>
      <UnitOfMeasurePrice>0.0070</UnitOfMeasurePrice>
      <AllowDiscount>1</AllowDiscount>
      <ItemStatus>1</ItemStatus>
      <ItemId>243136</ItemId>
    </Item>
    <Item>
      <PriceUpdateDate>2025-08-28 10:19:23</PriceUpdateDate>
      <ItemCode>8695543007924</ItemCode>
      <ItemType>1</ItemType>
      <ItemName>גבינת רסטה 150 גרם</ItemName>
      <ManufacturerName>לא ידוע</ManufacturerName>
      <ManufactureCountry>לא ידוע</ManufactureCountry>
      <ManufacturerItemDescription>גבינת רסטה 150 גרם</ManufacturerItemDescription>
      <UnitQty>לא ידוע</UnitQty>
      <Quantity>150.00</Quantity>
      <UnitOfMeasure>לא ידוע</UnitOfMeasure>
      <bIsWeighted>0</bIsWeighted>
      <QtyInPackage>לא ידוע</QtyInPackage>
      <ItemPrice>25.90</ItemPrice>
      <UnitOfMeasurePrice>0.1727</UnitOfMeasurePrice>
      <AllowDiscount>1</AllowDiscount>
      <ItemStatus>1</ItemStatus>
      <ItemId>243191</ItemId>
    </Item>
    <Item>
      <PriceUpdateDate>2025-09-07 10:42:08</PriceUpdateDate>
      <ItemCode>7290108357370</ItemCode>
      <ItemType>1</ItemType>
      <ItemName>ריצפז פרש הום בניחוח</ItemName>
      <ManufacturerName>לא ידוע</ManufacturerName>
      <ManufactureCountry>לא ידוע</ManufactureCountry>
      <ManufacturerItemDescription>ריצפז פרש הום בניחוח</ManufacturerItemDescription>
      <UnitQty>ליטרים</UnitQty>
      <Quantity>2.00</Quantity>
      <UnitOfMeasure>ליטר    </UnitOfMeasure>
      <bIsWeighted>0</bIsWeighted>
      <QtyInPackage>לא ידוע</QtyInPackage>
      <ItemPrice>22.90</ItemPrice>
      <UnitOfMeasurePrice>11.4500</UnitOfMeasurePrice>
      <AllowDiscount>1</AllowDiscount>
      <ItemStatus>1</ItemStatus>
      <ItemId>243210</ItemId>
    </Item>
    <Item>
      <PriceUpdateDate>2025-08-31 08:46:28</PriceUpdateDate>
      <ItemCode>4820154723442</ItemCode>
      <ItemType>1</ItemType>
      <ItemName>טילון גלידת שמנת וני</ItemName>
      <ManufacturerName>לא ידוע</ManufacturerName>
      <ManufactureCountry>לא ידוע</ManufactureCountry>
      <ManufacturerItemDescription>טילון גלידת שמנת וני</ManufacturerItemDescription>
      <UnitQty>לא ידוע</UnitQty>
      <Quantity>100.00</Quantity>
      <UnitOfMeasure>לא ידוע</UnitOfMeasure>
      <bIsWeighted>0</bIsWeighted>
      <QtyInPackage>לא ידוע</QtyInPackage>
      <ItemPrice>9.90</ItemPrice>
      <UnitOfMeasurePrice>0.0990</UnitOfMeasurePrice>
      <AllowDiscount>1</AllowDiscount>
      <ItemStatus>1</ItemStatus>
      <ItemId>243242</ItemId>
    </Item>
    <Item>
      <PriceUpdateDate>2025-08-31 08:46:22</PriceUpdateDate>
      <ItemCode>4820077161666</ItemCode>
      <ItemType>1</ItemType>
      <ItemName>גלידה שמנת בטעם וניל</ItemName>
      <ManufacturerName>לא ידוע</ManufacturerName>
      <ManufactureCountry>לא ידוע</ManufactureCountry>
      <ManufacturerItemDescription>גלידה שמנת בטעם וניל</ManufacturerItemDescription>
      <UnitQty>לא ידוע</UnitQty>
      <Quantity>80.00</Quantity>
      <UnitOfMeasure>לא ידוע</UnitOfMeasure>
      <bIsWeighted>0</bIsWeighted>
      <QtyInPackage>לא ידוע</QtyInPackage>
      <ItemPrice>9.90</ItemPrice>
      <UnitOfMeasurePrice>0.1238</UnitOfMeasurePrice>
      <AllowDiscount>1</AllowDiscount>
      <ItemStatus>1</ItemStatus>
      <ItemId>243246</ItemId>
    </Item>
    <Item>
      <PriceUpdateDate>2025-08-20 09:03:23</PriceUpdateDate>
      <ItemCode>4009900546140</ItemCode>
      <ItemType>1</ItemType>
      <ItemName>סקיטלס ג'איינט פירות</ItemName>
      <ManufacturerName>לא ידוע</ManufacturerName>
      <ManufactureCountry>לא ידוע</ManufactureCountry>
      <ManufacturerItemDescription>סקיטלס ג'איינט פירות</ManufacturerItemDescription>
      <UnitQty>לא ידוע</UnitQty>
      <Quantity>132.00</Quantity>
      <UnitOfMeasure>לא ידוע</UnitOfMeasure>
      <bIsWeighted>0</bIsWeighted>
      <QtyInPackage>לא ידוע</QtyInPackage>
      <ItemPrice>14.90</ItemPrice>
      <UnitOfMeasurePrice>0.1129</UnitOfMeasurePrice>
      <AllowDiscount>1</AllowDiscount>
      <ItemStatus>1</ItemStatus>
      <ItemId>247972</ItemId>
    </Item>
    <Item>
      <PriceUpdateDate>2025-08-18 14:32:28</PriceUpdateDate>
      <ItemCode>5011321333222</ItemCode>
      <ItemType>1</ItemType>
      <ItemName>שולדרס שמפו קלאסי 40</ItemName>
      <ManufacturerName>לא ידוע</ManufacturerName>
      <ManufactureCountry>לא ידוע</ManufactureCountry>
      <ManufacturerItemDescription>שולדרס שמפו קלאסי 40</ManufacturerItemDescription>
      <UnitQty>לא ידוע</UnitQty>
      <Quantity>400.00</Quantity>
      <UnitOfMeasure>לא ידוע</UnitOfMeasure>
      <bIsWeighted>0</bIsWeighted>
      <QtyInPackage>לא ידוע</QtyInPackage>
      <ItemPrice>20.90</ItemPrice>
      <UnitOfMeasurePrice>0.0522</UnitOfMeasurePrice>
      <AllowDiscount>1</AllowDiscount>
      <ItemStatus>1</ItemStatus>
      <ItemId>243337</ItemId>
    </Item>
    <Item>
      <PriceUpdateDate>2025-04-22 12:20:37</PriceUpdateDate>
      <ItemCode>8008912013196</ItemCode>
      <ItemType>1</ItemType>
      <ItemName>ליגורי פסטה  ריגטי 5</ItemName>
      <ManufacturerName>לא ידוע</ManufacturerName>
      <ManufactureCountry>לא ידוע</ManufactureCountry>
      <ManufacturerItemDescription>ליגורי פסטה  ריגטי 5</ManufacturerItemDescription>
      <UnitQty>לא ידוע</UnitQty>
      <Quantity>500.00</Quantity>
      <UnitOfMeasure>לא ידוע</UnitOfMeasure>
      <bIsWeighted>0</bIsWeighted>
      <QtyInPackage>לא ידוע</QtyInPackage>
      <ItemPrice>16.90</ItemPrice>
      <UnitOfMeasurePrice>0.0338</UnitOfMeasurePrice>
      <AllowDiscount>1</AllowDiscount>
      <ItemStatus>1</ItemStatus>
      <ItemId>254185</ItemId>
    </Item>
    <Item>
      <PriceUpdateDate>2025-09-03 15:19:33</PriceUpdateDate>
      <ItemCode>7290013329004</ItemCode>
      <ItemType>1</ItemType>
      <ItemName>סילאן 900 ג'ר ללא תו</ItemName>
      <ManufacturerName>לא ידוע</ManufacturerName>
      <ManufactureCountry>לא ידוע</ManufactureCountry>
      <ManufacturerItemDescription>סילאן 900 ג'ר ללא תו</ManufacturerItemDescription>
      <UnitQty>לא ידוע</UnitQty>
      <Quantity>900.00</Quantity>
      <UnitOfMeasure>לא ידוע</UnitOfMeasure>
      <bIsWeighted>0</bIsWeighted>
      <QtyInPackage>לא ידוע</QtyInPackage>
      <ItemPrice>20.90</ItemPrice>
      <UnitOfMeasurePrice>0.0232</UnitOfMeasurePrice>
      <AllowDiscount>1</AllowDiscount>
      <ItemStatus>1</ItemStatus>
      <ItemId>249402</ItemId>
    </Item>
    <Item>
      <PriceUpdateDate>2025-08-26 12:48:47</PriceUpdateDate>
      <ItemCode>7290112005502</ItemCode>
      <ItemType>1</ItemType>
      <ItemName>איירוויק אקטיב פרש+מ</ItemName>
      <ManufacturerName>לא ידוע</ManufacturerName>
      <ManufactureCountry>לא ידוע</ManufactureCountry>
      <ManufacturerItemDescription>איירוויק אקטיב פרש+מ</ManufacturerItemDescription>
      <UnitQty>יחידה   </UnitQty>
      <Quantity>0.00</Quantity>
      <UnitOfMeasure>יחידה   </UnitOfMeasure>
      <bIsWeighted>0</bIsWeighted>
      <QtyInPackage>לא ידוע</QtyInPackage>
      <ItemPrice>61.00</ItemPrice>
      <UnitOfMeasurePrice>0.0000</UnitOfMeasurePrice>
      <AllowDiscount>1</AllowDiscount>
      <ItemStatus>1</ItemStatus>
      <ItemId>243370</ItemId>
    </Item>
    <Item>
      <PriceUpdateDate>2025-08-26 12:48:58</PriceUpdateDate>
      <ItemCode>7290112005533</ItemCode>
      <ItemType>1</ItemType>
      <ItemName>איירוויק מילוי מבשם</ItemName>
      <ManufacturerName>לא ידוע</ManufacturerName>
      <ManufactureCountry>לא ידוע</ManufactureCountry>
      <ManufacturerItemDescription>איירוויק מילוי מבשם</ManufacturerItemDescription>
      <UnitQty>יחידה   </UnitQty>
      <Quantity>0.00</Quantity>
      <UnitOfMeasure>יחידה   </UnitOfMeasure>
      <bIsWeighted>0</bIsWeighted>
      <QtyInPackage>לא ידוע</QtyInPackage>
      <ItemPrice>22.90</ItemPrice>
      <UnitOfMeasurePrice>0.0000</UnitOfMeasurePrice>
      <AllowDiscount>1</AllowDiscount>
      <ItemStatus>1</ItemStatus>
      <ItemId>243373</ItemId>
    </Item>
    <Item>
      <PriceUpdateDate>2025-08-26 12:49:00</PriceUpdateDate>
      <ItemCode>7290112005540</ItemCode>
      <ItemType>1</ItemType>
      <ItemName>איירוויק מילוי מבשם</ItemName>
      <ManufacturerName>לא ידוע</ManufacturerName>
      <ManufactureCountry>לא ידוע</ManufactureCountry>
      <ManufacturerItemDescription>איירוויק מילוי מבשם</ManufacturerItemDescription>
      <UnitQty>יחידה   </UnitQty>
      <Quantity>0.00</Quantity>
      <UnitOfMeasure>יחידה   </UnitOfMeasure>
      <bIsWeighted>0</bIsWeighted>
      <QtyInPackage>לא ידוע</QtyInPackage>
      <ItemPrice>22.90</ItemPrice>
      <UnitOfMeasurePrice>0.0000</UnitOfMeasurePrice>
      <AllowDiscount>1</AllowDiscount>
      <ItemStatus>1</ItemStatus>
      <ItemId>243374</ItemId>
    </Item>
    <Item>
      <PriceUpdateDate>2025-08-26 12:49:03</PriceUpdateDate>
      <ItemCode>7290112005595</ItemCode>
      <ItemType>1</ItemType>
      <ItemName>איירוויק ספריי 300 מ</ItemName>
      <ManufacturerName>לא ידוע</ManufacturerName>
      <ManufactureCountry>לא ידוע</ManufactureCountry>
      <ManufacturerItemDescription>איירוויק ספריי 300 מ</ManufacturerItemDescription>
      <UnitQty>לא ידוע</UnitQty>
      <Quantity>300.00</Quantity>
      <UnitOfMeasure>לא ידוע</UnitOfMeasure>
      <bIsWeighted>0</bIsWeighted>
      <QtyInPackage>לא ידוע</QtyInPackage>
      <ItemPrice>16.90</ItemPrice>
      <UnitOfMeasurePrice>0.0563</UnitOfMeasurePrice>
      <AllowDiscount>1</AllowDiscount>
      <ItemStatus>1</ItemStatus>
      <ItemId>243375</ItemId>
    </Item>
    <Item>
      <PriceUpdateDate>2025-08-21 08:30:39</PriceUpdateDate>
      <ItemCode>7290003956142</ItemCode>
      <ItemType>1</ItemType>
      <ItemName>כדורי מוצרלה בייבי 1</ItemName>
      <ManufacturerName>לא ידוע</ManufacturerName>
      <ManufactureCountry>ישראל</ManufactureCountry>
      <ManufacturerItemDescription>כדורי מוצרלה בייבי 1</ManufacturerItemDescription>
      <UnitQty>קילוגרמים</UnitQty>
      <Quantity>1.00</Quantity>
      <UnitOfMeasure>ק"ג</UnitOfMeasure>
      <bIsWeighted>1</bIsWeighted>
      <QtyInPackage>לא ידוע</QtyInPackage>
      <ItemPrice>179.00</ItemPrice>
      <UnitOfMeasurePrice>179.0000</UnitOfMeasurePrice>
      <AllowDiscount>1</AllowDiscount>
      <ItemStatus>1</ItemStatus>
      <ItemId>245373</ItemId>
    </Item>
    <Item>
      <PriceUpdateDate>2025-08-21 13:05:22</PriceUpdateDate>
      <ItemCode>7290119384068</ItemCode>
      <ItemType>1</ItemType>
      <ItemName>פרה קראנצ' אגוזים 10</ItemName>
      <ManufacturerName>לא ידוע</ManufacturerName>
      <ManufactureCountry>לא ידוע</ManufactureCountry>
      <ManufacturerItemDescription>פרה קראנצ' אגוזים 10</ManufacturerItemDescription>
      <UnitQty>לא ידוע</UnitQty>
      <Quantity>100.00</Quantity>
      <UnitOfMeasure>לא ידוע</UnitOfMeasure>
      <bIsWeighted>0</bIsWeighted>
      <QtyInPackage>לא ידוע</QtyInPackage>
      <ItemPrice>9.90</ItemPrice>
      <UnitOfMeasurePrice>0.0990</UnitOfMeasurePrice>
      <AllowDiscount>1</AllowDiscount>
      <ItemStatus>1</ItemStatus>
      <ItemId>255708</ItemId>
    </Item>
    <Item>
      <PriceUpdateDate>2025-08-19 09:35:30</PriceUpdateDate>
      <ItemCode>5410126806250</ItemCode>
      <ItemType>1</ItemType>
      <ItemName>עוגיות ביסקויט בטעם</ItemName>
      <ManufacturerName>קריות זול</ManufacturerName>
      <ManufactureCountry>לא ידוע</ManufactureCountry>
      <ManufacturerItemDescription>עוגיות ביסקויט בטעם</ManufacturerItemDescription>
      <UnitQty>לא ידוע</UnitQty>
      <Quantity>525.00</Quantity>
      <UnitOfMeasure>לא ידוע</UnitOfMeasure>
      <bIsWeighted>0</bIsWeighted>
      <QtyInPackage>לא ידוע</QtyInPackage>
      <ItemPrice>28.90</ItemPrice>
      <UnitOfMeasurePrice>0.0550</UnitOfMeasurePrice>
      <AllowDiscount>1</AllowDiscount>
      <ItemStatus>1</ItemStatus>
      <ItemId>245966</ItemId>
    </Item>
    <Item>
      <PriceUpdateDate>2025-09-03 13:28:55</PriceUpdateDate>
      <ItemCode>7610700612293</ItemCode>
      <ItemType>1</ItemType>
      <ItemName>ריקולה ללא ת.סוכר לי</ItemName>
      <ManufacturerName>לא ידוע</ManufacturerName>
      <ManufactureCountry>לא ידוע</ManufactureCountry>
      <ManufacturerItemDescription>ריקולה ללא ת.סוכר לי</ManufacturerItemDescription>
      <UnitQty>לא ידוע</UnitQty>
      <Quantity>50.00</Quantity>
      <UnitOfMeasure>לא ידוע</UnitOfMeasure>
      <bIsWeighted>0</bIsWeighted>
      <QtyInPackage>לא ידוע</QtyInPackage>
      <ItemPrice>14.90</ItemPrice>
      <UnitOfMeasurePrice>0.2980</UnitOfMeasurePrice>
      <AllowDiscount>1</AllowDiscount>
      <ItemStatus>1</ItemStatus>
      <ItemId>246289</ItemId>
    </Item>
    <Item>
      <PriceUpdateDate>2025-09-03 15:30:46</PriceUpdateDate>
      <ItemCode>7290018776896</ItemCode>
      <ItemType>1</ItemType>
      <ItemName>זית סורי מבוקע 600 ג</ItemName>
      <ManufacturerName>לא ידוע</ManufacturerName>
      <ManufactureCountry>לא ידוע</ManufactureCountry>
      <ManufacturerItemDescription>זית סורי מבוקע 600 ג</ManufacturerItemDescription>
      <UnitQty>לא ידוע</UnitQty>
      <Quantity>600.00</Quantity>
      <UnitOfMeasure>לא ידוע</UnitOfMeasure>
      <bIsWeighted>0</bIsWeighted>
      <QtyInPackage>לא ידוע</QtyInPackage>
      <ItemPrice>20.90</ItemPrice>
      <UnitOfMeasurePrice>0.0348</UnitOfMeasurePrice>
      <AllowDiscount>1</AllowDiscount>
      <ItemStatus>1</ItemStatus>
      <ItemId>249675</ItemId>
    </Item>
    <Item>
      <PriceUpdateDate>2025-09-08 07:58:32</PriceUpdateDate>
      <ItemCode>8718951433120</ItemCode>
      <ItemType>1</ItemType>
      <ItemName>קולגייט מש.טוטל גוני</ItemName>
      <ManufacturerName>לא ידוע</ManufacturerName>
      <ManufactureCountry>לא ידוע</ManufactureCountry>
      <ManufacturerItemDescription>קולגייט מש.טוטל גוני</ManufacturerItemDescription>
      <UnitQty>יחידה   </UnitQty>
      <Quantity>0.00</Quantity>
      <UnitOfMeasure>יחידה   </UnitOfMeasure>
      <bIsWeighted>0</bIsWeighted>
      <QtyInPackage>לא ידוע</QtyInPackage>
      <ItemPrice>19.90</ItemPrice>
      <UnitOfMeasurePrice>0.0000</UnitOfMeasurePrice>
      <AllowDiscount>1</AllowDiscount>
      <ItemStatus>1</ItemStatus>
      <ItemId>251216</ItemId>
    </Item>
    <Item>
      <PriceUpdateDate>2025-12-04 12:20:27</PriceUpdateDate>
      <ItemCode>7290121750165</ItemCode>
      <ItemType>1</ItemType>
      <ItemName>אל סבון ניחוח לימונצ</ItemName>
      <ManufacturerName>לא ידוע</ManufacturerName>
      <ManufactureCountry>לא ידוע</ManufactureCountry>
      <ManufacturerItemDescription>אל סבון ניחוח לימונצ</ManufacturerItemDescription>
      <UnitQty>לא ידוע</UnitQty>
      <Quantity>1000.00</Quantity>
      <UnitOfMeasure>לא ידוע</UnitOfMeasure>
      <bIsWeighted>0</bIsWeighted>
      <QtyInPackage>לא ידוע</QtyInPackage>
      <ItemPrice>13.90</ItemPrice>
      <UnitOfMeasurePrice>0.0139</UnitOfMeasurePrice>
      <AllowDiscount>1</AllowDiscount>
      <ItemStatus>1</ItemStatus>
      <ItemId>256712</ItemId>
    </Item>
    <Item>
      <PriceUpdateDate>2025-08-19 09:35:29</PriceUpdateDate>
      <ItemCode>5410126726244</ItemCode>
      <ItemType>1</ItemType>
      <ItemName>לוטוס ביסקוויט קרמל</ItemName>
      <ManufacturerName>לא ידוע</ManufacturerName>
      <ManufactureCountry>לא ידוע</ManufactureCountry>
      <ManufacturerItemDescription>לוטוס ביסקוויט קרמל</ManufacturerItemDescription>
      <UnitQty>לא ידוע</UnitQty>
      <Quantity>217.00</Quantity>
      <UnitOfMeasure>לא ידוע</UnitOfMeasure>
      <bIsWeighted>0</bIsWeighted>
      <QtyInPackage>לא ידוע</QtyInPackage>
      <ItemPrice>15.90</ItemPrice>
      <UnitOfMeasurePrice>0.0733</UnitOfMeasurePrice>
      <AllowDiscount>1</AllowDiscount>
      <ItemStatus>1</ItemStatus>
      <ItemId>246810</ItemId>
    </Item>
    <Item>
      <PriceUpdateDate>2025-08-21 13:56:25</PriceUpdateDate>
      <ItemCode>8000500384794</ItemCode>
      <ItemType>1</ItemType>
      <ItemName>קינדר טרונקי 5*18גר</ItemName>
      <ManufacturerName>לא ידוע</ManufacturerName>
      <ManufactureCountry>לא ידוע</ManufactureCountry>
      <ManufacturerItemDescription>קינדר טרונקי 5*18גר</ManufacturerItemDescription>
      <UnitQty>לא ידוע</UnitQty>
      <Quantity>90.00</Quantity>
      <UnitOfMeasure>לא ידוע</UnitOfMeasure>
      <bIsWeighted>0</bIsWeighted>
      <QtyInPackage>לא ידוע</QtyInPackage>
      <ItemPrice>16.90</ItemPrice>
      <UnitOfMeasurePrice>0.1878</UnitOfMeasurePrice>
      <AllowDiscount>1</AllowDiscount>
      <ItemStatus>1</ItemStatus>
      <ItemId>243470</ItemId>
    </Item>
    <Item>
      <PriceUpdateDate>2025-09-03 14:12:09</PriceUpdateDate>
      <ItemCode>7290111012570</ItemCode>
      <ItemType>1</ItemType>
      <ItemName>דבש צור יצחק 300 גרם</ItemName>
      <ManufacturerName>פריטי המותג של יאיר</ManufacturerName>
      <ManufactureCountry>לא ידוע</ManufactureCountry>
      <ManufacturerItemDescription>דבש צור יצחק 300 גרם</ManufacturerItemDescription>
      <UnitQty>לא ידוע</UnitQty>
      <Quantity>300.00</Quantity>
      <UnitOfMeasure>לא ידוע</UnitOfMeasure>
      <bIsWeighted>0</bIsWeighted>
      <QtyInPackage>לא ידוע</QtyInPackage>
      <ItemPrice>16.90</ItemPrice>
      <UnitOfMeasurePrice>0.0563</UnitOfMeasurePrice>
      <AllowDiscount>1</AllowDiscount>
      <ItemStatus>1</ItemStatus>
      <ItemId>243493</ItemId>
    </Item>
    <Item>
      <PriceUpdateDate>2025-10-22 15:05:20</PriceUpdateDate>
      <ItemCode>7290119380596</ItemCode>
      <ItemType>1</ItemType>
      <ItemName>מטבוחציל  400 גרם</ItemName>
      <ManufacturerName>לא ידוע</ManufacturerName>
      <ManufactureCountry>לא ידוע</ManufactureCountry>
      <ManufacturerItemDescription>מטבוחציל  400 גרם</ManufacturerItemDescription>
      <UnitQty>לא ידוע</UnitQty>
      <Quantity>400.00</Quantity>
      <UnitOfMeasure>לא ידוע</UnitOfMeasure>
      <bIsWeighted>0</bIsWeighted>
      <QtyInPackage>לא ידוע</QtyInPackage>
      <ItemPrice>18.90</ItemPrice>
      <UnitOfMeasurePrice>0.0472</UnitOfMeasurePrice>
      <AllowDiscount>1</AllowDiscount>
      <ItemStatus>1</ItemStatus>
      <ItemId>256214</ItemId>
    </Item>
    <Item>
      <PriceUpdateDate>2025-08-28 10:19:19</PriceUpdateDate>
      <ItemCode>7290117267394</ItemCode>
      <ItemType>1</ItemType>
      <ItemName>רביעיית טונה בשמן זי</ItemName>
      <ManufacturerName>לא ידוע</ManufacturerName>
      <ManufactureCountry>לא ידוע</ManufactureCountry>
      <ManufacturerItemDescription>רביעיית טונה בשמן זי</ManufacturerItemDescription>
      <UnitQty>לא ידוע</UnitQty>
      <Quantity>560.00</Quantity>
      <UnitOfMeasure>לא ידוע</UnitOfMeasure>
      <bIsWeighted>0</bIsWeighted>
      <QtyInPackage>לא ידוע</QtyInPackage>
      <ItemPrice>29.50</ItemPrice>
      <UnitOfMeasurePrice>0.0527</UnitOfMeasurePrice>
      <AllowDiscount>1</AllowDiscount>
      <ItemStatus>1</ItemStatus>
      <ItemId>255330</ItemId>
    </Item>
    <Item>
      <PriceUpdateDate>2025-08-31 10:23:33</PriceUpdateDate>
      <ItemCode>8006540544143</ItemCode>
      <ItemType>1</ItemType>
      <ItemName>ג'ילט דאודורנט קליר</ItemName>
      <ManufacturerName>לא ידוע</ManufacturerName>
      <ManufactureCountry>לא ידוע</ManufactureCountry>
      <ManufacturerItemDescription>ג'ילט דאודורנט קליר</ManufacturerItemDescription>
      <UnitQty>יחידה   </UnitQty>
      <Quantity>0.00</Quantity>
      <UnitOfMeasure>יחידה   </UnitOfMeasure>
      <bIsWeighted>0</bIsWeighted>
      <QtyInPackage>לא ידוע</QtyInPackage>
      <ItemPrice>18.90</ItemPrice>
      <UnitOfMeasurePrice>0.0000</UnitOfMeasurePrice>
      <AllowDiscount>1</AllowDiscount>
      <ItemStatus>1</ItemStatus>
      <ItemId>243520</ItemId>
    </Item>
    <Item>
      <PriceUpdateDate>2025-09-08 07:55:37</PriceUpdateDate>
      <ItemCode>7290017872070</ItemCode>
      <ItemType>1</ItemType>
      <ItemName>מגבוני פרשוואנס שליש</ItemName>
      <ManufacturerName>לא ידוע</ManufacturerName>
      <ManufactureCountry>לא ידוע</ManufactureCountry>
      <ManufacturerItemDescription>מגבוני פרשוואנס שליש</ManufacturerItemDescription>
      <UnitQty>יחידה   </UnitQty>
      <Quantity>0.00</Quantity>
      <UnitOfMeasure>יחידה   </UnitOfMeasure>
      <bIsWeighted>0</bIsWeighted>
      <QtyInPackage>לא ידוע</QtyInPackage>
      <ItemPrice>15.90</ItemPrice>
      <UnitOfMeasurePrice>0.0000</UnitOfMeasurePrice>
      <AllowDiscount>1</AllowDiscount>
      <ItemStatus>1</ItemStatus>
      <ItemId>243522</ItemId>
    </Item>
    <Item>
      <PriceUpdateDate>2025-08-31 08:46:30</PriceUpdateDate>
      <ItemCode>4823097811849</ItemCode>
      <ItemType>1</ItemType>
      <ItemName>גלידת שמנת משובחת "א</ItemName>
      <ManufacturerName>לא ידוע</ManufacturerName>
      <ManufactureCountry>לא ידוע</ManufactureCountry>
      <ManufacturerItemDescription>גלידת שמנת משובחת "א</ManufacturerItemDescription>
      <UnitQty>לא ידוע</UnitQty>
      <Quantity>70.00</Quantity>
      <UnitOfMeasure>לא ידוע</UnitOfMeasure>
      <bIsWeighted>0</bIsWeighted>
      <QtyInPackage>לא ידוע</QtyInPackage>
      <ItemPrice>9.90</ItemPrice>
      <UnitOfMeasurePrice>0.1414</UnitOfMeasurePrice>
      <AllowDiscount>1</AllowDiscount>
      <ItemStatus>1</ItemStatus>
      <ItemId>243560</ItemId>
    </Item>
    <Item>
      <PriceUpdateDate>2025-08-26 16:16:24</PriceUpdateDate>
      <ItemCode>7290012884986</ItemCode>
      <ItemType>1</ItemType>
      <ItemName>צ'יפס לתנור תפוגן 4%</ItemName>
      <ManufacturerName>לא ידוע</ManufacturerName>
      <ManufactureCountry>לא ידוע</ManufactureCountry>
      <ManufacturerItemDescription>צ'יפס לתנור תפוגן 4%</ManufacturerItemDescription>
      <UnitQty>לא ידוע</UnitQty>
      <Quantity>1500.00</Quantity>
      <UnitOfMeasure>לא ידוע</UnitOfMeasure>
      <bIsWeighted>0</bIsWeighted>
      <QtyInPackage>לא ידוע</QtyInPackage>
      <ItemPrice>32.90</ItemPrice>
      <UnitOfMeasurePrice>0.0219</UnitOfMeasurePrice>
      <AllowDiscount>1</AllowDiscount>
      <ItemStatus>1</ItemStatus>
      <ItemId>243668</ItemId>
    </Item>
    <Item>
      <PriceUpdateDate>2025-08-19 11:29:50</PriceUpdateDate>
      <ItemCode>7290000377612</ItemCode>
      <ItemType>1</ItemType>
      <ItemName>פריגת סחוט תפוזים 40</ItemName>
      <ManufacturerName>קריות זול</ManufacturerName>
      <ManufactureCountry>לא ידוע</ManufactureCountry>
      <ManufacturerItemDescription>פריגת סחוט תפוזים 40</ManufacturerItemDescription>
      <UnitQty>לא ידוע</UnitQty>
      <Quantity>400.00</Quantity>
      <UnitOfMeasure>לא ידוע</UnitOfMeasure>
      <bIsWeighted>0</bIsWeighted>
      <QtyInPackage>לא ידוע</QtyInPackage>
      <ItemPrice>11.80</ItemPrice>
      <UnitOfMeasurePrice>0.0295</UnitOfMeasurePrice>
      <AllowDiscount>1</AllowDiscount>
      <ItemStatus>1</ItemStatus>
      <ItemId>243863</ItemId>
    </Item>
    <Item>
      <PriceUpdateDate>2025-12-03 10:20:12</PriceUpdateDate>
      <ItemCode>7290006374684</ItemCode>
      <ItemType>1</ItemType>
      <ItemName>ש.זית יד מרדכי 500 מ</ItemName>
      <ManufacturerName>לא ידוע</ManufacturerName>
      <ManufactureCountry>לא ידוע</ManufactureCountry>
      <ManufacturerItemDescription>ש.זית יד מרדכי 500 מ</ManufacturerItemDescription>
      <UnitQty>לא ידוע</UnitQty>
      <Quantity>500.00</Quantity>
      <UnitOfMeasure>לא ידוע</UnitOfMeasure>
      <bIsWeighted>0</bIsWeighted>
      <QtyInPackage>לא ידוע</QtyInPackage>
      <ItemPrice>33.90</ItemPrice>
      <UnitOfMeasurePrice>0.0678</UnitOfMeasurePrice>
      <AllowDiscount>1</AllowDiscount>
      <ItemStatus>1</ItemStatus>
      <ItemId>244164</ItemId>
    </Item>
    <Item>
      <PriceUpdateDate>2025-08-20 16:33:11</PriceUpdateDate>
      <ItemCode>50000543557</ItemCode>
      <ItemType>1</ItemType>
      <ItemName>פריסקיז פטה הודו 156</ItemName>
      <ManufacturerName>לא ידוע</ManufacturerName>
      <ManufactureCountry>לא ידוע</ManufactureCountry>
      <ManufacturerItemDescription>פריסקיז פטה הודו 156</ManufacturerItemDescription>
      <UnitQty>לא ידוע</UnitQty>
      <Quantity>156.00</Quantity>
      <UnitOfMeasure>לא ידוע</UnitOfMeasure>
      <bIsWeighted>0</bIsWeighted>
      <QtyInPackage>לא ידוע</QtyInPackage>
      <ItemPrice>7.90</ItemPrice>
      <UnitOfMeasurePrice>0.0506</UnitOfMeasurePrice>
      <AllowDiscount>1</AllowDiscount>
      <ItemStatus>1</ItemStatus>
      <ItemId>247538</ItemId>
    </Item>
    <Item>
      <PriceUpdateDate>2023-08-22 15:26:51</PriceUpdateDate>
      <ItemCode>7290113194625</ItemCode>
      <ItemType>1</ItemType>
      <ItemName>מובחרים מן הטבע קטני</ItemName>
      <ManufacturerName>לא ידוע</ManufacturerName>
      <ManufactureCountry>לא ידוע</ManufactureCountry>
      <ManufacturerItemDescription>מובחרים מן הטבע קטני</ManufacturerItemDescription>
      <UnitQty>לא ידוע</UnitQty>
      <Quantity>300.00</Quantity>
      <UnitOfMeasure>לא ידוע</UnitOfMeasure>
      <bIsWeighted>0</bIsWeighted>
      <QtyInPackage>לא ידוע</QtyInPackage>
      <ItemPrice>10.00</ItemPrice>
      <UnitOfMeasurePrice>0.0333</UnitOfMeasurePrice>
      <AllowDiscount>1</AllowDiscount>
      <ItemStatus>1</ItemStatus>
      <ItemId>244324</ItemId>
    </Item>
    <Item>
      <PriceUpdateDate>2023-08-22 15:26:51</PriceUpdateDate>
      <ItemCode>7290113195837</ItemCode>
      <ItemType>1</ItemType>
      <ItemName>מובחרים מן הטבע 700</ItemName>
      <ManufacturerName>לא ידוע</ManufacturerName>
      <ManufactureCountry>לא ידוע</ManufactureCountry>
      <ManufacturerItemDescription>מובחרים מן הטבע 700</ManufacturerItemDescription>
      <UnitQty>לא ידוע</UnitQty>
      <Quantity>0.00</Quantity>
      <UnitOfMeasure>לא ידוע</UnitOfMeasure>
      <bIsWeighted>0</bIsWeighted>
      <QtyInPackage>לא ידוע</QtyInPackage>
      <ItemPrice>10.00</ItemPrice>
      <UnitOfMeasurePrice>0.0000</UnitOfMeasurePrice>
      <AllowDiscount>1</AllowDiscount>
      <ItemStatus>1</ItemStatus>
      <ItemId>244325</ItemId>
    </Item>
    <Item>
      <PriceUpdateDate>2023-08-22 15:26:51</PriceUpdateDate>
      <ItemCode>7290113195851</ItemCode>
      <ItemType>1</ItemType>
      <ItemName>מובחרים מן הטבע קטני</ItemName>
      <ManufacturerName>לא ידוע</ManufacturerName>
      <ManufactureCountry>לא ידוע</ManufactureCountry>
      <ManufacturerItemDescription>מובחרים מן הטבע קטני</ManufacturerItemDescription>
      <UnitQty>לא ידוע</UnitQty>
      <Quantity>1000.00</Quantity>
      <UnitOfMeasure>לא ידוע</UnitOfMeasure>
      <bIsWeighted>0</bIsWeighted>
      <QtyInPackage>לא ידוע</QtyInPackage>
      <ItemPrice>10.00</ItemPrice>
      <UnitOfMeasurePrice>0.0100</UnitOfMeasurePrice>
      <AllowDiscount>1</AllowDiscount>
      <ItemStatus>1</ItemStatus>
      <ItemId>244327</ItemId>
    </Item>
    <Item>
      <PriceUpdateDate>2025-09-08 08:00:33</PriceUpdateDate>
      <ItemCode>8006540951903</ItemCode>
      <ItemType>1</ItemType>
      <ItemName>אריאל קפסולות 23 יח'</ItemName>
      <ManufacturerName>לא ידוע</ManufacturerName>
      <ManufactureCountry>לא ידוע</ManufactureCountry>
      <ManufacturerItemDescription>אריאל קפסולות 23 יח'</ManufacturerItemDescription>
      <UnitQty>יחידה   </UnitQty>
      <Quantity>0.00</Quantity>
      <UnitOfMeasure>יחידה   </UnitOfMeasure>
      <bIsWeighted>0</bIsWeighted>
      <QtyInPackage>לא ידוע</QtyInPackage>
      <ItemPrice>38.90</ItemPrice>
      <UnitOfMeasurePrice>0.0000</UnitOfMeasurePrice>
      <AllowDiscount>1</AllowDiscount>
      <ItemStatus>1</ItemStatus>
      <ItemId>244338</ItemId>
    </Item>
    <Item>
      <PriceUpdateDate>2025-09-08 08:00:33</PriceUpdateDate>
      <ItemCode>8006540951767</ItemCode>
      <ItemType>1</ItemType>
      <ItemName>אריאל קפסולות 23 יח'</ItemName>
      <ManufacturerName>לא ידוע</ManufacturerName>
      <ManufactureCountry>לא ידוע</ManufactureCountry>
      <ManufacturerItemDescription>אריאל קפסולות 23 יח'</ManufacturerItemDescription>
      <UnitQty>יחידה   </UnitQty>
      <Quantity>0.00</Quantity>
      <UnitOfMeasure>יחידה   </UnitOfMeasure>
      <bIsWeighted>0</bIsWeighted>
      <QtyInPackage>לא ידוע</QtyInPackage>
      <ItemPrice>38.90</ItemPrice>
      <UnitOfMeasurePrice>0.0000</UnitOfMeasurePrice>
      <AllowDiscount>1</AllowDiscount>
      <ItemStatus>1</ItemStatus>
      <ItemId>244339</ItemId>
    </Item>
    <Item>
      <PriceUpdateDate>2025-11-04 14:42:27</PriceUpdateDate>
      <ItemCode>7290003744855</ItemCode>
      <ItemType>1</ItemType>
      <ItemName>אובלטים מלוחים שומשו</ItemName>
      <ManufacturerName>לא ידוע</ManufacturerName>
      <ManufactureCountry>לא ידוע</ManufactureCountry>
      <ManufacturerItemDescription>אובלטים מלוחים שומשו</ManufacturerItemDescription>
      <UnitQty>לא ידוע</UnitQty>
      <Quantity>300.00</Quantity>
      <UnitOfMeasure>לא ידוע</UnitOfMeasure>
      <bIsWeighted>0</bIsWeighted>
      <QtyInPackage>לא ידוע</QtyInPackage>
      <ItemPrice>15.90</ItemPrice>
      <UnitOfMeasurePrice>0.0530</UnitOfMeasurePrice>
      <AllowDiscount>1</AllowDiscount>
      <ItemStatus>1</ItemStatus>
      <ItemId>244350</ItemId>
    </Item>
    <Item>
      <PriceUpdateDate>2025-09-03 13:28:54</PriceUpdateDate>
      <ItemCode>7610700009956</ItemCode>
      <ItemType>1</ItemType>
      <ItemName>ריקולה סמבוקוס ללא ס</ItemName>
      <ManufacturerName>לא ידוע</ManufacturerName>
      <ManufactureCountry>לא ידוע</ManufactureCountry>
      <ManufacturerItemDescription>ריקולה סמבוקוס ללא ס</ManufacturerItemDescription>
      <UnitQty>יחידה   </UnitQty>
      <Quantity>0.00</Quantity>
      <UnitOfMeasure>יחידה   </UnitOfMeasure>
      <bIsWeighted>0</bIsWeighted>
      <QtyInPackage>לא ידוע</QtyInPackage>
      <ItemPrice>14.90</ItemPrice>
      <UnitOfMeasurePrice>0.0000</UnitOfMeasurePrice>
      <AllowDiscount>1</AllowDiscount>
      <ItemStatus>1</ItemStatus>
      <ItemId>244353</ItemId>
    </Item>
    <Item>
      <PriceUpdateDate>2025-09-03 13:28:54</PriceUpdateDate>
      <ItemCode>7610700010778</ItemCode>
      <ItemType>1</ItemType>
      <ItemName>ריקולה סוכ.פטל חמוצי</ItemName>
      <ManufacturerName>לא ידוע</ManufacturerName>
      <ManufactureCountry>לא ידוע</ManufactureCountry>
      <ManufacturerItemDescription>ריקולה סוכ.פטל חמוצי</ManufacturerItemDescription>
      <UnitQty>יחידה   </UnitQty>
      <Quantity>0.00</Quantity>
      <UnitOfMeasure>יחידה   </UnitOfMeasure>
      <bIsWeighted>0</bIsWeighted>
      <QtyInPackage>לא ידוע</QtyInPackage>
      <ItemPrice>14.90</ItemPrice>
      <UnitOfMeasurePrice>0.0000</UnitOfMeasurePrice>
      <AllowDiscount>1</AllowDiscount>
      <ItemStatus>1</ItemStatus>
      <ItemId>244354</ItemId>
    </Item>
    <Item>
      <PriceUpdateDate>2025-09-03 13:28:55</PriceUpdateDate>
      <ItemCode>7610700013083</ItemCode>
      <ItemType>1</ItemType>
      <ItemName>ריקולה סוכ.ללא סוכר</ItemName>
      <ManufacturerName>לא ידוע</ManufacturerName>
      <ManufactureCountry>לא ידוע</ManufactureCountry>
      <ManufacturerItemDescription>ריקולה סוכ.ללא סוכר</ManufacturerItemDescription>
      <UnitQty>יחידה   </UnitQty>
      <Quantity>0.00</Quantity>
      <UnitOfMeasure>יחידה   </UnitOfMeasure>
      <bIsWeighted>0</bIsWeighted>
      <QtyInPackage>לא ידוע</QtyInPackage>
      <ItemPrice>14.90</ItemPrice>
      <UnitOfMeasurePrice>0.0000</UnitOfMeasurePrice>
      <AllowDiscount>1</AllowDiscount>
      <ItemStatus>1</ItemStatus>
      <ItemId>244355</ItemId>
    </Item>
    <Item>
      <PriceUpdateDate>2023-08-22 16:29:17</PriceUpdateDate>
      <ItemCode>7290113195868</ItemCode>
      <ItemType>1</ItemType>
      <ItemName>מובחרים מן הטבע 200</ItemName>
      <ManufacturerName>לא ידוע</ManufacturerName>
      <ManufactureCountry>לא ידוע</ManufactureCountry>
      <ManufacturerItemDescription>מובחרים מן הטבע 200</ManufacturerItemDescription>
      <UnitQty>לא ידוע</UnitQty>
      <Quantity>200.00</Quantity>
      <UnitOfMeasure>לא ידוע</UnitOfMeasure>
      <bIsWeighted>0</bIsWeighted>
      <QtyInPackage>לא ידוע</QtyInPackage>
      <ItemPrice>10.00</ItemPrice>
      <UnitOfMeasurePrice>0.0500</UnitOfMeasurePrice>
      <AllowDiscount>1</AllowDiscount>
      <ItemStatus>1</ItemStatus>
      <ItemId>244328</ItemId>
    </Item>
    <Item>
      <PriceUpdateDate>2023-08-22 16:29:18</PriceUpdateDate>
      <ItemCode>7290117903889</ItemCode>
      <ItemType>1</ItemType>
      <ItemName>מובחרים מן הטבע 350</ItemName>
      <ManufacturerName>לא ידוע</ManufacturerName>
      <ManufactureCountry>לא ידוע</ManufactureCountry>
      <ManufacturerItemDescription>מובחרים מן הטבע 350</ManufacturerItemDescription>
      <UnitQty>לא ידוע</UnitQty>
      <Quantity>350.00</Quantity>
      <UnitOfMeasure>לא ידוע</UnitOfMeasure>
      <bIsWeighted>0</bIsWeighted>
      <QtyInPackage>לא ידוע</QtyInPackage>
      <ItemPrice>10.00</ItemPrice>
      <UnitOfMeasurePrice>0.0286</UnitOfMeasurePrice>
      <AllowDiscount>1</AllowDiscount>
      <ItemStatus>1</ItemStatus>
      <ItemId>244330</ItemId>
    </Item>
    <Item>
      <PriceUpdateDate>2025-08-20 16:33:11</PriceUpdateDate>
      <ItemCode>50000543571</ItemCode>
      <ItemType>1</ItemType>
      <ItemName>פריסקיז פטה מיקס גרי</ItemName>
      <ManufacturerName>לא ידוע</ManufacturerName>
      <ManufactureCountry>לא ידוע</ManufactureCountry>
      <ManufacturerItemDescription>פריסקיז פטה מיקס גרי</ManufacturerItemDescription>
      <UnitQty>לא ידוע</UnitQty>
      <Quantity>156.00</Quantity>
      <UnitOfMeasure>לא ידוע</UnitOfMeasure>
      <bIsWeighted>0</bIsWeighted>
      <QtyInPackage>לא ידוע</QtyInPackage>
      <ItemPrice>7.90</ItemPrice>
      <UnitOfMeasurePrice>0.0506</UnitOfMeasurePrice>
      <AllowDiscount>1</AllowDiscount>
      <ItemStatus>1</ItemStatus>
      <ItemId>247539</ItemId>
    </Item>
    <Item>
      <PriceUpdateDate>2025-09-03 14:26:25</PriceUpdateDate>
      <ItemCode>7290019205609</ItemCode>
      <ItemType>1</ItemType>
      <ItemName>שניצל מיני דובונים ע</ItemName>
      <ManufacturerName>לא ידוע</ManufacturerName>
      <ManufactureCountry>לא ידוע</ManufactureCountry>
      <ManufacturerItemDescription>שניצל מיני דובונים ע</ManufacturerItemDescription>
      <UnitQty>לא ידוע</UnitQty>
      <Quantity>600.00</Quantity>
      <UnitOfMeasure>לא ידוע</UnitOfMeasure>
      <bIsWeighted>0</bIsWeighted>
      <QtyInPackage>לא ידוע</QtyInPackage>
      <ItemPrice>39.90</ItemPrice>
      <UnitOfMeasurePrice>0.0665</UnitOfMeasurePrice>
      <AllowDiscount>1</AllowDiscount>
      <ItemStatus>1</ItemStatus>
      <ItemId>250571</ItemId>
    </Item>
    <Item>
      <PriceUpdateDate>2025-09-03 11:51:08</PriceUpdateDate>
      <ItemCode>7290019790259</ItemCode>
      <ItemType>1</ItemType>
      <ItemName>חלב טבעי 4% 1 ליטר ר</ItemName>
      <ManufacturerName>לא ידוע</ManufacturerName>
      <ManufactureCountry>לא ידוע</ManufactureCountry>
      <ManufacturerItemDescription>חלב טבעי 4% 1 ליטר ר</ManufacturerItemDescription>
      <UnitQty>לא ידוע</UnitQty>
      <Quantity>1000.00</Quantity>
      <UnitOfMeasure>לא ידוע</UnitOfMeasure>
      <bIsWeighted>0</bIsWeighted>
      <QtyInPackage>לא ידוע</QtyInPackage>
      <ItemPrice>10.90</ItemPrice>
      <UnitOfMeasurePrice>0.0109</UnitOfMeasurePrice>
      <AllowDiscount>1</AllowDiscount>
      <ItemStatus>1</ItemStatus>
      <ItemId>245159</ItemId>
    </Item>
    <Item>
      <PriceUpdateDate>2025-08-20 09:29:23</PriceUpdateDate>
      <ItemCode>4013197767027</ItemCode>
      <ItemType>1</ItemType>
      <ItemName>סוכריות בפחית דובדבן</ItemName>
      <ManufacturerName>לא ידוע</ManufacturerName>
      <ManufactureCountry>לא ידוע</ManufactureCountry>
      <ManufacturerItemDescription>סוכריות בפחית דובדבן</ManufacturerItemDescription>
      <UnitQty>לא ידוע</UnitQty>
      <Quantity>200.00</Quantity>
      <UnitOfMeasure>לא ידוע</UnitOfMeasure>
      <bIsWeighted>0</bIsWeighted>
      <QtyInPackage>לא ידוע</QtyInPackage>
      <ItemPrice>12.90</ItemPrice>
      <UnitOfMeasurePrice>0.0645</UnitOfMeasurePrice>
      <AllowDiscount>1</AllowDiscount>
      <ItemStatus>1</ItemStatus>
      <ItemId>244635</ItemId>
    </Item>
    <Item>
      <PriceUpdateDate>2025-08-20 09:29:23</PriceUpdateDate>
      <ItemCode>4013197767010</ItemCode>
      <ItemType>1</ItemType>
      <ItemName>סוכריותבפחית פירות 2</ItemName>
      <ManufacturerName>לא ידוע</ManufacturerName>
      <ManufactureCountry>לא ידוע</ManufactureCountry>
      <ManufacturerItemDescription>סוכריותבפחית פירות 2</ManufacturerItemDescription>
      <UnitQty>לא ידוע</UnitQty>
      <Quantity>200.00</Quantity>
      <UnitOfMeasure>לא ידוע</UnitOfMeasure>
      <bIsWeighted>0</bIsWeighted>
      <QtyInPackage>לא ידוע</QtyInPackage>
      <ItemPrice>12.90</ItemPrice>
      <UnitOfMeasurePrice>0.0645</UnitOfMeasurePrice>
      <AllowDiscount>1</AllowDiscount>
      <ItemStatus>1</ItemStatus>
      <ItemId>244640</ItemId>
    </Item>
    <Item>
      <PriceUpdateDate>2025-08-20 09:29:24</PriceUpdateDate>
      <ItemCode>4023800122105</ItemCode>
      <ItemType>1</ItemType>
      <ItemName>מרציפן לא מצופה 82גר</ItemName>
      <ManufacturerName>לא ידוע</ManufacturerName>
      <ManufactureCountry>לא ידוע</ManufactureCountry>
      <ManufacturerItemDescription>מרציפן לא מצופה 82גר</ManufacturerItemDescription>
      <UnitQty>יחידה   </UnitQty>
      <Quantity>0.00</Quantity>
      <UnitOfMeasure>יחידה   </UnitOfMeasure>
      <bIsWeighted>0</bIsWeighted>
      <QtyInPackage>לא ידוע</QtyInPackage>
      <ItemPrice>9.90</ItemPrice>
      <UnitOfMeasurePrice>0.0000</UnitOfMeasurePrice>
      <AllowDiscount>1</AllowDiscount>
      <ItemStatus>1</ItemStatus>
      <ItemId>244653</ItemId>
    </Item>
    <Item>
      <PriceUpdateDate>2025-08-20 09:29:24</PriceUpdateDate>
      <ItemCode>4023800231647</ItemCode>
      <ItemType>1</ItemType>
      <ItemName>בונבוניירה מוצארט 20</ItemName>
      <ManufacturerName>לא ידוע</ManufacturerName>
      <ManufactureCountry>לא ידוע</ManufactureCountry>
      <ManufacturerItemDescription>בונבוניירה מוצארט 20</ManufacturerItemDescription>
      <UnitQty>לא ידוע</UnitQty>
      <Quantity>200.00</Quantity>
      <UnitOfMeasure>לא ידוע</UnitOfMeasure>
      <bIsWeighted>0</bIsWeighted>
      <QtyInPackage>לא ידוע</QtyInPackage>
      <ItemPrice>24.90</ItemPrice>
      <UnitOfMeasurePrice>0.1245</UnitOfMeasurePrice>
      <AllowDiscount>1</AllowDiscount>
      <ItemStatus>1</ItemStatus>
      <ItemId>244656</ItemId>
    </Item>
    <Item>
      <PriceUpdateDate>2025-09-07 08:03:16</PriceUpdateDate>
      <ItemCode>7290018724804</ItemCode>
      <ItemType>1</ItemType>
      <ItemName>זרעי צ'יה 230 גרם "נ</ItemName>
      <ManufacturerName>לא ידוע</ManufacturerName>
      <ManufactureCountry>לא ידוע</ManufactureCountry>
      <ManufacturerItemDescription>זרעי צ'יה 230 גרם "נ</ManufacturerItemDescription>
      <UnitQty>לא ידוע</UnitQty>
      <Quantity>230.00</Quantity>
      <UnitOfMeasure>לא ידוע</UnitOfMeasure>
      <bIsWeighted>0</bIsWeighted>
      <QtyInPackage>לא ידוע</QtyInPackage>
      <ItemPrice>16.50</ItemPrice>
      <UnitOfMeasurePrice>0.0717</UnitOfMeasurePrice>
      <AllowDiscount>1</AllowDiscount>
      <ItemStatus>1</ItemStatus>
      <ItemId>244673</ItemId>
    </Item>
    <Item>
      <PriceUpdateDate>2025-09-07 08:03:04</PriceUpdateDate>
      <ItemCode>7290017675060</ItemCode>
      <ItemType>1</ItemType>
      <ItemName>טחינה היונה שומשום מ</ItemName>
      <ManufacturerName>לא ידוע</ManufacturerName>
      <ManufactureCountry>לא ידוע</ManufactureCountry>
      <ManufacturerItemDescription>טחינה היונה שומשום מ</ManufacturerItemDescription>
      <UnitQty>לא ידוע</UnitQty>
      <Quantity>450.00</Quantity>
      <UnitOfMeasure>לא ידוע</UnitOfMeasure>
      <bIsWeighted>0</bIsWeighted>
      <QtyInPackage>לא ידוע</QtyInPackage>
      <ItemPrice>19.50</ItemPrice>
      <UnitOfMeasurePrice>0.0433</UnitOfMeasurePrice>
      <AllowDiscount>1</AllowDiscount>
      <ItemStatus>1</ItemStatus>
      <ItemId>244677</ItemId>
    </Item>
    <Item>
      <PriceUpdateDate>2025-09-08 07:55:03</PriceUpdateDate>
      <ItemCode>7290111012389</ItemCode>
      <ItemType>1</ItemType>
      <ItemName>מטליות מיקרופייבר של</ItemName>
      <ManufacturerName>פריטי המותג של יאיר</ManufacturerName>
      <ManufactureCountry>לא ידוע</ManufactureCountry>
      <ManufacturerItemDescription>מטליות מיקרופייבר של</ManufacturerItemDescription>
      <UnitQty>יחידה   </UnitQty>
      <Quantity>0.00</Quantity>
      <UnitOfMeasure>יחידה   </UnitOfMeasure>
      <bIsWeighted>0</bIsWeighted>
      <QtyInPackage>לא ידוע</QtyInPackage>
      <ItemPrice>11.90</ItemPrice>
      <UnitOfMeasurePrice>0.0000</UnitOfMeasurePrice>
      <AllowDiscount>1</AllowDiscount>
      <ItemStatus>1</ItemStatus>
      <ItemId>244692</ItemId>
    </Item>
    <Item>
      <PriceUpdateDate>2025-09-08 07:55:04</PriceUpdateDate>
      <ItemCode>7290111012402</ItemCode>
      <ItemType>1</ItemType>
      <ItemName>מטליות מיקרופייבר 7י</ItemName>
      <ManufacturerName>פריטי המותג של יאיר</ManufacturerName>
      <ManufactureCountry>לא ידוע</ManufactureCountry>
      <ManufacturerItemDescription>מטליות מיקרופייבר 7י</ManufacturerItemDescription>
      <UnitQty>יחידה   </UnitQty>
      <Quantity>0.00</Quantity>
      <UnitOfMeasure>יחידה   </UnitOfMeasure>
      <bIsWeighted>0</bIsWeighted>
      <QtyInPackage>לא ידוע</QtyInPackage>
      <ItemPrice>14.90</ItemPrice>
      <UnitOfMeasurePrice>0.0000</UnitOfMeasurePrice>
      <AllowDiscount>1</AllowDiscount>
      <ItemStatus>1</ItemStatus>
      <ItemId>244694</ItemId>
    </Item>
    <Item>
      <PriceUpdateDate>2025-09-08 07:55:04</PriceUpdateDate>
      <ItemCode>7290111012419</ItemCode>
      <ItemType>1</ItemType>
      <ItemName>מטליות מיקרופייבר3יח</ItemName>
      <ManufacturerName>פריטי המותג של יאיר</ManufacturerName>
      <ManufactureCountry>לא ידוע</ManufactureCountry>
      <ManufacturerItemDescription>מטליות מיקרופייבר3יח</ManufacturerItemDescription>
      <UnitQty>יחידה   </UnitQty>
      <Quantity>0.00</Quantity>
      <UnitOfMeasure>יחידה   </UnitOfMeasure>
      <bIsWeighted>0</bIsWeighted>
      <QtyInPackage>לא ידוע</QtyInPackage>
      <ItemPrice>11.90</ItemPrice>
      <UnitOfMeasurePrice>0.0000</UnitOfMeasurePrice>
      <AllowDiscount>1</AllowDiscount>
      <ItemStatus>1</ItemStatus>
      <ItemId>244695</ItemId>
    </Item>
    <Item>
      <PriceUpdateDate>2025-09-08 07:55:04</PriceUpdateDate>
      <ItemCode>7290111012433</ItemCode>
      <ItemType>1</ItemType>
      <ItemName>כריות קרצוף דו צדדית</ItemName>
      <ManufacturerName>פריטי המותג של יאיר</ManufacturerName>
      <ManufactureCountry>לא ידוע</ManufactureCountry>
      <ManufacturerItemDescription>כריות קרצוף דו צדדית</ManufacturerItemDescription>
      <UnitQty>יחידה   </UnitQty>
      <Quantity>0.00</Quantity>
      <UnitOfMeasure>יחידה   </UnitOfMeasure>
      <bIsWeighted>0</bIsWeighted>
      <QtyInPackage>לא ידוע</QtyInPackage>
      <ItemPrice>12.90</ItemPrice>
      <UnitOfMeasurePrice>0.0000</UnitOfMeasurePrice>
      <AllowDiscount>1</AllowDiscount>
      <ItemStatus>1</ItemStatus>
      <ItemId>244699</ItemId>
    </Item>
    <Item>
      <PriceUpdateDate>2025-09-08 07:55:05</PriceUpdateDate>
      <ItemCode>7290111012457</ItemCode>
      <ItemType>1</ItemType>
      <ItemName>ספוג הפלא סן רמו 4יח</ItemName>
      <ManufacturerName>פריטי המותג של יאיר</ManufacturerName>
      <ManufactureCountry>לא ידוע</ManufactureCountry>
      <ManufacturerItemDescription>ספוג הפלא סן רמו 4יח</ManufacturerItemDescription>
      <UnitQty>יחידה   </UnitQty>
      <Quantity>0.00</Quantity>
      <UnitOfMeasure>יחידה   </UnitOfMeasure>
      <bIsWeighted>0</bIsWeighted>
      <QtyInPackage>לא ידוע</QtyInPackage>
      <ItemPrice>11.90</ItemPrice>
      <UnitOfMeasurePrice>0.0000</UnitOfMeasurePrice>
      <AllowDiscount>1</AllowDiscount>
      <ItemStatus>1</ItemStatus>
      <ItemId>244700</ItemId>
    </Item>
    <Item>
      <PriceUpdateDate>2025-08-18 09:17:29</PriceUpdateDate>
      <ItemCode>7290000571119</ItemCode>
      <ItemType>1</ItemType>
      <ItemName>גאודה טבעי במשקל</ItemName>
      <ManufacturerName>לא ידוע</ManufacturerName>
      <ManufactureCountry>ישראל</ManufactureCountry>
      <ManufacturerItemDescription>גאודה טבעי במשקל</ManufacturerItemDescription>
      <UnitQty>קילוגרמים</UnitQty>
      <Quantity>1.00</Quantity>
      <UnitOfMeasure>ק"ג</UnitOfMeasure>
      <bIsWeighted>1</bIsWeighted>
      <QtyInPackage>לא ידוע</QtyInPackage>
      <ItemPrice>135.00</ItemPrice>
      <UnitOfMeasurePrice>135.0000</UnitOfMeasurePrice>
      <AllowDiscount>1</AllowDiscount>
      <ItemStatus>1</ItemStatus>
      <ItemId>244796</ItemId>
    </Item>
    <Item>
      <PriceUpdateDate>2025-12-22 07:38:21</PriceUpdateDate>
      <ItemCode>7290002332398</ItemCode>
      <ItemType>1</ItemType>
      <ItemName>דניס שלם טרי ארוז</ItemName>
      <ManufacturerName>לא ידוע</ManufacturerName>
      <ManufactureCountry>לא ידוע</ManufactureCountry>
      <ManufacturerItemDescription>דניס שלם טרי ארוז</ManufacturerItemDescription>
      <UnitQty>קילוגרמים</UnitQty>
      <Quantity>1.00</Quantity>
      <UnitOfMeasure>ק"ג</UnitOfMeasure>
      <bIsWeighted>1</bIsWeighted>
      <QtyInPackage>לא ידוע</QtyInPackage>
      <ItemPrice>99.90</ItemPrice>
      <UnitOfMeasurePrice>99.9000</UnitOfMeasurePrice>
      <AllowDiscount>1</AllowDiscount>
      <ItemStatus>1</ItemStatus>
      <ItemId>244986</ItemId>
    </Item>
    <Item>
      <PriceUpdateDate>2025-12-22 07:38:20</PriceUpdateDate>
      <ItemCode>7290002332343</ItemCode>
      <ItemType>1</ItemType>
      <ItemName>אמנון שלם טרי ארוז</ItemName>
      <ManufacturerName>לא ידוע</ManufacturerName>
      <ManufactureCountry>לא ידוע</ManufactureCountry>
      <ManufacturerItemDescription>אמנון שלם טרי ארוז</ManufacturerItemDescription>
      <UnitQty>קילוגרמים</UnitQty>
      <Quantity>1.00</Quantity>
      <UnitOfMeasure>ק"ג</UnitOfMeasure>
      <bIsWeighted>1</bIsWeighted>
      <QtyInPackage>לא ידוע</QtyInPackage>
      <ItemPrice>49.90</ItemPrice>
      <UnitOfMeasurePrice>49.9000</UnitOfMeasurePrice>
      <AllowDiscount>1</AllowDiscount>
      <ItemStatus>1</ItemStatus>
      <ItemId>244991</ItemId>
    </Item>
    <Item>
      <PriceUpdateDate>2025-09-03 13:28:52</PriceUpdateDate>
      <ItemCode>7290119860715</ItemCode>
      <ItemType>1</ItemType>
      <ItemName>שקית סטבילו אובלטים</ItemName>
      <ManufacturerName>לא ידוע</ManufacturerName>
      <ManufactureCountry>לא ידוע</ManufactureCountry>
      <ManufacturerItemDescription>שקית סטבילו אובלטים</ManufacturerItemDescription>
      <UnitQty>לא ידוע</UnitQty>
      <Quantity>225.00</Quantity>
      <UnitOfMeasure>לא ידוע</UnitOfMeasure>
      <bIsWeighted>0</bIsWeighted>
      <QtyInPackage>לא ידוע</QtyInPackage>
      <ItemPrice>14.90</ItemPrice>
      <UnitOfMeasurePrice>0.0662</UnitOfMeasurePrice>
      <AllowDiscount>1</AllowDiscount>
      <ItemStatus>1</ItemStatus>
      <ItemId>248830</ItemId>
    </Item>
    <Item>
      <PriceUpdateDate>2025-08-21 11:27:53</PriceUpdateDate>
      <ItemCode>7290000453538</ItemCode>
      <ItemType>1</ItemType>
      <ItemName>בצק לכיסונים מצונן ח</ItemName>
      <ManufacturerName>לא ידוע</ManufacturerName>
      <ManufactureCountry>לא ידוע</ManufactureCountry>
      <ManufacturerItemDescription>בצק לכיסונים מצונן ח</ManufacturerItemDescription>
      <UnitQty>לא ידוע</UnitQty>
      <Quantity>300.00</Quantity>
      <UnitOfMeasure>לא ידוע</UnitOfMeasure>
      <bIsWeighted>0</bIsWeighted>
      <QtyInPackage>לא ידוע</QtyInPackage>
      <ItemPrice>18.90</ItemPrice>
      <UnitOfMeasurePrice>0.0630</UnitOfMeasurePrice>
      <AllowDiscount>1</AllowDiscount>
      <ItemStatus>1</ItemStatus>
      <ItemId>250939</ItemId>
    </Item>
    <Item>
      <PriceUpdateDate>2025-08-20 09:03:22</PriceUpdateDate>
      <ItemCode>4009900544559</ItemCode>
      <ItemType>1</ItemType>
      <ItemName>מסטיק אורביט רפרשרס</ItemName>
      <ManufacturerName>לא ידוע</ManufacturerName>
      <ManufactureCountry>לא ידוע</ManufactureCountry>
      <ManufacturerItemDescription>מסטיק אורביט רפרשרס</ManufacturerItemDescription>
      <UnitQty>לא ידוע</UnitQty>
      <Quantity>67.00</Quantity>
      <UnitOfMeasure>לא ידוע</UnitOfMeasure>
      <bIsWeighted>0</bIsWeighted>
      <QtyInPackage>לא ידוע</QtyInPackage>
      <ItemPrice>14.90</ItemPrice>
      <UnitOfMeasurePrice>0.2224</UnitOfMeasurePrice>
      <AllowDiscount>1</AllowDiscount>
      <ItemStatus>1</ItemStatus>
      <ItemId>245116</ItemId>
    </Item>
    <Item>
      <PriceUpdateDate>2025-08-26 10:31:43</PriceUpdateDate>
      <ItemCode>7290018989319</ItemCode>
      <ItemType>1</ItemType>
      <ItemName>שעועית אפויה 2*200גר</ItemName>
      <ManufacturerName>לא ידוע</ManufacturerName>
      <ManufactureCountry>לא ידוע</ManufactureCountry>
      <ManufacturerItemDescription>שעועית אפויה 2*200גר</ManufacturerItemDescription>
      <UnitQty>לא ידוע</UnitQty>
      <Quantity>400.00</Quantity>
      <UnitOfMeasure>לא ידוע</UnitOfMeasure>
      <bIsWeighted>0</bIsWeighted>
      <QtyInPackage>לא ידוע</QtyInPackage>
      <ItemPrice>12.90</ItemPrice>
      <UnitOfMeasurePrice>0.0323</UnitOfMeasurePrice>
      <AllowDiscount>1</AllowDiscount>
      <ItemStatus>1</ItemStatus>
      <ItemId>245146</ItemId>
    </Item>
    <Item>
      <PriceUpdateDate>2025-08-26 10:33:42</PriceUpdateDate>
      <ItemCode>7290018989326</ItemCode>
      <ItemType>1</ItemType>
      <ItemName>סלק אדום קוביות 2*20</ItemName>
      <ManufacturerName>לא ידוע</ManufacturerName>
      <ManufactureCountry>לא ידוע</ManufactureCountry>
      <ManufacturerItemDescription>סלק אדום קוביות 2*20</ManufacturerItemDescription>
      <UnitQty>לא ידוע</UnitQty>
      <Quantity>400.00</Quantity>
      <UnitOfMeasure>לא ידוע</UnitOfMeasure>
      <bIsWeighted>0</bIsWeighted>
      <QtyInPackage>לא ידוע</QtyInPackage>
      <ItemPrice>12.90</ItemPrice>
      <UnitOfMeasurePrice>0.0323</UnitOfMeasurePrice>
      <AllowDiscount>1</AllowDiscount>
      <ItemStatus>1</ItemStatus>
      <ItemId>245147</ItemId>
    </Item>
    <Item>
      <PriceUpdateDate>2025-08-26 10:33:41</PriceUpdateDate>
      <ItemCode>7290018989272</ItemCode>
      <ItemType>1</ItemType>
      <ItemName>שעועית צ'ילי 2*200גר</ItemName>
      <ManufacturerName>לא ידוע</ManufacturerName>
      <ManufactureCountry>לא ידוע</ManufactureCountry>
      <ManufacturerItemDescription>שעועית צ'ילי 2*200גר</ManufacturerItemDescription>
      <UnitQty>לא ידוע</UnitQty>
      <Quantity>400.00</Quantity>
      <UnitOfMeasure>לא ידוע</UnitOfMeasure>
      <bIsWeighted>0</bIsWeighted>
      <QtyInPackage>לא ידוע</QtyInPackage>
      <ItemPrice>12.90</ItemPrice>
      <UnitOfMeasurePrice>0.0323</UnitOfMeasurePrice>
      <AllowDiscount>1</AllowDiscount>
      <ItemStatus>1</ItemStatus>
      <ItemId>245149</ItemId>
    </Item>
    <Item>
      <PriceUpdateDate>2025-08-26 10:33:41</PriceUpdateDate>
      <ItemCode>7290018989289</ItemCode>
      <ItemType>1</ItemType>
      <ItemName>חומוס 2*200גרם OZ6</ItemName>
      <ManufacturerName>לא ידוע</ManufacturerName>
      <ManufactureCountry>לא ידוע</ManufactureCountry>
      <ManufacturerItemDescription>חומוס 2*200גרם OZ6</ManufacturerItemDescription>
      <UnitQty>לא ידוע</UnitQty>
      <Quantity>400.00</Quantity>
      <UnitOfMeasure>לא ידוע</UnitOfMeasure>
      <bIsWeighted>0</bIsWeighted>
      <QtyInPackage>לא ידוע</QtyInPackage>
      <ItemPrice>12.90</ItemPrice>
      <UnitOfMeasurePrice>0.0323</UnitOfMeasurePrice>
      <AllowDiscount>1</AllowDiscount>
      <ItemStatus>1</ItemStatus>
      <ItemId>245150</ItemId>
    </Item>
    <Item>
      <PriceUpdateDate>2025-08-21 08:09:46</PriceUpdateDate>
      <ItemCode>7290000311487</ItemCode>
      <ItemType>1</ItemType>
      <ItemName>ופל מקמח מלא בטעם שו</ItemName>
      <ManufacturerName>לא ידוע</ManufacturerName>
      <ManufactureCountry>לא ידוע</ManufactureCountry>
      <ManufacturerItemDescription>ופל מקמח מלא בטעם שו</ManufacturerItemDescription>
      <UnitQty>לא ידוע</UnitQty>
      <Quantity>140.00</Quantity>
      <UnitOfMeasure>לא ידוע</UnitOfMeasure>
      <bIsWeighted>0</bIsWeighted>
      <QtyInPackage>לא ידוע</QtyInPackage>
      <ItemPrice>10.90</ItemPrice>
      <UnitOfMeasurePrice>0.0779</UnitOfMeasurePrice>
      <AllowDiscount>1</AllowDiscount>
      <ItemStatus>1</ItemStatus>
      <ItemId>245152</ItemId>
    </Item>
    <Item>
      <PriceUpdateDate>2025-05-05 08:20:12</PriceUpdateDate>
      <ItemCode>7290000522319</ItemCode>
      <ItemType>1</ItemType>
      <ItemName>חלב 1ליטר קרטון 3% ר</ItemName>
      <ManufacturerName>לא ידוע</ManufacturerName>
      <ManufactureCountry>לא ידוע</ManufactureCountry>
      <ManufacturerItemDescription>חלב 1ליטר קרטון 3% ר</ManufacturerItemDescription>
      <UnitQty>לא ידוע</UnitQty>
      <Quantity>1000.00</Quantity>
      <UnitOfMeasure>לא ידוע</UnitOfMeasure>
      <bIsWeighted>0</bIsWeighted>
      <QtyInPackage>לא ידוע</QtyInPackage>
      <ItemPrice>7.28</ItemPrice>
      <UnitOfMeasurePrice>0.0073</UnitOfMeasurePrice>
      <AllowDiscount>1</AllowDiscount>
      <ItemStatus>1</ItemStatus>
      <ItemId>245153</ItemId>
    </Item>
    <Item>
      <PriceUpdateDate>2025-05-05 08:20:13</PriceUpdateDate>
      <ItemCode>7290000522326</ItemCode>
      <ItemType>1</ItemType>
      <ItemName>חלב 1ליטר קרטון 1% ר</ItemName>
      <ManufacturerName>לא ידוע</ManufacturerName>
      <ManufactureCountry>לא ידוע</ManufactureCountry>
      <ManufacturerItemDescription>חלב 1ליטר קרטון 1% ר</ManufacturerItemDescription>
      <UnitQty>לא ידוע</UnitQty>
      <Quantity>1000.00</Quantity>
      <UnitOfMeasure>לא ידוע</UnitOfMeasure>
      <bIsWeighted>0</bIsWeighted>
      <QtyInPackage>לא ידוע</QtyInPackage>
      <ItemPrice>6.85</ItemPrice>
      <UnitOfMeasurePrice>0.0068</UnitOfMeasurePrice>
      <AllowDiscount>1</AllowDiscount>
      <ItemStatus>1</ItemStatus>
      <ItemId>245154</ItemId>
    </Item>
    <Item>
      <PriceUpdateDate>2025-09-04 07:48:27</PriceUpdateDate>
      <ItemCode>7290019790303</ItemCode>
      <ItemType>1</ItemType>
      <ItemName>חלב מועשר 3% 1 ליטר</ItemName>
      <ManufacturerName>קריות זול</ManufacturerName>
      <ManufactureCountry>לא ידוע</ManufactureCountry>
      <ManufacturerItemDescription>חלב מועשר 3% 1 ליטר</ManufacturerItemDescription>
      <UnitQty>לא ידוע</UnitQty>
      <Quantity>1000.00</Quantity>
      <UnitOfMeasure>לא ידוע</UnitOfMeasure>
      <bIsWeighted>0</bIsWeighted>
      <QtyInPackage>לא ידוע</QtyInPackage>
      <ItemPrice>10.90</ItemPrice>
      <UnitOfMeasurePrice>0.0109</UnitOfMeasurePrice>
      <AllowDiscount>1</AllowDiscount>
      <ItemStatus>1</ItemStatus>
      <ItemId>245160</ItemId>
    </Item>
    <Item>
      <PriceUpdateDate>2025-08-26 11:44:40</PriceUpdateDate>
      <ItemCode>7290110578473</ItemCode>
      <ItemType>1</ItemType>
      <ItemName>שקית אצבעות שוקולד 2</ItemName>
      <ManufacturerName>לא ידוע</ManufacturerName>
      <ManufactureCountry>לא ידוע</ManufactureCountry>
      <ManufacturerItemDescription>שקית אצבעות שוקולד 2</ManufacturerItemDescription>
      <UnitQty>לא ידוע</UnitQty>
      <Quantity>252.00</Quantity>
      <UnitOfMeasure>לא ידוע</UnitOfMeasure>
      <bIsWeighted>0</bIsWeighted>
      <QtyInPackage>לא ידוע</QtyInPackage>
      <ItemPrice>25.90</ItemPrice>
      <UnitOfMeasurePrice>0.1028</UnitOfMeasurePrice>
      <AllowDiscount>1</AllowDiscount>
      <ItemStatus>1</ItemStatus>
      <ItemId>245161</ItemId>
    </Item>
    <Item>
      <PriceUpdateDate>2025-08-26 16:05:47</PriceUpdateDate>
      <ItemCode>7290118422181</ItemCode>
      <ItemType>1</ItemType>
      <ItemName>פיטנס פריכיות מצופות</ItemName>
      <ManufacturerName>לא ידוע</ManufacturerName>
      <ManufactureCountry>לא ידוע</ManufactureCountry>
      <ManufacturerItemDescription>פיטנס פריכיות מצופות</ManufacturerItemDescription>
      <UnitQty>יחידה   </UnitQty>
      <Quantity>0.00</Quantity>
      <UnitOfMeasure>יחידה   </UnitOfMeasure>
      <bIsWeighted>0</bIsWeighted>
      <QtyInPackage>לא ידוע</QtyInPackage>
      <ItemPrice>11.90</ItemPrice>
      <UnitOfMeasurePrice>0.0000</UnitOfMeasurePrice>
      <AllowDiscount>1</AllowDiscount>
      <ItemStatus>1</ItemStatus>
      <ItemId>245166</ItemId>
    </Item>
    <Item>
      <PriceUpdateDate>2025-09-07 08:02:35</PriceUpdateDate>
      <ItemCode>7290112483454</ItemCode>
      <ItemType>1</ItemType>
      <ItemName>מזלג צבעוני 50 יחי</ItemName>
      <ManufacturerName>קריות זול</ManufacturerName>
      <ManufactureCountry>לא ידוע</ManufactureCountry>
      <ManufacturerItemDescription>מזלג צבעוני 50 יחי</ManufacturerItemDescription>
      <UnitQty>יחידה   </UnitQty>
      <Quantity>0.00</Quantity>
      <UnitOfMeasure>יחידה   </UnitOfMeasure>
      <bIsWeighted>0</bIsWeighted>
      <QtyInPackage>לא ידוע</QtyInPackage>
      <ItemPrice>5.90</ItemPrice>
      <UnitOfMeasurePrice>0.0000</UnitOfMeasurePrice>
      <AllowDiscount>1</AllowDiscount>
      <ItemStatus>1</ItemStatus>
      <ItemId>254674</ItemId>
    </Item>
    <Item>
      <PriceUpdateDate>2025-09-08 07:57:59</PriceUpdateDate>
      <ItemCode>7290121162630</ItemCode>
      <ItemType>1</ItemType>
      <ItemName>מאסטר שף ממרח זיתי ק</ItemName>
      <ManufacturerName>לא ידוע</ManufacturerName>
      <ManufactureCountry>לא ידוע</ManufactureCountry>
      <ManufacturerItemDescription>מאסטר שף ממרח זיתי ק</ManufacturerItemDescription>
      <UnitQty>יחידה   </UnitQty>
      <Quantity>0.00</Quantity>
      <UnitOfMeasure>יחידה   </UnitOfMeasure>
      <bIsWeighted>0</bIsWeighted>
      <QtyInPackage>לא ידוע</QtyInPackage>
      <ItemPrice>17.90</ItemPrice>
      <UnitOfMeasurePrice>0.0000</UnitOfMeasurePrice>
      <AllowDiscount>1</AllowDiscount>
      <ItemStatus>1</ItemStatus>
      <ItemId>254158</ItemId>
    </Item>
    <Item>
      <PriceUpdateDate>2025-08-26 11:48:37</PriceUpdateDate>
      <ItemCode>7290116932033</ItemCode>
      <ItemType>1</ItemType>
      <ItemName>חמאה תנובה 200 גרם מ</ItemName>
      <ManufacturerName>קריות זול</ManufacturerName>
      <ManufactureCountry>לא ידוע</ManufactureCountry>
      <ManufacturerItemDescription>חמאה תנובה 200 גרם מ</ManufacturerItemDescription>
      <UnitQty>לא ידוע</UnitQty>
      <Quantity>200.00</Quantity>
      <UnitOfMeasure>לא ידוע</UnitOfMeasure>
      <bIsWeighted>0</bIsWeighted>
      <QtyInPackage>לא ידוע</QtyInPackage>
      <ItemPrice>10.70</ItemPrice>
      <UnitOfMeasurePrice>0.0535</UnitOfMeasurePrice>
      <AllowDiscount>1</AllowDiscount>
      <ItemStatus>1</ItemStatus>
      <ItemId>245344</ItemId>
    </Item>
    <Item>
      <PriceUpdateDate>2025-08-21 11:23:58</PriceUpdateDate>
      <ItemCode>7290100704738</ItemCode>
      <ItemType>1</ItemType>
      <ItemName>אורז יסמין קמעונאי 5</ItemName>
      <ManufacturerName>לא ידוע</ManufacturerName>
      <ManufactureCountry>לא ידוע</ManufactureCountry>
      <ManufacturerItemDescription>אורז יסמין קמעונאי 5</ManufacturerItemDescription>
      <UnitQty>לא ידוע</UnitQty>
      <Quantity>5000.00</Quantity>
      <UnitOfMeasure>לא ידוע</UnitOfMeasure>
      <bIsWeighted>0</bIsWeighted>
      <QtyInPackage>לא ידוע</QtyInPackage>
      <ItemPrice>50.90</ItemPrice>
      <UnitOfMeasurePrice>0.0102</UnitOfMeasurePrice>
      <AllowDiscount>1</AllowDiscount>
      <ItemStatus>1</ItemStatus>
      <ItemId>245350</ItemId>
    </Item>
    <Item>
      <PriceUpdateDate>2025-08-31 10:00:53</PriceUpdateDate>
      <ItemCode>7290017266725</ItemCode>
      <ItemType>1</ItemType>
      <ItemName>עלמה חטיף מיני קראנצ</ItemName>
      <ManufacturerName>לא ידוע</ManufacturerName>
      <ManufactureCountry>לא ידוע</ManufactureCountry>
      <ManufacturerItemDescription>עלמה חטיף מיני קראנצ</ManufacturerItemDescription>
      <UnitQty>יחידה   </UnitQty>
      <Quantity>0.00</Quantity>
      <UnitOfMeasure>יחידה   </UnitOfMeasure>
      <bIsWeighted>0</bIsWeighted>
      <QtyInPackage>לא ידוע</QtyInPackage>
      <ItemPrice>20.90</ItemPrice>
      <UnitOfMeasurePrice>0.0000</UnitOfMeasurePrice>
      <AllowDiscount>1</AllowDiscount>
      <ItemStatus>1</ItemStatus>
      <ItemId>245358</ItemId>
    </Item>
    <Item>
      <PriceUpdateDate>2025-08-18 09:22:55</PriceUpdateDate>
      <ItemCode>7290004725600</ItemCode>
      <ItemType>1</ItemType>
      <ItemName>עמק סקנדינבית חריץ</ItemName>
      <ManufacturerName>קריות זול</ManufacturerName>
      <ManufactureCountry>ישראל</ManufactureCountry>
      <ManufacturerItemDescription>עמק סקנדינבית חריץ</ManufacturerItemDescription>
      <UnitQty>קילוגרמים</UnitQty>
      <Quantity>1.00</Quantity>
      <UnitOfMeasure>ק"ג</UnitOfMeasure>
      <bIsWeighted>1</bIsWeighted>
      <QtyInPackage>לא ידוע</QtyInPackage>
      <ItemPrice>89.00</ItemPrice>
      <UnitOfMeasurePrice>89.0000</UnitOfMeasurePrice>
      <AllowDiscount>1</AllowDiscount>
      <ItemStatus>1</ItemStatus>
      <ItemId>245401</ItemId>
    </Item>
    <Item>
      <PriceUpdateDate>2025-09-04 08:45:20</PriceUpdateDate>
      <ItemCode>5014271004273</ItemCode>
      <ItemType>1</ItemType>
      <ItemName>סנדלפור מעדן פרי בטע</ItemName>
      <ManufacturerName>לא ידוע</ManufacturerName>
      <ManufactureCountry>לא ידוע</ManufactureCountry>
      <ManufacturerItemDescription>סנדלפור מעדן פרי בטע</ManufacturerItemDescription>
      <UnitQty>לא ידוע</UnitQty>
      <Quantity>170.00</Quantity>
      <UnitOfMeasure>לא ידוע</UnitOfMeasure>
      <bIsWeighted>0</bIsWeighted>
      <QtyInPackage>לא ידוע</QtyInPackage>
      <ItemPrice>9.50</ItemPrice>
      <UnitOfMeasurePrice>0.0559</UnitOfMeasurePrice>
      <AllowDiscount>1</AllowDiscount>
      <ItemStatus>1</ItemStatus>
      <ItemId>245402</ItemId>
    </Item>
    <Item>
      <PriceUpdateDate>2025-08-26 11:44:37</PriceUpdateDate>
      <ItemCode>7290110577896</ItemCode>
      <ItemType>1</ItemType>
      <ItemName>קפסולות צאי מסאלה נס</ItemName>
      <ManufacturerName>לא ידוע</ManufacturerName>
      <ManufactureCountry>לא ידוע</ManufactureCountry>
      <ManufacturerItemDescription>קפסולות צאי מסאלה נס</ManufacturerItemDescription>
      <UnitQty>יחידה   </UnitQty>
      <Quantity>0.00</Quantity>
      <UnitOfMeasure>יחידה   </UnitOfMeasure>
      <bIsWeighted>0</bIsWeighted>
      <QtyInPackage>לא ידוע</QtyInPackage>
      <ItemPrice>21.90</ItemPrice>
      <UnitOfMeasurePrice>0.0000</UnitOfMeasurePrice>
      <AllowDiscount>1</AllowDiscount>
      <ItemStatus>1</ItemStatus>
      <ItemId>245427</ItemId>
    </Item>
    <Item>
      <PriceUpdateDate>2025-08-20 09:03:25</PriceUpdateDate>
      <ItemCode>5900951140303</ItemCode>
      <ItemType>1</ItemType>
      <ItemName>אם אן אם שוקולד 45גר</ItemName>
      <ManufacturerName>לא ידוע</ManufacturerName>
      <ManufactureCountry>לא ידוע</ManufactureCountry>
      <ManufacturerItemDescription>אם אן אם שוקולד 45גר</ManufacturerItemDescription>
      <UnitQty>יחידה   </UnitQty>
      <Quantity>0.00</Quantity>
      <UnitOfMeasure>יחידה   </UnitOfMeasure>
      <bIsWeighted>0</bIsWeighted>
      <QtyInPackage>לא ידוע</QtyInPackage>
      <ItemPrice>6.90</ItemPrice>
      <UnitOfMeasurePrice>0.0000</UnitOfMeasurePrice>
      <AllowDiscount>1</AllowDiscount>
      <ItemStatus>1</ItemStatus>
      <ItemId>245440</ItemId>
    </Item>
    <Item>
      <PriceUpdateDate>2025-08-20 09:03:26</PriceUpdateDate>
      <ItemCode>5900951307249</ItemCode>
      <ItemType>1</ItemType>
      <ItemName>אם אן אם חמאת בוטנים</ItemName>
      <ManufacturerName>לא ידוע</ManufacturerName>
      <ManufactureCountry>לא ידוע</ManufactureCountry>
      <ManufacturerItemDescription>אם אן אם חמאת בוטנים</ManufacturerItemDescription>
      <UnitQty>יחידה   </UnitQty>
      <Quantity>0.00</Quantity>
      <UnitOfMeasure>יחידה   </UnitOfMeasure>
      <bIsWeighted>0</bIsWeighted>
      <QtyInPackage>לא ידוע</QtyInPackage>
      <ItemPrice>6.90</ItemPrice>
      <UnitOfMeasurePrice>0.0000</UnitOfMeasurePrice>
      <AllowDiscount>1</AllowDiscount>
      <ItemStatus>1</ItemStatus>
      <ItemId>245441</ItemId>
    </Item>
    <Item>
      <PriceUpdateDate>2025-09-17 08:55:02</PriceUpdateDate>
      <ItemCode>4009900420198</ItemCode>
      <ItemType>1</ItemType>
      <ItemName>מסטיק אורביט בטעם אב</ItemName>
      <ManufacturerName>לא ידוע</ManufacturerName>
      <ManufactureCountry>לא ידוע</ManufactureCountry>
      <ManufacturerItemDescription>מסטיק אורביט בטעם אב</ManufacturerItemDescription>
      <UnitQty>לא ידוע</UnitQty>
      <Quantity>64.00</Quantity>
      <UnitOfMeasure>לא ידוע</UnitOfMeasure>
      <bIsWeighted>0</bIsWeighted>
      <QtyInPackage>לא ידוע</QtyInPackage>
      <ItemPrice>14.90</ItemPrice>
      <UnitOfMeasurePrice>0.2328</UnitOfMeasurePrice>
      <AllowDiscount>1</AllowDiscount>
      <ItemStatus>1</ItemStatus>
      <ItemId>245442</ItemId>
    </Item>
    <Item>
      <PriceUpdateDate>2025-09-04 07:48:27</PriceUpdateDate>
      <ItemCode>7290019790402</ItemCode>
      <ItemType>1</ItemType>
      <ItemName>בולגרית 16% 250 גרם</ItemName>
      <ManufacturerName>לא ידוע</ManufacturerName>
      <ManufactureCountry>לא ידוע</ManufactureCountry>
      <ManufacturerItemDescription>בולגרית 16% 250 גרם</ManufacturerItemDescription>
      <UnitQty>לא ידוע</UnitQty>
      <Quantity>250.00</Quantity>
      <UnitOfMeasure>לא ידוע</UnitOfMeasure>
      <bIsWeighted>0</bIsWeighted>
      <QtyInPackage>לא ידוע</QtyInPackage>
      <ItemPrice>29.90</ItemPrice>
      <UnitOfMeasurePrice>0.1196</UnitOfMeasurePrice>
      <AllowDiscount>1</AllowDiscount>
      <ItemStatus>1</ItemStatus>
      <ItemId>245451</ItemId>
    </Item>
    <Item>
      <PriceUpdateDate>2025-09-05 07:57:40</PriceUpdateDate>
      <ItemCode>8693495052047</ItemCode>
      <ItemType>1</ItemType>
      <ItemName>סבון פלמוליב מוצק סח</ItemName>
      <ManufacturerName>קריות זול</ManufacturerName>
      <ManufactureCountry>לא ידוע</ManufactureCountry>
      <ManufacturerItemDescription>סבון פלמוליב מוצק סח</ManufacturerItemDescription>
      <UnitQty>לא ידוע</UnitQty>
      <Quantity>360.00</Quantity>
      <UnitOfMeasure>לא ידוע</UnitOfMeasure>
      <bIsWeighted>0</bIsWeighted>
      <QtyInPackage>לא ידוע</QtyInPackage>
      <ItemPrice>19.90</ItemPrice>
      <UnitOfMeasurePrice>0.0553</UnitOfMeasurePrice>
      <AllowDiscount>1</AllowDiscount>
      <ItemStatus>1</ItemStatus>
      <ItemId>245453</ItemId>
    </Item>
    <Item>
      <PriceUpdateDate>2025-08-31 09:22:48</PriceUpdateDate>
      <ItemCode>7290019398233</ItemCode>
      <ItemType>1</ItemType>
      <ItemName>בירה סטלה ארטואה 6*3</ItemName>
      <ManufacturerName>לא ידוע</ManufacturerName>
      <ManufactureCountry>לא ידוע</ManufactureCountry>
      <ManufacturerItemDescription>בירה סטלה ארטואה 6*3</ManufacturerItemDescription>
      <UnitQty>לא ידוע</UnitQty>
      <Quantity>1980.00</Quantity>
      <UnitOfMeasure>לא ידוע</UnitOfMeasure>
      <bIsWeighted>0</bIsWeighted>
      <QtyInPackage>לא ידוע</QtyInPackage>
      <ItemPrice>43.90</ItemPrice>
      <UnitOfMeasurePrice>0.0222</UnitOfMeasurePrice>
      <AllowDiscount>1</AllowDiscount>
      <ItemStatus>1</ItemStatus>
      <ItemId>245459</ItemId>
    </Item>
    <Item>
      <PriceUpdateDate>2025-09-07 08:02:16</PriceUpdateDate>
      <ItemCode>7290011723101</ItemCode>
      <ItemType>1</ItemType>
      <ItemName>טחינה הר ברכה 1 ק"ג</ItemName>
      <ManufacturerName>לא ידוע</ManufacturerName>
      <ManufactureCountry>לא ידוע</ManufactureCountry>
      <ManufacturerItemDescription>טחינה הר ברכה 1 ק"ג</ManufacturerItemDescription>
      <UnitQty>לא ידוע</UnitQty>
      <Quantity>1000.00</Quantity>
      <UnitOfMeasure>לא ידוע</UnitOfMeasure>
      <bIsWeighted>0</bIsWeighted>
      <QtyInPackage>לא ידוע</QtyInPackage>
      <ItemPrice>42.90</ItemPrice>
      <UnitOfMeasurePrice>0.0429</UnitOfMeasurePrice>
      <AllowDiscount>1</AllowDiscount>
      <ItemStatus>1</ItemStatus>
      <ItemId>245476</ItemId>
    </Item>
    <Item>
      <PriceUpdateDate>2025-08-27 12:33:38</PriceUpdateDate>
      <ItemCode>7290119950096</ItemCode>
      <ItemType>1</ItemType>
      <ItemName>נקניקיות קצבים ביירן</ItemName>
      <ManufacturerName>לא ידוע</ManufacturerName>
      <ManufactureCountry>לא ידוע</ManufactureCountry>
      <ManufacturerItemDescription>נקניקיות קצבים ביירן</ManufacturerItemDescription>
      <UnitQty>לא ידוע</UnitQty>
      <Quantity>700.00</Quantity>
      <UnitOfMeasure>לא ידוע</UnitOfMeasure>
      <bIsWeighted>0</bIsWeighted>
      <QtyInPackage>לא ידוע</QtyInPackage>
      <ItemPrice>55.90</ItemPrice>
      <UnitOfMeasurePrice>0.0799</UnitOfMeasurePrice>
      <AllowDiscount>1</AllowDiscount>
      <ItemStatus>1</ItemStatus>
      <ItemId>245478</ItemId>
    </Item>
    <Item>
      <PriceUpdateDate>2025-09-03 11:28:38</PriceUpdateDate>
      <ItemCode>7290116537016</ItemCode>
      <ItemType>1</ItemType>
      <ItemName>ורד הגליל שוקולד מרי</ItemName>
      <ManufacturerName>לא ידוע</ManufacturerName>
      <ManufactureCountry>לא ידוע</ManufactureCountry>
      <ManufacturerItemDescription>ורד הגליל שוקולד מרי</ManufacturerItemDescription>
      <UnitQty>לא ידוע</UnitQty>
      <Quantity>400.00</Quantity>
      <UnitOfMeasure>לא ידוע</UnitOfMeasure>
      <bIsWeighted>0</bIsWeighted>
      <QtyInPackage>לא ידוע</QtyInPackage>
      <ItemPrice>32.90</ItemPrice>
      <UnitOfMeasurePrice>0.0822</UnitOfMeasurePrice>
      <AllowDiscount>1</AllowDiscount>
      <ItemStatus>1</ItemStatus>
      <ItemId>249341</ItemId>
    </Item>
    <Item>
      <PriceUpdateDate>2025-08-20 16:33:11</PriceUpdateDate>
      <ItemCode>50000543595</ItemCode>
      <ItemType>1</ItemType>
      <ItemName>פריסקיז פטה כבד ועוף</ItemName>
      <ManufacturerName>לא ידוע</ManufacturerName>
      <ManufactureCountry>לא ידוע</ManufactureCountry>
      <ManufacturerItemDescription>פריסקיז פטה כבד ועוף</ManufacturerItemDescription>
      <UnitQty>לא ידוע</UnitQty>
      <Quantity>156.00</Quantity>
      <UnitOfMeasure>לא ידוע</UnitOfMeasure>
      <bIsWeighted>0</bIsWeighted>
      <QtyInPackage>לא ידוע</QtyInPackage>
      <ItemPrice>7.90</ItemPrice>
      <UnitOfMeasurePrice>0.0506</UnitOfMeasurePrice>
      <AllowDiscount>1</AllowDiscount>
      <ItemStatus>1</ItemStatus>
      <ItemId>247540</ItemId>
    </Item>
    <Item>
      <PriceUpdateDate>2025-09-03 12:53:34</PriceUpdateDate>
      <ItemCode>7290019644330</ItemCode>
      <ItemType>1</ItemType>
      <ItemName>מרשמלו ורוד לבן בדץ</ItemName>
      <ManufacturerName>לא ידוע</ManufacturerName>
      <ManufactureCountry>לא ידוע</ManufactureCountry>
      <ManufacturerItemDescription>מרשמלו ורוד לבן בדץ</ManufacturerItemDescription>
      <UnitQty>לא ידוע</UnitQty>
      <Quantity>150.00</Quantity>
      <UnitOfMeasure>לא ידוע</UnitOfMeasure>
      <bIsWeighted>0</bIsWeighted>
      <QtyInPackage>לא ידוע</QtyInPackage>
      <ItemPrice>8.50</ItemPrice>
      <UnitOfMeasurePrice>0.0567</UnitOfMeasurePrice>
      <AllowDiscount>1</AllowDiscount>
      <ItemStatus>1</ItemStatus>
      <ItemId>245609</ItemId>
    </Item>
    <Item>
      <PriceUpdateDate>2025-09-03 12:53:34</PriceUpdateDate>
      <ItemCode>7290019644385</ItemCode>
      <ItemType>1</ItemType>
      <ItemName>מרשמלו טוויסטר בדץ 1</ItemName>
      <ManufacturerName>לא ידוע</ManufacturerName>
      <ManufactureCountry>לא ידוע</ManufactureCountry>
      <ManufacturerItemDescription>מרשמלו טוויסטר בדץ 1</ManufacturerItemDescription>
      <UnitQty>לא ידוע</UnitQty>
      <Quantity>150.00</Quantity>
      <UnitOfMeasure>לא ידוע</UnitOfMeasure>
      <bIsWeighted>0</bIsWeighted>
      <QtyInPackage>לא ידוע</QtyInPackage>
      <ItemPrice>8.50</ItemPrice>
      <UnitOfMeasurePrice>0.0567</UnitOfMeasurePrice>
      <AllowDiscount>1</AllowDiscount>
      <ItemStatus>1</ItemStatus>
      <ItemId>245610</ItemId>
    </Item>
    <Item>
      <PriceUpdateDate>2025-07-01 16:32:51</PriceUpdateDate>
      <ItemCode>7290118421603</ItemCode>
      <ItemType>1</ItemType>
      <ItemName>אפרופו קרמל 40 גרם</ItemName>
      <ManufacturerName>לא ידוע</ManufacturerName>
      <ManufactureCountry>לא ידוע</ManufactureCountry>
      <ManufacturerItemDescription>אפרופו קרמל 40 גרם</ManufacturerItemDescription>
      <UnitQty>לא ידוע</UnitQty>
      <Quantity>40.00</Quantity>
      <UnitOfMeasure>לא ידוע</UnitOfMeasure>
      <bIsWeighted>0</bIsWeighted>
      <QtyInPackage>לא ידוע</QtyInPackage>
      <ItemPrice>6.90</ItemPrice>
      <UnitOfMeasurePrice>0.1725</UnitOfMeasurePrice>
      <AllowDiscount>1</AllowDiscount>
      <ItemStatus>1</ItemStatus>
      <ItemId>245614</ItemId>
    </Item>
    <Item>
      <PriceUpdateDate>2025-08-26 16:05:51</PriceUpdateDate>
      <ItemCode>7290118423140</ItemCode>
      <ItemType>1</ItemType>
      <ItemName>אטריות קלאסיות אסם 4</ItemName>
      <ManufacturerName>קריות זול</ManufacturerName>
      <ManufactureCountry>לא ידוע</ManufactureCountry>
      <ManufacturerItemDescription>אטריות קלאסיות אסם 4</ManufacturerItemDescription>
      <UnitQty>לא ידוע</UnitQty>
      <Quantity>400.00</Quantity>
      <UnitOfMeasure>לא ידוע</UnitOfMeasure>
      <bIsWeighted>0</bIsWeighted>
      <QtyInPackage>לא ידוע</QtyInPackage>
      <ItemPrice>9.90</ItemPrice>
      <UnitOfMeasurePrice>0.0248</UnitOfMeasurePrice>
      <AllowDiscount>1</AllowDiscount>
      <ItemStatus>1</ItemStatus>
      <ItemId>245613</ItemId>
    </Item>
    <Item>
      <PriceUpdateDate>2025-10-16 12:06:28</PriceUpdateDate>
      <ItemCode>8445290452566</ItemCode>
      <ItemType>1</ItemType>
      <ItemName>קפסולות סטארבקס בטעם</ItemName>
      <ManufacturerName>לא ידוע</ManufacturerName>
      <ManufactureCountry>לא ידוע</ManufactureCountry>
      <ManufacturerItemDescription>קפסולות סטארבקס בטעם</ManufacturerItemDescription>
      <UnitQty>לא ידוע</UnitQty>
      <Quantity>51.00</Quantity>
      <UnitOfMeasure>לא ידוע</UnitOfMeasure>
      <bIsWeighted>0</bIsWeighted>
      <QtyInPackage>לא ידוע</QtyInPackage>
      <ItemPrice>24.90</ItemPrice>
      <UnitOfMeasurePrice>0.4882</UnitOfMeasurePrice>
      <AllowDiscount>1</AllowDiscount>
      <ItemStatus>1</ItemStatus>
      <ItemId>245620</ItemId>
    </Item>
    <Item>
      <PriceUpdateDate>2025-08-31 09:22:49</PriceUpdateDate>
      <ItemCode>7290019398264</ItemCode>
      <ItemType>1</ItemType>
      <ItemName>בירה קורונה בקבוק 35</ItemName>
      <ManufacturerName>לא ידוע</ManufacturerName>
      <ManufactureCountry>לא ידוע</ManufactureCountry>
      <ManufacturerItemDescription>בירה קורונה בקבוק 35</ManufacturerItemDescription>
      <UnitQty>לא ידוע</UnitQty>
      <Quantity>355.00</Quantity>
      <UnitOfMeasure>לא ידוע</UnitOfMeasure>
      <bIsWeighted>0</bIsWeighted>
      <QtyInPackage>לא ידוע</QtyInPackage>
      <ItemPrice>13.90</ItemPrice>
      <UnitOfMeasurePrice>0.0392</UnitOfMeasurePrice>
      <AllowDiscount>1</AllowDiscount>
      <ItemStatus>1</ItemStatus>
      <ItemId>245622</ItemId>
    </Item>
    <Item>
      <PriceUpdateDate>2025-09-04 08:29:00</PriceUpdateDate>
      <ItemCode>7290109923345</ItemCode>
      <ItemType>1</ItemType>
      <ItemName>פניני ריח הפי 130 גר</ItemName>
      <ManufacturerName>לא ידוע</ManufacturerName>
      <ManufactureCountry>לא ידוע</ManufactureCountry>
      <ManufacturerItemDescription>פניני ריח הפי 130 גר</ManufacturerItemDescription>
      <UnitQty>לא ידוע</UnitQty>
      <Quantity>130.00</Quantity>
      <UnitOfMeasure>לא ידוע</UnitOfMeasure>
      <bIsWeighted>0</bIsWeighted>
      <QtyInPackage>לא ידוע</QtyInPackage>
      <ItemPrice>9.90</ItemPrice>
      <UnitOfMeasurePrice>0.0762</UnitOfMeasurePrice>
      <AllowDiscount>1</AllowDiscount>
      <ItemStatus>1</ItemStatus>
      <ItemId>245632</ItemId>
    </Item>
    <Item>
      <PriceUpdateDate>2025-08-28 10:18:54</PriceUpdateDate>
      <ItemCode>7290117263846</ItemCode>
      <ItemType>1</ItemType>
      <ItemName>פוקאצה עם גבינה מוצר</ItemName>
      <ManufacturerName>לא ידוע</ManufacturerName>
      <ManufactureCountry>לא ידוע</ManufactureCountry>
      <ManufacturerItemDescription>פוקאצה עם גבינה מוצר</ManufacturerItemDescription>
      <UnitQty>לא ידוע</UnitQty>
      <Quantity>220.00</Quantity>
      <UnitOfMeasure>לא ידוע</UnitOfMeasure>
      <bIsWeighted>0</bIsWeighted>
      <QtyInPackage>לא ידוע</QtyInPackage>
      <ItemPrice>17.90</ItemPrice>
      <UnitOfMeasurePrice>0.0814</UnitOfMeasurePrice>
      <AllowDiscount>1</AllowDiscount>
      <ItemStatus>1</ItemStatus>
      <ItemId>249046</ItemId>
    </Item>
    <Item>
      <PriceUpdateDate>2025-12-02 11:20:32</PriceUpdateDate>
      <ItemCode>7290003224678</ItemCode>
      <ItemType>1</ItemType>
      <ItemName>כיסונים בשר למרק 1.3</ItemName>
      <ManufacturerName>לא ידוע</ManufacturerName>
      <ManufactureCountry>לא ידוע</ManufactureCountry>
      <ManufacturerItemDescription>כיסונים בשר למרק 1.3</ManufacturerItemDescription>
      <UnitQty>לא ידוע</UnitQty>
      <Quantity>1.30</Quantity>
      <UnitOfMeasure>לא ידוע</UnitOfMeasure>
      <bIsWeighted>0</bIsWeighted>
      <QtyInPackage>לא ידוע</QtyInPackage>
      <ItemPrice>59.90</ItemPrice>
      <UnitOfMeasurePrice>46.0769</UnitOfMeasurePrice>
      <AllowDiscount>1</AllowDiscount>
      <ItemStatus>1</ItemStatus>
      <ItemId>256686</ItemId>
    </Item>
    <Item>
      <PriceUpdateDate>2025-09-08 07:59:41</PriceUpdateDate>
      <ItemCode>7290113560352</ItemCode>
      <ItemType>1</ItemType>
      <ItemName>משחת שיניים סנסודיין</ItemName>
      <ManufacturerName>לא ידוע</ManufacturerName>
      <ManufactureCountry>לא ידוע</ManufactureCountry>
      <ManufacturerItemDescription>משחת שיניים סנסודיין</ManufacturerItemDescription>
      <UnitQty>לא ידוע</UnitQty>
      <Quantity>75.00</Quantity>
      <UnitOfMeasure>לא ידוע</UnitOfMeasure>
      <bIsWeighted>0</bIsWeighted>
      <QtyInPackage>לא ידוע</QtyInPackage>
      <ItemPrice>30.90</ItemPrice>
      <UnitOfMeasurePrice>0.4120</UnitOfMeasurePrice>
      <AllowDiscount>1</AllowDiscount>
      <ItemStatus>1</ItemStatus>
      <ItemId>245740</ItemId>
    </Item>
    <Item>
      <PriceUpdateDate>2025-04-20 08:20:47</PriceUpdateDate>
      <ItemCode>4823077641312</ItemCode>
      <ItemType>1</ItemType>
      <ItemName>וופל רושן בטעם שוקול</ItemName>
      <ManufacturerName>לא ידוע</ManufacturerName>
      <ManufactureCountry>לא ידוע</ManufactureCountry>
      <ManufacturerItemDescription>וופל רושן בטעם שוקול</ManufacturerItemDescription>
      <UnitQty>לא ידוע</UnitQty>
      <Quantity>216.00</Quantity>
      <UnitOfMeasure>לא ידוע</UnitOfMeasure>
      <bIsWeighted>0</bIsWeighted>
      <QtyInPackage>לא ידוע</QtyInPackage>
      <ItemPrice>9.90</ItemPrice>
      <UnitOfMeasurePrice>0.0458</UnitOfMeasurePrice>
      <AllowDiscount>1</AllowDiscount>
      <ItemStatus>1</ItemStatus>
      <ItemId>245756</ItemId>
    </Item>
    <Item>
      <PriceUpdateDate>2025-08-19 08:24:22</PriceUpdateDate>
      <ItemCode>4823077641367</ItemCode>
      <ItemType>1</ItemType>
      <ItemName>עוגיות לוויטה במילוי</ItemName>
      <ManufacturerName>לא ידוע</ManufacturerName>
      <ManufactureCountry>לא ידוע</ManufactureCountry>
      <ManufacturerItemDescription>עוגיות לוויטה במילוי</ManufacturerItemDescription>
      <UnitQty>לא ידוע</UnitQty>
      <Quantity>127.00</Quantity>
      <UnitOfMeasure>לא ידוע</UnitOfMeasure>
      <bIsWeighted>0</bIsWeighted>
      <QtyInPackage>לא ידוע</QtyInPackage>
      <ItemPrice>9.90</ItemPrice>
      <UnitOfMeasurePrice>0.0780</UnitOfMeasurePrice>
      <AllowDiscount>1</AllowDiscount>
      <ItemStatus>1</ItemStatus>
      <ItemId>245758</ItemId>
    </Item>
    <Item>
      <PriceUpdateDate>2025-08-26 10:16:09</PriceUpdateDate>
      <ItemCode>7290019621225</ItemCode>
      <ItemType>1</ItemType>
      <ItemName>ויסוצקי חליטת חמדת ה</ItemName>
      <ManufacturerName>לא ידוע</ManufacturerName>
      <ManufactureCountry>לא ידוע</ManufactureCountry>
      <ManufacturerItemDescription>ויסוצקי חליטת חמדת ה</ManufacturerItemDescription>
      <UnitQty>לא ידוע</UnitQty>
      <Quantity>25.00</Quantity>
      <UnitOfMeasure>לא ידוע</UnitOfMeasure>
      <bIsWeighted>0</bIsWeighted>
      <QtyInPackage>לא ידוע</QtyInPackage>
      <ItemPrice>23.90</ItemPrice>
      <UnitOfMeasurePrice>0.9560</UnitOfMeasurePrice>
      <AllowDiscount>1</AllowDiscount>
      <ItemStatus>1</ItemStatus>
      <ItemId>245759</ItemId>
    </Item>
    <Item>
      <PriceUpdateDate>2025-08-26 10:16:16</PriceUpdateDate>
      <ItemCode>7290019621362</ItemCode>
      <ItemType>1</ItemType>
      <ItemName>תה ירוק מנגו 25יח</ItemName>
      <ManufacturerName>קריות זול</ManufacturerName>
      <ManufactureCountry>לא ידוע</ManufactureCountry>
      <ManufacturerItemDescription>תה ירוק מנגו 25יח</ManufacturerItemDescription>
      <UnitQty>יחידה   </UnitQty>
      <Quantity>0.00</Quantity>
      <UnitOfMeasure>יחידה   </UnitOfMeasure>
      <bIsWeighted>0</bIsWeighted>
      <QtyInPackage>לא ידוע</QtyInPackage>
      <ItemPrice>25.90</ItemPrice>
      <UnitOfMeasurePrice>0.0000</UnitOfMeasurePrice>
      <AllowDiscount>1</AllowDiscount>
      <ItemStatus>1</ItemStatus>
      <ItemId>245762</ItemId>
    </Item>
    <Item>
      <PriceUpdateDate>2025-08-21 10:41:26</PriceUpdateDate>
      <ItemCode>7290111012662</ItemCode>
      <ItemType>1</ItemType>
      <ItemName>מלח לימון בצנצנת 170</ItemName>
      <ManufacturerName>פריטי המותג של יאיר</ManufacturerName>
      <ManufactureCountry>לא ידוע</ManufactureCountry>
      <ManufacturerItemDescription>מלח לימון בצנצנת 170</ManufacturerItemDescription>
      <UnitQty>לא ידוע</UnitQty>
      <Quantity>170.00</Quantity>
      <UnitOfMeasure>לא ידוע</UnitOfMeasure>
      <bIsWeighted>0</bIsWeighted>
      <QtyInPackage>לא ידוע</QtyInPackage>
      <ItemPrice>12.90</ItemPrice>
      <UnitOfMeasurePrice>0.0759</UnitOfMeasurePrice>
      <AllowDiscount>1</AllowDiscount>
      <ItemStatus>1</ItemStatus>
      <ItemId>245771</ItemId>
    </Item>
    <Item>
      <PriceUpdateDate>2025-11-02 11:36:11</PriceUpdateDate>
      <ItemCode>7290109923529</ItemCode>
      <ItemType>1</ItemType>
      <ItemName>דזיטול רסס נגב רב תכ</ItemName>
      <ManufacturerName>לא ידוע</ManufacturerName>
      <ManufactureCountry>לא ידוע</ManufactureCountry>
      <ManufacturerItemDescription>דזיטול רסס נגב רב תכ</ManufacturerItemDescription>
      <UnitQty>לא ידוע</UnitQty>
      <Quantity>750.00</Quantity>
      <UnitOfMeasure>לא ידוע</UnitOfMeasure>
      <bIsWeighted>0</bIsWeighted>
      <QtyInPackage>לא ידוע</QtyInPackage>
      <ItemPrice>21.90</ItemPrice>
      <UnitOfMeasurePrice>0.0292</UnitOfMeasurePrice>
      <AllowDiscount>1</AllowDiscount>
      <ItemStatus>1</ItemStatus>
      <ItemId>245804</ItemId>
    </Item>
    <Item>
      <PriceUpdateDate>2025-08-21 13:56:26</PriceUpdateDate>
      <ItemCode>8000500390641</ItemCode>
      <ItemType>1</ItemType>
      <ItemName>קינדר בואנו ביצים 80</ItemName>
      <ManufacturerName>לא ידוע</ManufacturerName>
      <ManufactureCountry>לא ידוע</ManufactureCountry>
      <ManufacturerItemDescription>קינדר בואנו ביצים 80</ManufacturerItemDescription>
      <UnitQty>לא ידוע</UnitQty>
      <Quantity>80.00</Quantity>
      <UnitOfMeasure>לא ידוע</UnitOfMeasure>
      <bIsWeighted>0</bIsWeighted>
      <QtyInPackage>לא ידוע</QtyInPackage>
      <ItemPrice>17.90</ItemPrice>
      <UnitOfMeasurePrice>0.2237</UnitOfMeasurePrice>
      <AllowDiscount>1</AllowDiscount>
      <ItemStatus>1</ItemStatus>
      <ItemId>245819</ItemId>
    </Item>
    <Item>
      <PriceUpdateDate>2024-12-31 12:22:23</PriceUpdateDate>
      <ItemCode>8718951483972</ItemCode>
      <ItemType>1</ItemType>
      <ItemName>קולגייט משחת שיניים</ItemName>
      <ManufacturerName>לא ידוע</ManufacturerName>
      <ManufactureCountry>לא ידוע</ManufactureCountry>
      <ManufacturerItemDescription>קולגייט משחת שיניים</ManufacturerItemDescription>
      <UnitQty>לא ידוע</UnitQty>
      <Quantity>100.00</Quantity>
      <UnitOfMeasure>לא ידוע</UnitOfMeasure>
      <bIsWeighted>0</bIsWeighted>
      <QtyInPackage>לא ידוע</QtyInPackage>
      <ItemPrice>20.90</ItemPrice>
      <UnitOfMeasurePrice>0.2090</UnitOfMeasurePrice>
      <AllowDiscount>1</AllowDiscount>
      <ItemStatus>1</ItemStatus>
      <ItemId>245824</ItemId>
    </Item>
    <Item>
      <PriceUpdateDate>2024-12-31 12:22:23</PriceUpdateDate>
      <ItemCode>8718951489929</ItemCode>
      <ItemType>1</ItemType>
      <ItemName>קולגייט משחת שיניים</ItemName>
      <ManufacturerName>לא ידוע</ManufacturerName>
      <ManufactureCountry>לא ידוע</ManufactureCountry>
      <ManufacturerItemDescription>קולגייט משחת שיניים</ManufacturerItemDescription>
      <UnitQty>לא ידוע</UnitQty>
      <Quantity>100.00</Quantity>
      <UnitOfMeasure>לא ידוע</UnitOfMeasure>
      <bIsWeighted>0</bIsWeighted>
      <QtyInPackage>לא ידוע</QtyInPackage>
      <ItemPrice>20.90</ItemPrice>
      <UnitOfMeasurePrice>0.2090</UnitOfMeasurePrice>
      <AllowDiscount>1</AllowDiscount>
      <ItemStatus>1</ItemStatus>
      <ItemId>245826</ItemId>
    </Item>
    <Item>
      <PriceUpdateDate>2025-08-31 10:00:29</PriceUpdateDate>
      <ItemCode>7290107975346</ItemCode>
      <ItemType>1</ItemType>
      <ItemName>ספיד סטיק כח הטבע או</ItemName>
      <ManufacturerName>לא ידוע</ManufacturerName>
      <ManufactureCountry>לא ידוע</ManufactureCountry>
      <ManufacturerItemDescription>ספיד סטיק כח הטבע או</ManufacturerItemDescription>
      <UnitQty>לא ידוע</UnitQty>
      <Quantity>85.00</Quantity>
      <UnitOfMeasure>לא ידוע</UnitOfMeasure>
      <bIsWeighted>0</bIsWeighted>
      <QtyInPackage>לא ידוע</QtyInPackage>
      <ItemPrice>23.90</ItemPrice>
      <UnitOfMeasurePrice>0.2812</UnitOfMeasurePrice>
      <AllowDiscount>1</AllowDiscount>
      <ItemStatus>1</ItemStatus>
      <ItemId>245829</ItemId>
    </Item>
    <Item>
      <PriceUpdateDate>2025-09-07 08:02:23</PriceUpdateDate>
      <ItemCode>9005800352244</ItemCode>
      <ItemType>1</ItemType>
      <ItemName>ניוואה דאודורנט סטיק</ItemName>
      <ManufacturerName>לא ידוע</ManufacturerName>
      <ManufactureCountry>לא ידוע</ManufactureCountry>
      <ManufacturerItemDescription>ניוואה דאודורנט סטיק</ManufacturerItemDescription>
      <UnitQty>לא ידוע</UnitQty>
      <Quantity>50.00</Quantity>
      <UnitOfMeasure>לא ידוע</UnitOfMeasure>
      <bIsWeighted>0</bIsWeighted>
      <QtyInPackage>לא ידוע</QtyInPackage>
      <ItemPrice>23.90</ItemPrice>
      <UnitOfMeasurePrice>0.4780</UnitOfMeasurePrice>
      <AllowDiscount>1</AllowDiscount>
      <ItemStatus>1</ItemStatus>
      <ItemId>245839</ItemId>
    </Item>
    <Item>
      <PriceUpdateDate>2025-08-26 11:14:14</PriceUpdateDate>
      <ItemCode>7290119372997</ItemCode>
      <ItemType>1</ItemType>
      <ItemName>דנונה פרו 20ג ללא סו</ItemName>
      <ManufacturerName>לא ידוע</ManufacturerName>
      <ManufactureCountry>לא ידוע</ManufactureCountry>
      <ManufacturerItemDescription>דנונה פרו 20ג ללא סו</ManufacturerItemDescription>
      <UnitQty>לא ידוע</UnitQty>
      <Quantity>200.00</Quantity>
      <UnitOfMeasure>לא ידוע</UnitOfMeasure>
      <bIsWeighted>0</bIsWeighted>
      <QtyInPackage>לא ידוע</QtyInPackage>
      <ItemPrice>7.00</ItemPrice>
      <UnitOfMeasurePrice>0.0350</UnitOfMeasurePrice>
      <AllowDiscount>1</AllowDiscount>
      <ItemStatus>1</ItemStatus>
      <ItemId>245935</ItemId>
    </Item>
    <Item>
      <PriceUpdateDate>2025-08-26 16:06:20</PriceUpdateDate>
      <ItemCode>7613036984379</ItemCode>
      <ItemType>1</ItemType>
      <ItemName>סטארבקס קפסולות לקפה</ItemName>
      <ManufacturerName>לא ידוע</ManufacturerName>
      <ManufactureCountry>לא ידוע</ManufactureCountry>
      <ManufacturerItemDescription>סטארבקס קפסולות לקפה</ManufacturerItemDescription>
      <UnitQty>לא ידוע</UnitQty>
      <Quantity>57.00</Quantity>
      <UnitOfMeasure>לא ידוע</UnitOfMeasure>
      <bIsWeighted>0</bIsWeighted>
      <QtyInPackage>לא ידוע</QtyInPackage>
      <ItemPrice>24.90</ItemPrice>
      <UnitOfMeasurePrice>0.4368</UnitOfMeasurePrice>
      <AllowDiscount>1</AllowDiscount>
      <ItemStatus>1</ItemStatus>
      <ItemId>245936</ItemId>
    </Item>
    <Item>
      <PriceUpdateDate>2025-08-26 16:06:20</PriceUpdateDate>
      <ItemCode>7613036984393</ItemCode>
      <ItemType>1</ItemType>
      <ItemName>סטארבקס קפסולות לקפה</ItemName>
      <ManufacturerName>לא ידוע</ManufacturerName>
      <ManufactureCountry>לא ידוע</ManufactureCountry>
      <ManufacturerItemDescription>סטארבקס קפסולות לקפה</ManufacturerItemDescription>
      <UnitQty>לא ידוע</UnitQty>
      <Quantity>57.00</Quantity>
      <UnitOfMeasure>לא ידוע</UnitOfMeasure>
      <bIsWeighted>0</bIsWeighted>
      <QtyInPackage>לא ידוע</QtyInPackage>
      <ItemPrice>24.90</ItemPrice>
      <UnitOfMeasurePrice>0.4368</UnitOfMeasurePrice>
      <AllowDiscount>1</AllowDiscount>
      <ItemStatus>1</ItemStatus>
      <ItemId>245937</ItemId>
    </Item>
    <Item>
      <PriceUpdateDate>2025-08-26 16:06:20</PriceUpdateDate>
      <ItemCode>7613036984430</ItemCode>
      <ItemType>1</ItemType>
      <ItemName>סטארבקס קפסולות לקפה</ItemName>
      <ManufacturerName>לא ידוע</ManufacturerName>
      <ManufactureCountry>לא ידוע</ManufactureCountry>
      <ManufacturerItemDescription>סטארבקס קפסולות לקפה</ManufacturerItemDescription>
      <UnitQty>לא ידוע</UnitQty>
      <Quantity>55.00</Quantity>
      <UnitOfMeasure>לא ידוע</UnitOfMeasure>
      <bIsWeighted>0</bIsWeighted>
      <QtyInPackage>לא ידוע</QtyInPackage>
      <ItemPrice>24.90</ItemPrice>
      <UnitOfMeasurePrice>0.4527</UnitOfMeasurePrice>
      <AllowDiscount>1</AllowDiscount>
      <ItemStatus>1</ItemStatus>
      <ItemId>245938</ItemId>
    </Item>
    <Item>
      <PriceUpdateDate>2025-08-26 16:06:21</PriceUpdateDate>
      <ItemCode>7613036984454</ItemCode>
      <ItemType>1</ItemType>
      <ItemName>סטארבקס קפסולות לקפה</ItemName>
      <ManufacturerName>לא ידוע</ManufacturerName>
      <ManufactureCountry>לא ידוע</ManufactureCountry>
      <ManufacturerItemDescription>סטארבקס קפסולות לקפה</ManufacturerItemDescription>
      <UnitQty>לא ידוע</UnitQty>
      <Quantity>57.00</Quantity>
      <UnitOfMeasure>לא ידוע</UnitOfMeasure>
      <bIsWeighted>0</bIsWeighted>
      <QtyInPackage>לא ידוע</QtyInPackage>
      <ItemPrice>24.90</ItemPrice>
      <UnitOfMeasurePrice>0.4368</UnitOfMeasurePrice>
      <AllowDiscount>1</AllowDiscount>
      <ItemStatus>1</ItemStatus>
      <ItemId>245939</ItemId>
    </Item>
    <Item>
      <PriceUpdateDate>2025-08-26 16:06:21</PriceUpdateDate>
      <ItemCode>7613036984492</ItemCode>
      <ItemType>1</ItemType>
      <ItemName>סטארבקס קפסולות לקפה</ItemName>
      <ManufacturerName>לא ידוע</ManufacturerName>
      <ManufactureCountry>לא ידוע</ManufactureCountry>
      <ManufacturerItemDescription>סטארבקס קפסולות לקפה</ManufacturerItemDescription>
      <UnitQty>לא ידוע</UnitQty>
      <Quantity>53.00</Quantity>
      <UnitOfMeasure>לא ידוע</UnitOfMeasure>
      <bIsWeighted>0</bIsWeighted>
      <QtyInPackage>לא ידוע</QtyInPackage>
      <ItemPrice>24.90</ItemPrice>
      <UnitOfMeasurePrice>0.4698</UnitOfMeasurePrice>
      <AllowDiscount>1</AllowDiscount>
      <ItemStatus>1</ItemStatus>
      <ItemId>245940</ItemId>
    </Item>
    <Item>
      <PriceUpdateDate>2025-08-26 16:06:21</PriceUpdateDate>
      <ItemCode>7613036984478</ItemCode>
      <ItemType>1</ItemType>
      <ItemName>סטארבקס קפסולות לקפה</ItemName>
      <ManufacturerName>לא ידוע</ManufacturerName>
      <ManufactureCountry>לא ידוע</ManufactureCountry>
      <ManufacturerItemDescription>סטארבקס קפסולות לקפה</ManufacturerItemDescription>
      <UnitQty>לא ידוע</UnitQty>
      <Quantity>53.00</Quantity>
      <UnitOfMeasure>לא ידוע</UnitOfMeasure>
      <bIsWeighted>0</bIsWeighted>
      <QtyInPackage>לא ידוע</QtyInPackage>
      <ItemPrice>24.90</ItemPrice>
      <UnitOfMeasurePrice>0.4698</UnitOfMeasurePrice>
      <AllowDiscount>1</AllowDiscount>
      <ItemStatus>1</ItemStatus>
      <ItemId>245941</ItemId>
    </Item>
    <Item>
      <PriceUpdateDate>2025-08-26 16:06:28</PriceUpdateDate>
      <ItemCode>7613287302151</ItemCode>
      <ItemType>1</ItemType>
      <ItemName>סטארבקס קפסולות לקפה</ItemName>
      <ManufacturerName>לא ידוע</ManufacturerName>
      <ManufactureCountry>לא ידוע</ManufactureCountry>
      <ManufacturerItemDescription>סטארבקס קפסולות לקפה</ManufacturerItemDescription>
      <UnitQty>לא ידוע</UnitQty>
      <Quantity>56.00</Quantity>
      <UnitOfMeasure>לא ידוע</UnitOfMeasure>
      <bIsWeighted>0</bIsWeighted>
      <QtyInPackage>לא ידוע</QtyInPackage>
      <ItemPrice>24.90</ItemPrice>
      <UnitOfMeasurePrice>0.4446</UnitOfMeasurePrice>
      <AllowDiscount>1</AllowDiscount>
      <ItemStatus>1</ItemStatus>
      <ItemId>245943</ItemId>
    </Item>
    <Item>
      <PriceUpdateDate>2025-08-26 16:06:30</PriceUpdateDate>
      <ItemCode>7613287855565</ItemCode>
      <ItemType>1</ItemType>
      <ItemName>סטארבקס קפסולות לקפה</ItemName>
      <ManufacturerName>לא ידוע</ManufacturerName>
      <ManufactureCountry>לא ידוע</ManufactureCountry>
      <ManufacturerItemDescription>סטארבקס קפסולות לקפה</ManufacturerItemDescription>
      <UnitQty>לא ידוע</UnitQty>
      <Quantity>52.00</Quantity>
      <UnitOfMeasure>לא ידוע</UnitOfMeasure>
      <bIsWeighted>0</bIsWeighted>
      <QtyInPackage>לא ידוע</QtyInPackage>
      <ItemPrice>24.90</ItemPrice>
      <UnitOfMeasurePrice>0.4788</UnitOfMeasurePrice>
      <AllowDiscount>1</AllowDiscount>
      <ItemStatus>1</ItemStatus>
      <ItemId>245944</ItemId>
    </Item>
    <Item>
      <PriceUpdateDate>2025-08-26 11:48:52</PriceUpdateDate>
      <ItemCode>7290116932842</ItemCode>
      <ItemType>1</ItemType>
      <ItemName>משקה שיבולת שועל בטע</ItemName>
      <ManufacturerName>לא ידוע</ManufacturerName>
      <ManufactureCountry>ישראל</ManufactureCountry>
      <ManufacturerItemDescription>משקה שיבולת שועל בטע</ManufacturerItemDescription>
      <UnitQty>לא ידוע</UnitQty>
      <Quantity>1000.00</Quantity>
      <UnitOfMeasure>לא ידוע</UnitOfMeasure>
      <bIsWeighted>0</bIsWeighted>
      <QtyInPackage>לא ידוע</QtyInPackage>
      <ItemPrice>14.90</ItemPrice>
      <UnitOfMeasurePrice>0.0149</UnitOfMeasurePrice>
      <AllowDiscount>1</AllowDiscount>
      <ItemStatus>1</ItemStatus>
      <ItemId>245954</ItemId>
    </Item>
    <Item>
      <PriceUpdateDate>2025-08-26 11:48:43</PriceUpdateDate>
      <ItemCode>7290116932484</ItemCode>
      <ItemType>1</ItemType>
      <ItemName>יוגורט גו במרקם אוור</ItemName>
      <ManufacturerName>לא ידוע</ManufacturerName>
      <ManufactureCountry>ישראל</ManufactureCountry>
      <ManufacturerItemDescription>יוגורט גו במרקם אוור</ManufacturerItemDescription>
      <UnitQty>לא ידוע</UnitQty>
      <Quantity>200.00</Quantity>
      <UnitOfMeasure>לא ידוע</UnitOfMeasure>
      <bIsWeighted>0</bIsWeighted>
      <QtyInPackage>לא ידוע</QtyInPackage>
      <ItemPrice>7.50</ItemPrice>
      <UnitOfMeasurePrice>0.0375</UnitOfMeasurePrice>
      <AllowDiscount>1</AllowDiscount>
      <ItemStatus>1</ItemStatus>
      <ItemId>245957</ItemId>
    </Item>
    <Item>
      <PriceUpdateDate>2025-08-26 11:48:46</PriceUpdateDate>
      <ItemCode>7290116932644</ItemCode>
      <ItemType>1</ItemType>
      <ItemName>גבינת נפוליאון בתוספ</ItemName>
      <ManufacturerName>לא ידוע</ManufacturerName>
      <ManufactureCountry>לא ידוע</ManufactureCountry>
      <ManufacturerItemDescription>גבינת נפוליאון בתוספ</ManufacturerItemDescription>
      <UnitQty>לא ידוע</UnitQty>
      <Quantity>225.00</Quantity>
      <UnitOfMeasure>לא ידוע</UnitOfMeasure>
      <bIsWeighted>0</bIsWeighted>
      <QtyInPackage>לא ידוע</QtyInPackage>
      <ItemPrice>17.90</ItemPrice>
      <UnitOfMeasurePrice>0.0796</UnitOfMeasurePrice>
      <AllowDiscount>1</AllowDiscount>
      <ItemStatus>1</ItemStatus>
      <ItemId>245959</ItemId>
    </Item>
    <Item>
      <PriceUpdateDate>2025-08-19 11:47:47</PriceUpdateDate>
      <ItemCode>5201263003813</ItemCode>
      <ItemType>1</ItemType>
      <ItemName>תחבושות EVERY DAY סו</ItemName>
      <ManufacturerName>לא ידוע</ManufacturerName>
      <ManufactureCountry>לא ידוע</ManufactureCountry>
      <ManufacturerItemDescription>תחבושות EVERY DAY סו</ManufacturerItemDescription>
      <UnitQty>יחידה   </UnitQty>
      <Quantity>0.00</Quantity>
      <UnitOfMeasure>יחידה   </UnitOfMeasure>
      <bIsWeighted>0</bIsWeighted>
      <QtyInPackage>לא ידוע</QtyInPackage>
      <ItemPrice>22.90</ItemPrice>
      <UnitOfMeasurePrice>0.0000</UnitOfMeasurePrice>
      <AllowDiscount>1</AllowDiscount>
      <ItemStatus>1</ItemStatus>
      <ItemId>245998</ItemId>
    </Item>
    <Item>
      <PriceUpdateDate>2025-09-07 10:41:54</PriceUpdateDate>
      <ItemCode>7290108356243</ItemCode>
      <ItemType>1</ItemType>
      <ItemName>כיף 1.4 ליטר+משאבה ת</ItemName>
      <ManufacturerName>לא ידוע</ManufacturerName>
      <ManufactureCountry>לא ידוע</ManufactureCountry>
      <ManufacturerItemDescription>כיף 1.4 ליטר+משאבה ת</ManufacturerItemDescription>
      <UnitQty>לא ידוע</UnitQty>
      <Quantity>1400.00</Quantity>
      <UnitOfMeasure>לא ידוע</UnitOfMeasure>
      <bIsWeighted>0</bIsWeighted>
      <QtyInPackage>לא ידוע</QtyInPackage>
      <ItemPrice>23.90</ItemPrice>
      <UnitOfMeasurePrice>0.0171</UnitOfMeasurePrice>
      <AllowDiscount>1</AllowDiscount>
      <ItemStatus>1</ItemStatus>
      <ItemId>246032</ItemId>
    </Item>
    <Item>
      <PriceUpdateDate>2025-08-20 12:24:16</PriceUpdateDate>
      <ItemCode>7290018540329</ItemCode>
      <ItemType>1</ItemType>
      <ItemName>פיתה בלאדי אנגל 8 יח</ItemName>
      <ManufacturerName>לא ידוע</ManufacturerName>
      <ManufactureCountry>לא ידוע</ManufactureCountry>
      <ManufacturerItemDescription>פיתה בלאדי אנגל 8 יח</ManufacturerItemDescription>
      <UnitQty>לא ידוע</UnitQty>
      <Quantity>800.00</Quantity>
      <UnitOfMeasure>לא ידוע</UnitOfMeasure>
      <bIsWeighted>0</bIsWeighted>
      <QtyInPackage>לא ידוע</QtyInPackage>
      <ItemPrice>16.90</ItemPrice>
      <UnitOfMeasurePrice>0.0211</UnitOfMeasurePrice>
      <AllowDiscount>1</AllowDiscount>
      <ItemStatus>1</ItemStatus>
      <ItemId>246044</ItemId>
    </Item>
    <Item>
      <PriceUpdateDate>2025-09-07 08:04:29</PriceUpdateDate>
      <ItemCode>7290019251606</ItemCode>
      <ItemType>1</ItemType>
      <ItemName>נייר אפיה =למגש גדול</ItemName>
      <ManufacturerName>לא ידוע</ManufacturerName>
      <ManufactureCountry>לא ידוע</ManufactureCountry>
      <ManufacturerItemDescription>נייר אפיה =למגש גדול</ManufacturerItemDescription>
      <UnitQty>יחידה   </UnitQty>
      <Quantity>0.00</Quantity>
      <UnitOfMeasure>יחידה   </UnitOfMeasure>
      <bIsWeighted>0</bIsWeighted>
      <QtyInPackage>לא ידוע</QtyInPackage>
      <ItemPrice>16.90</ItemPrice>
      <UnitOfMeasurePrice>0.0000</UnitOfMeasurePrice>
      <AllowDiscount>1</AllowDiscount>
      <ItemStatus>1</ItemStatus>
      <ItemId>246099</ItemId>
    </Item>
    <Item>
      <PriceUpdateDate>2025-09-08 07:54:45</PriceUpdateDate>
      <ItemCode>7290019168829</ItemCode>
      <ItemType>1</ItemType>
      <ItemName>צלחת מיקרו עם מכסה ש</ItemName>
      <ManufacturerName>לא ידוע</ManufacturerName>
      <ManufactureCountry>לא ידוע</ManufactureCountry>
      <ManufacturerItemDescription>צלחת מיקרו עם מכסה ש</ManufacturerItemDescription>
      <UnitQty>יחידה   </UnitQty>
      <Quantity>0.00</Quantity>
      <UnitOfMeasure>יחידה   </UnitOfMeasure>
      <bIsWeighted>0</bIsWeighted>
      <QtyInPackage>לא ידוע</QtyInPackage>
      <ItemPrice>11.90</ItemPrice>
      <UnitOfMeasurePrice>0.0000</UnitOfMeasurePrice>
      <AllowDiscount>1</AllowDiscount>
      <ItemStatus>1</ItemStatus>
      <ItemId>246151</ItemId>
    </Item>
    <Item>
      <PriceUpdateDate>2025-09-08 07:54:45</PriceUpdateDate>
      <ItemCode>7290019168836</ItemCode>
      <ItemType>1</ItemType>
      <ItemName>צלחת מיקרו עם מכסה ש</ItemName>
      <ManufacturerName>לא ידוע</ManufacturerName>
      <ManufactureCountry>לא ידוע</ManufactureCountry>
      <ManufacturerItemDescription>צלחת מיקרו עם מכסה ש</ManufacturerItemDescription>
      <UnitQty>יחידה   </UnitQty>
      <Quantity>0.00</Quantity>
      <UnitOfMeasure>יחידה   </UnitOfMeasure>
      <bIsWeighted>0</bIsWeighted>
      <QtyInPackage>לא ידוע</QtyInPackage>
      <ItemPrice>11.90</ItemPrice>
      <UnitOfMeasurePrice>0.0000</UnitOfMeasurePrice>
      <AllowDiscount>1</AllowDiscount>
      <ItemStatus>1</ItemStatus>
      <ItemId>246152</ItemId>
    </Item>
    <Item>
      <PriceUpdateDate>2025-09-08 07:54:45</PriceUpdateDate>
      <ItemCode>7290019168843</ItemCode>
      <ItemType>1</ItemType>
      <ItemName>צלחת מיקרו עם מכסה ש</ItemName>
      <ManufacturerName>לא ידוע</ManufacturerName>
      <ManufactureCountry>לא ידוע</ManufactureCountry>
      <ManufacturerItemDescription>צלחת מיקרו עם מכסה ש</ManufacturerItemDescription>
      <UnitQty>יחידה   </UnitQty>
      <Quantity>0.00</Quantity>
      <UnitOfMeasure>יחידה   </UnitOfMeasure>
      <bIsWeighted>0</bIsWeighted>
      <QtyInPackage>לא ידוע</QtyInPackage>
      <ItemPrice>11.90</ItemPrice>
      <UnitOfMeasurePrice>0.0000</UnitOfMeasurePrice>
      <AllowDiscount>1</AllowDiscount>
      <ItemStatus>1</ItemStatus>
      <ItemId>246153</ItemId>
    </Item>
    <Item>
      <PriceUpdateDate>2025-10-22 15:20:22</PriceUpdateDate>
      <ItemCode>7290114313698</ItemCode>
      <ItemType>1</ItemType>
      <ItemName>מולר פרופ קציפת פרי</ItemName>
      <ManufacturerName>לא ידוע</ManufacturerName>
      <ManufactureCountry>לא ידוע</ManufactureCountry>
      <ManufacturerItemDescription>מולר פרופ קציפת פרי</ManufacturerItemDescription>
      <UnitQty>לא ידוע</UnitQty>
      <Quantity>150.00</Quantity>
      <UnitOfMeasure>לא ידוע</UnitOfMeasure>
      <bIsWeighted>0</bIsWeighted>
      <QtyInPackage>לא ידוע</QtyInPackage>
      <ItemPrice>6.80</ItemPrice>
      <UnitOfMeasurePrice>0.0453</UnitOfMeasurePrice>
      <AllowDiscount>1</AllowDiscount>
      <ItemStatus>1</ItemStatus>
      <ItemId>256215</ItemId>
    </Item>
    <Item>
      <PriceUpdateDate>2025-09-04 10:27:40</PriceUpdateDate>
      <ItemCode>7290019603795</ItemCode>
      <ItemType>1</ItemType>
      <ItemName>ג'לילנד חמוצמוצים  1</ItemName>
      <ManufacturerName>לא ידוע</ManufacturerName>
      <ManufactureCountry>לא ידוע</ManufactureCountry>
      <ManufacturerItemDescription>ג'לילנד חמוצמוצים  1</ManufacturerItemDescription>
      <UnitQty>לא ידוע</UnitQty>
      <Quantity>100.00</Quantity>
      <UnitOfMeasure>לא ידוע</UnitOfMeasure>
      <bIsWeighted>0</bIsWeighted>
      <QtyInPackage>לא ידוע</QtyInPackage>
      <ItemPrice>9.90</ItemPrice>
      <UnitOfMeasurePrice>0.0990</UnitOfMeasurePrice>
      <AllowDiscount>1</AllowDiscount>
      <ItemStatus>1</ItemStatus>
      <ItemId>251372</ItemId>
    </Item>
    <Item>
      <PriceUpdateDate>2025-09-07 08:01:17</PriceUpdateDate>
      <ItemCode>78895153460</ItemCode>
      <ItemType>1</ItemType>
      <ItemName>רוטב סויה כהה לי קום</ItemName>
      <ManufacturerName>לא ידוע</ManufacturerName>
      <ManufactureCountry>לא ידוע</ManufactureCountry>
      <ManufacturerItemDescription>רוטב סויה כהה לי קום</ManufacturerItemDescription>
      <UnitQty>לא ידוע</UnitQty>
      <Quantity>250.00</Quantity>
      <UnitOfMeasure>לא ידוע</UnitOfMeasure>
      <bIsWeighted>0</bIsWeighted>
      <QtyInPackage>לא ידוע</QtyInPackage>
      <ItemPrice>12.90</ItemPrice>
      <UnitOfMeasurePrice>0.0516</UnitOfMeasurePrice>
      <AllowDiscount>1</AllowDiscount>
      <ItemStatus>1</ItemStatus>
      <ItemId>246181</ItemId>
    </Item>
    <Item>
      <PriceUpdateDate>2025-09-03 12:53:34</PriceUpdateDate>
      <ItemCode>7290019644477</ItemCode>
      <ItemType>1</ItemType>
      <ItemName>גרנולה פינוקים קשיו</ItemName>
      <ManufacturerName>לא ידוע</ManufacturerName>
      <ManufactureCountry>לא ידוע</ManufactureCountry>
      <ManufacturerItemDescription>גרנולה פינוקים קשיו</ManufacturerItemDescription>
      <UnitQty>לא ידוע</UnitQty>
      <Quantity>300.00</Quantity>
      <UnitOfMeasure>לא ידוע</UnitOfMeasure>
      <bIsWeighted>0</bIsWeighted>
      <QtyInPackage>לא ידוע</QtyInPackage>
      <ItemPrice>19.90</ItemPrice>
      <UnitOfMeasurePrice>0.0663</UnitOfMeasurePrice>
      <AllowDiscount>1</AllowDiscount>
      <ItemStatus>1</ItemStatus>
      <ItemId>246186</ItemId>
    </Item>
    <Item>
      <PriceUpdateDate>2025-08-27 09:48:51</PriceUpdateDate>
      <ItemCode>7290019644576</ItemCode>
      <ItemType>1</ItemType>
      <ItemName>גרנולה פינוקים שוקול</ItemName>
      <ManufacturerName>לא ידוע</ManufacturerName>
      <ManufactureCountry>לא ידוע</ManufactureCountry>
      <ManufacturerItemDescription>גרנולה פינוקים שוקול</ManufacturerItemDescription>
      <UnitQty>לא ידוע</UnitQty>
      <Quantity>300.00</Quantity>
      <UnitOfMeasure>לא ידוע</UnitOfMeasure>
      <bIsWeighted>0</bIsWeighted>
      <QtyInPackage>לא ידוע</QtyInPackage>
      <ItemPrice>19.90</ItemPrice>
      <UnitOfMeasurePrice>0.0663</UnitOfMeasurePrice>
      <AllowDiscount>1</AllowDiscount>
      <ItemStatus>1</ItemStatus>
      <ItemId>246188</ItemId>
    </Item>
    <Item>
      <PriceUpdateDate>2025-09-03 13:38:18</PriceUpdateDate>
      <ItemCode>7290119373369</ItemCode>
      <ItemType>1</ItemType>
      <ItemName>פריכיות ביגים פוטטוס</ItemName>
      <ManufacturerName>לא ידוע</ManufacturerName>
      <ManufactureCountry>לא ידוע</ManufactureCountry>
      <ManufacturerItemDescription>פריכיות ביגים פוטטוס</ManufacturerItemDescription>
      <UnitQty>לא ידוע</UnitQty>
      <Quantity>135.00</Quantity>
      <UnitOfMeasure>לא ידוע</UnitOfMeasure>
      <bIsWeighted>0</bIsWeighted>
      <QtyInPackage>לא ידוע</QtyInPackage>
      <ItemPrice>15.90</ItemPrice>
      <UnitOfMeasurePrice>0.1178</UnitOfMeasurePrice>
      <AllowDiscount>1</AllowDiscount>
      <ItemStatus>1</ItemStatus>
      <ItemId>246201</ItemId>
    </Item>
    <Item>
      <PriceUpdateDate>2025-09-03 11:28:23</PriceUpdateDate>
      <ItemCode>7290116534879</ItemCode>
      <ItemType>1</ItemType>
      <ItemName>פינוק 3 ב 1 לגבר בתו</ItemName>
      <ManufacturerName>קריות זול</ManufacturerName>
      <ManufactureCountry>לא ידוע</ManufactureCountry>
      <ManufacturerItemDescription>פינוק 3 ב 1 לגבר בתו</ManufacturerItemDescription>
      <UnitQty>לא ידוע</UnitQty>
      <Quantity>700.00</Quantity>
      <UnitOfMeasure>לא ידוע</UnitOfMeasure>
      <bIsWeighted>0</bIsWeighted>
      <QtyInPackage>לא ידוע</QtyInPackage>
      <ItemPrice>15.90</ItemPrice>
      <UnitOfMeasurePrice>0.0227</UnitOfMeasurePrice>
      <AllowDiscount>1</AllowDiscount>
      <ItemStatus>1</ItemStatus>
      <ItemId>246231</ItemId>
    </Item>
    <Item>
      <PriceUpdateDate>2025-09-04 12:00:27</PriceUpdateDate>
      <ItemCode>7290110117375</ItemCode>
      <ItemType>1</ItemType>
      <ItemName>נביעות+ אבטיח 1.5ליט</ItemName>
      <ManufacturerName>לא ידוע</ManufacturerName>
      <ManufactureCountry>לא ידוע</ManufactureCountry>
      <ManufacturerItemDescription>נביעות+ אבטיח 1.5ליט</ManufacturerItemDescription>
      <UnitQty>לא ידוע</UnitQty>
      <Quantity>1500.00</Quantity>
      <UnitOfMeasure>לא ידוע</UnitOfMeasure>
      <bIsWeighted>0</bIsWeighted>
      <QtyInPackage>לא ידוע</QtyInPackage>
      <ItemPrice>10.30</ItemPrice>
      <UnitOfMeasurePrice>0.0069</UnitOfMeasurePrice>
      <AllowDiscount>1</AllowDiscount>
      <ItemStatus>1</ItemStatus>
      <ItemId>246240</ItemId>
    </Item>
    <Item>
      <PriceUpdateDate>2025-08-21 13:56:24</PriceUpdateDate>
      <ItemCode>8000500359488</ItemCode>
      <ItemType>1</ItemType>
      <ItemName>פררו שוקולד חלב אגוז</ItemName>
      <ManufacturerName>לא ידוע</ManufacturerName>
      <ManufactureCountry>לא ידוע</ManufactureCountry>
      <ManufacturerItemDescription>פררו שוקולד חלב אגוז</ManufacturerItemDescription>
      <UnitQty>לא ידוע</UnitQty>
      <Quantity>90.00</Quantity>
      <UnitOfMeasure>לא ידוע</UnitOfMeasure>
      <bIsWeighted>0</bIsWeighted>
      <QtyInPackage>לא ידוע</QtyInPackage>
      <ItemPrice>19.90</ItemPrice>
      <UnitOfMeasurePrice>0.2211</UnitOfMeasurePrice>
      <AllowDiscount>1</AllowDiscount>
      <ItemStatus>1</ItemStatus>
      <ItemId>246296</ItemId>
    </Item>
    <Item>
      <PriceUpdateDate>2025-08-26 11:54:06</PriceUpdateDate>
      <ItemCode>7290114310574</ItemCode>
      <ItemType>1</ItemType>
      <ItemName>גבינת קרם שמנת עיזים</ItemName>
      <ManufacturerName>לא ידוע</ManufacturerName>
      <ManufactureCountry>לא ידוע</ManufactureCountry>
      <ManufacturerItemDescription>גבינת קרם שמנת עיזים</ManufacturerItemDescription>
      <UnitQty>לא ידוע</UnitQty>
      <Quantity>200.00</Quantity>
      <UnitOfMeasure>לא ידוע</UnitOfMeasure>
      <bIsWeighted>0</bIsWeighted>
      <QtyInPackage>לא ידוע</QtyInPackage>
      <ItemPrice>20.60</ItemPrice>
      <UnitOfMeasurePrice>0.1030</UnitOfMeasurePrice>
      <AllowDiscount>1</AllowDiscount>
      <ItemStatus>1</ItemStatus>
      <ItemId>246302</ItemId>
    </Item>
    <Item>
      <PriceUpdateDate>2025-01-30 11:08:49</PriceUpdateDate>
      <ItemCode>7290011765125</ItemCode>
      <ItemType>1</ItemType>
      <ItemName>קצף לניקוי כללי בניח</ItemName>
      <ManufacturerName>לא ידוע</ManufacturerName>
      <ManufactureCountry>לא ידוע</ManufactureCountry>
      <ManufacturerItemDescription>קצף לניקוי כללי בניח</ManufacturerItemDescription>
      <UnitQty>ליטרים</UnitQty>
      <Quantity>1.00</Quantity>
      <UnitOfMeasure>ליטר    </UnitOfMeasure>
      <bIsWeighted>0</bIsWeighted>
      <QtyInPackage>לא ידוע</QtyInPackage>
      <ItemPrice>19.90</ItemPrice>
      <UnitOfMeasurePrice>19.9000</UnitOfMeasurePrice>
      <AllowDiscount>1</AllowDiscount>
      <ItemStatus>1</ItemStatus>
      <ItemId>246312</ItemId>
    </Item>
    <Item>
      <PriceUpdateDate>2025-08-21 10:21:52</PriceUpdateDate>
      <ItemCode>7290010473069</ItemCode>
      <ItemType>1</ItemType>
      <ItemName>קראנץ שוקולד שפיצר 4</ItemName>
      <ManufacturerName>לא ידוע</ManufacturerName>
      <ManufactureCountry>לא ידוע</ManufactureCountry>
      <ManufacturerItemDescription>קראנץ שוקולד שפיצר 4</ManufacturerItemDescription>
      <UnitQty>לא ידוע</UnitQty>
      <Quantity>400.00</Quantity>
      <UnitOfMeasure>לא ידוע</UnitOfMeasure>
      <bIsWeighted>0</bIsWeighted>
      <QtyInPackage>לא ידוע</QtyInPackage>
      <ItemPrice>13.90</ItemPrice>
      <UnitOfMeasurePrice>0.0348</UnitOfMeasurePrice>
      <AllowDiscount>1</AllowDiscount>
      <ItemStatus>1</ItemStatus>
      <ItemId>246319</ItemId>
    </Item>
    <Item>
      <PriceUpdateDate>2025-08-27 11:29:52</PriceUpdateDate>
      <ItemCode>7290015172271</ItemCode>
      <ItemType>1</ItemType>
      <ItemName>דים סאם במילוי מרק ע</ItemName>
      <ManufacturerName>לא ידוע</ManufacturerName>
      <ManufactureCountry>לא ידוע</ManufactureCountry>
      <ManufacturerItemDescription>דים סאם במילוי מרק ע</ManufacturerItemDescription>
      <UnitQty>לא ידוע</UnitQty>
      <Quantity>170.00</Quantity>
      <UnitOfMeasure>לא ידוע</UnitOfMeasure>
      <bIsWeighted>0</bIsWeighted>
      <QtyInPackage>לא ידוע</QtyInPackage>
      <ItemPrice>34.90</ItemPrice>
      <UnitOfMeasurePrice>0.2053</UnitOfMeasurePrice>
      <AllowDiscount>1</AllowDiscount>
      <ItemStatus>1</ItemStatus>
      <ItemId>246351</ItemId>
    </Item>
    <Item>
      <PriceUpdateDate>2025-08-31 09:56:38</PriceUpdateDate>
      <ItemCode>7290019635116</ItemCode>
      <ItemType>1</ItemType>
      <ItemName>גבינה במרקם שמנת 5%</ItemName>
      <ManufacturerName>לא ידוע</ManufacturerName>
      <ManufactureCountry>לא ידוע</ManufactureCountry>
      <ManufacturerItemDescription>גבינה במרקם שמנת 5%</ManufacturerItemDescription>
      <UnitQty>לא ידוע</UnitQty>
      <Quantity>200.00</Quantity>
      <UnitOfMeasure>לא ידוע</UnitOfMeasure>
      <bIsWeighted>0</bIsWeighted>
      <QtyInPackage>לא ידוע</QtyInPackage>
      <ItemPrice>17.50</ItemPrice>
      <UnitOfMeasurePrice>0.0875</UnitOfMeasurePrice>
      <AllowDiscount>1</AllowDiscount>
      <ItemStatus>1</ItemStatus>
      <ItemId>246378</ItemId>
    </Item>
    <Item>
      <PriceUpdateDate>2025-08-18 14:32:28</PriceUpdateDate>
      <ItemCode>5000204366969</ItemCode>
      <ItemType>1</ItemType>
      <ItemName>טואלט דאק נוזל לאסלה</ItemName>
      <ManufacturerName>לא ידוע</ManufacturerName>
      <ManufactureCountry>לא ידוע</ManufactureCountry>
      <ManufacturerItemDescription>טואלט דאק נוזל לאסלה</ManufacturerItemDescription>
      <UnitQty>לא ידוע</UnitQty>
      <Quantity>750.00</Quantity>
      <UnitOfMeasure>לא ידוע</UnitOfMeasure>
      <bIsWeighted>0</bIsWeighted>
      <QtyInPackage>לא ידוע</QtyInPackage>
      <ItemPrice>14.90</ItemPrice>
      <UnitOfMeasurePrice>0.0199</UnitOfMeasurePrice>
      <AllowDiscount>1</AllowDiscount>
      <ItemStatus>1</ItemStatus>
      <ItemId>255194</ItemId>
    </Item>
    <Item>
      <PriceUpdateDate>2025-07-22 10:33:15</PriceUpdateDate>
      <ItemCode>7290005543449</ItemCode>
      <ItemType>1</ItemType>
      <ItemName>שריר הזרוע 88 בקר קפ</ItemName>
      <ManufacturerName>לא ידוע</ManufacturerName>
      <ManufactureCountry>לא ידוע</ManufactureCountry>
      <ManufacturerItemDescription>שריר הזרוע 88 בקר קפ</ManufacturerItemDescription>
      <UnitQty>קילוגרמים</UnitQty>
      <Quantity>1.00</Quantity>
      <UnitOfMeasure>ק"ג</UnitOfMeasure>
      <bIsWeighted>1</bIsWeighted>
      <QtyInPackage>לא ידוע</QtyInPackage>
      <ItemPrice>49.90</ItemPrice>
      <UnitOfMeasurePrice>49.9000</UnitOfMeasurePrice>
      <AllowDiscount>1</AllowDiscount>
      <ItemStatus>1</ItemStatus>
      <ItemId>246388</ItemId>
    </Item>
    <Item>
      <PriceUpdateDate>2025-08-28 10:19:19</PriceUpdateDate>
      <ItemCode>7290117267608</ItemCode>
      <ItemType>1</ItemType>
      <ItemName>איטלפיצה מיני פיצה מ</ItemName>
      <ManufacturerName>לא ידוע</ManufacturerName>
      <ManufactureCountry>לא ידוע</ManufactureCountry>
      <ManufacturerItemDescription>איטלפיצה מיני פיצה מ</ManufacturerItemDescription>
      <UnitQty>לא ידוע</UnitQty>
      <Quantity>290.00</Quantity>
      <UnitOfMeasure>לא ידוע</UnitOfMeasure>
      <bIsWeighted>0</bIsWeighted>
      <QtyInPackage>לא ידוע</QtyInPackage>
      <ItemPrice>26.90</ItemPrice>
      <UnitOfMeasurePrice>0.0928</UnitOfMeasurePrice>
      <AllowDiscount>1</AllowDiscount>
      <ItemStatus>1</ItemStatus>
      <ItemId>255518</ItemId>
    </Item>
    <Item>
      <PriceUpdateDate>2025-08-19 08:35:29</PriceUpdateDate>
      <ItemCode>25675301122</ItemCode>
      <ItemType>1</ItemType>
      <ItemName>חמוצים בטעמי פירות י</ItemName>
      <ManufacturerName>לא ידוע</ManufacturerName>
      <ManufactureCountry>לא ידוע</ManufactureCountry>
      <ManufacturerItemDescription>חמוצים בטעמי פירות י</ManufacturerItemDescription>
      <UnitQty>לא ידוע</UnitQty>
      <Quantity>50.00</Quantity>
      <UnitOfMeasure>לא ידוע</UnitOfMeasure>
      <bIsWeighted>0</bIsWeighted>
      <QtyInPackage>לא ידוע</QtyInPackage>
      <ItemPrice>8.90</ItemPrice>
      <UnitOfMeasurePrice>0.1780</UnitOfMeasurePrice>
      <AllowDiscount>1</AllowDiscount>
      <ItemStatus>1</ItemStatus>
      <ItemId>246407</ItemId>
    </Item>
    <Item>
      <PriceUpdateDate>2025-09-08 07:58:37</PriceUpdateDate>
      <ItemCode>8718951626164</ItemCode>
      <ItemType>1</ItemType>
      <ItemName>קולגייט מקס פרש וקרי</ItemName>
      <ManufacturerName>לא ידוע</ManufacturerName>
      <ManufactureCountry>לא ידוע</ManufactureCountry>
      <ManufacturerItemDescription>קולגייט מקס פרש וקרי</ManufacturerItemDescription>
      <UnitQty>לא ידוע</UnitQty>
      <Quantity>125.00</Quantity>
      <UnitOfMeasure>לא ידוע</UnitOfMeasure>
      <bIsWeighted>0</bIsWeighted>
      <QtyInPackage>לא ידוע</QtyInPackage>
      <ItemPrice>19.90</ItemPrice>
      <UnitOfMeasurePrice>0.1592</UnitOfMeasurePrice>
      <AllowDiscount>1</AllowDiscount>
      <ItemStatus>1</ItemStatus>
      <ItemId>246445</ItemId>
    </Item>
    <Item>
      <PriceUpdateDate>2025-08-31 10:18:19</PriceUpdateDate>
      <ItemCode>7290014472525</ItemCode>
      <ItemType>1</ItemType>
      <ItemName>תערובת פיצוחים 250 ג</ItemName>
      <ManufacturerName>לא ידוע</ManufacturerName>
      <ManufactureCountry>לא ידוע</ManufactureCountry>
      <ManufacturerItemDescription>תערובת פיצוחים 250 ג</ManufacturerItemDescription>
      <UnitQty>יחידה   </UnitQty>
      <Quantity>0.00</Quantity>
      <UnitOfMeasure>יחידה   </UnitOfMeasure>
      <bIsWeighted>0</bIsWeighted>
      <QtyInPackage>לא ידוע</QtyInPackage>
      <ItemPrice>26.90</ItemPrice>
      <UnitOfMeasurePrice>0.0000</UnitOfMeasurePrice>
      <AllowDiscount>1</AllowDiscount>
      <ItemStatus>1</ItemStatus>
      <ItemId>246477</ItemId>
    </Item>
    <Item>
      <PriceUpdateDate>2025-08-31 14:05:58</PriceUpdateDate>
      <ItemCode>7290019393214</ItemCode>
      <ItemType>1</ItemType>
      <ItemName>המיניונים פתי בר האו</ItemName>
      <ManufacturerName>לא ידוע</ManufacturerName>
      <ManufactureCountry>לא ידוע</ManufactureCountry>
      <ManufacturerItemDescription>המיניונים פתי בר האו</ManufacturerItemDescription>
      <UnitQty>לא ידוע</UnitQty>
      <Quantity>400.00</Quantity>
      <UnitOfMeasure>לא ידוע</UnitOfMeasure>
      <bIsWeighted>0</bIsWeighted>
      <QtyInPackage>לא ידוע</QtyInPackage>
      <ItemPrice>12.90</ItemPrice>
      <UnitOfMeasurePrice>0.0323</UnitOfMeasurePrice>
      <AllowDiscount>1</AllowDiscount>
      <ItemStatus>1</ItemStatus>
      <ItemId>246481</ItemId>
    </Item>
    <Item>
      <PriceUpdateDate>2025-08-21 13:56:19</PriceUpdateDate>
      <ItemCode>8000500029350</ItemCode>
      <ItemType>1</ItemType>
      <ItemName>קינדר בואנו שלישייה</ItemName>
      <ManufacturerName>לא ידוע</ManufacturerName>
      <ManufactureCountry>לא ידוע</ManufactureCountry>
      <ManufacturerItemDescription>קינדר בואנו שלישייה</ManufacturerItemDescription>
      <UnitQty>לא ידוע</UnitQty>
      <Quantity>129.00</Quantity>
      <UnitOfMeasure>לא ידוע</UnitOfMeasure>
      <bIsWeighted>0</bIsWeighted>
      <QtyInPackage>לא ידוע</QtyInPackage>
      <ItemPrice>15.90</ItemPrice>
      <UnitOfMeasurePrice>0.1233</UnitOfMeasurePrice>
      <AllowDiscount>1</AllowDiscount>
      <ItemStatus>1</ItemStatus>
      <ItemId>130445</ItemId>
    </Item>
    <Item>
      <PriceUpdateDate>2025-08-21 13:56:20</PriceUpdateDate>
      <ItemCode>8000500121436</ItemCode>
      <ItemType>1</ItemType>
      <ItemName>קינדר בואנו לבן שליש</ItemName>
      <ManufacturerName>לא ידוע</ManufacturerName>
      <ManufactureCountry>לא ידוע</ManufactureCountry>
      <ManufacturerItemDescription>קינדר בואנו לבן שליש</ManufacturerItemDescription>
      <UnitQty>לא ידוע</UnitQty>
      <Quantity>117.00</Quantity>
      <UnitOfMeasure>לא ידוע</UnitOfMeasure>
      <bIsWeighted>0</bIsWeighted>
      <QtyInPackage>לא ידוע</QtyInPackage>
      <ItemPrice>15.90</ItemPrice>
      <UnitOfMeasurePrice>0.1359</UnitOfMeasurePrice>
      <AllowDiscount>1</AllowDiscount>
      <ItemStatus>1</ItemStatus>
      <ItemId>130446</ItemId>
    </Item>
    <Item>
      <PriceUpdateDate>2025-08-21 13:56:16</PriceUpdateDate>
      <ItemCode>80177616</ItemCode>
      <ItemType>1</ItemType>
      <ItemName>קינדר אצבעות שוקולד</ItemName>
      <ManufacturerName>קריות זול</ManufacturerName>
      <ManufactureCountry>לא ידוע</ManufactureCountry>
      <ManufacturerItemDescription>קינדר אצבעות שוקולד</ManufacturerItemDescription>
      <UnitQty>לא ידוע</UnitQty>
      <Quantity>100.00</Quantity>
      <UnitOfMeasure>לא ידוע</UnitOfMeasure>
      <bIsWeighted>0</bIsWeighted>
      <QtyInPackage>לא ידוע</QtyInPackage>
      <ItemPrice>12.50</ItemPrice>
      <UnitOfMeasurePrice>0.1250</UnitOfMeasurePrice>
      <AllowDiscount>1</AllowDiscount>
      <ItemStatus>1</ItemStatus>
      <ItemId>130447</ItemId>
    </Item>
    <Item>
      <PriceUpdateDate>2025-08-26 16:16:04</PriceUpdateDate>
      <ItemCode>7290000072753</ItemCode>
      <ItemType>1</ItemType>
      <ItemName>קפה טייסטרס צ׳ויס נס</ItemName>
      <ManufacturerName>לא ידוע</ManufacturerName>
      <ManufactureCountry>לא ידוע</ManufactureCountry>
      <ManufacturerItemDescription>קפה טייסטרס צ׳ויס נס</ManufacturerItemDescription>
      <UnitQty>לא ידוע</UnitQty>
      <Quantity>200.00</Quantity>
      <UnitOfMeasure>לא ידוע</UnitOfMeasure>
      <bIsWeighted>0</bIsWeighted>
      <QtyInPackage>לא ידוע</QtyInPackage>
      <ItemPrice>39.90</ItemPrice>
      <UnitOfMeasurePrice>0.1995</UnitOfMeasurePrice>
      <AllowDiscount>1</AllowDiscount>
      <ItemStatus>1</ItemStatus>
      <ItemId>130454</ItemId>
    </Item>
    <Item>
      <PriceUpdateDate>2025-06-03 09:38:34</PriceUpdateDate>
      <ItemCode>7290001714058</ItemCode>
      <ItemType>1</ItemType>
      <ItemName>אנטריקוט טרי</ItemName>
      <ManufacturerName>לא ידוע</ManufacturerName>
      <ManufactureCountry>ישראל</ManufactureCountry>
      <ManufacturerItemDescription>אנטריקוט טרי</ManufacturerItemDescription>
      <UnitQty>קילוגרמים</UnitQty>
      <Quantity>1.00</Quantity>
      <UnitOfMeasure>ק"ג</UnitOfMeasure>
      <bIsWeighted>1</bIsWeighted>
      <QtyInPackage>לא ידוע</QtyInPackage>
      <ItemPrice>149.90</ItemPrice>
      <UnitOfMeasurePrice>149.9000</UnitOfMeasurePrice>
      <AllowDiscount>1</AllowDiscount>
      <ItemStatus>1</ItemStatus>
      <ItemId>130457</ItemId>
    </Item>
    <Item>
      <PriceUpdateDate>2025-09-04 11:56:56</PriceUpdateDate>
      <ItemCode>5060751218173</ItemCode>
      <ItemType>1</ItemType>
      <ItemName>משקה אנרגיה מונסטר פ</ItemName>
      <ManufacturerName>לא ידוע</ManufacturerName>
      <ManufactureCountry>לא ידוע</ManufactureCountry>
      <ManufacturerItemDescription>משקה אנרגיה מונסטר פ</ManufacturerItemDescription>
      <UnitQty>לא ידוע</UnitQty>
      <Quantity>500.00</Quantity>
      <UnitOfMeasure>לא ידוע</UnitOfMeasure>
      <bIsWeighted>0</bIsWeighted>
      <QtyInPackage>לא ידוע</QtyInPackage>
      <ItemPrice>10.50</ItemPrice>
      <UnitOfMeasurePrice>0.0210</UnitOfMeasurePrice>
      <AllowDiscount>1</AllowDiscount>
      <ItemStatus>1</ItemStatus>
      <ItemId>238213</ItemId>
    </Item>
    <Item>
      <PriceUpdateDate>2025-09-03 15:31:03</PriceUpdateDate>
      <ItemCode>7622202265648</ItemCode>
      <ItemType>1</ItemType>
      <ItemName>מילקה שוקולד לבן 90ג</ItemName>
      <ManufacturerName>לא ידוע</ManufacturerName>
      <ManufactureCountry>לא ידוע</ManufactureCountry>
      <ManufacturerItemDescription>מילקה שוקולד לבן 90ג</ManufacturerItemDescription>
      <UnitQty>לא ידוע</UnitQty>
      <Quantity>90.00</Quantity>
      <UnitOfMeasure>לא ידוע</UnitOfMeasure>
      <bIsWeighted>0</bIsWeighted>
      <QtyInPackage>לא ידוע</QtyInPackage>
      <ItemPrice>9.90</ItemPrice>
      <UnitOfMeasurePrice>0.1100</UnitOfMeasurePrice>
      <AllowDiscount>1</AllowDiscount>
      <ItemStatus>1</ItemStatus>
      <ItemId>251764</ItemId>
    </Item>
    <Item>
      <PriceUpdateDate>2025-09-08 07:57:15</PriceUpdateDate>
      <ItemCode>7622202262593</ItemCode>
      <ItemType>1</ItemType>
      <ItemName>שוקולד מילקה חלב עם</ItemName>
      <ManufacturerName>לא ידוע</ManufacturerName>
      <ManufactureCountry>לא ידוע</ManufactureCountry>
      <ManufacturerItemDescription>שוקולד מילקה חלב עם</ManufacturerItemDescription>
      <UnitQty>לא ידוע</UnitQty>
      <Quantity>90.00</Quantity>
      <UnitOfMeasure>לא ידוע</UnitOfMeasure>
      <bIsWeighted>0</bIsWeighted>
      <QtyInPackage>לא ידוע</QtyInPackage>
      <ItemPrice>9.90</ItemPrice>
      <UnitOfMeasurePrice>0.1100</UnitOfMeasurePrice>
      <AllowDiscount>1</AllowDiscount>
      <ItemStatus>1</ItemStatus>
      <ItemId>251765</ItemId>
    </Item>
    <Item>
      <PriceUpdateDate>2025-09-03 10:51:26</PriceUpdateDate>
      <ItemCode>7290016096583</ItemCode>
      <ItemType>1</ItemType>
      <ItemName>טונה פרינס שלישייה 3</ItemName>
      <ManufacturerName>לא ידוע</ManufacturerName>
      <ManufactureCountry>לא ידוע</ManufactureCountry>
      <ManufacturerItemDescription>טונה פרינס שלישייה 3</ManufacturerItemDescription>
      <UnitQty>לא ידוע</UnitQty>
      <Quantity>240.00</Quantity>
      <UnitOfMeasure>לא ידוע</UnitOfMeasure>
      <bIsWeighted>0</bIsWeighted>
      <QtyInPackage>לא ידוע</QtyInPackage>
      <ItemPrice>15.90</ItemPrice>
      <UnitOfMeasurePrice>0.0663</UnitOfMeasurePrice>
      <AllowDiscount>1</AllowDiscount>
      <ItemStatus>1</ItemStatus>
      <ItemId>208906</ItemId>
    </Item>
    <Item>
      <PriceUpdateDate>2025-01-06 15:56:01</PriceUpdateDate>
      <ItemCode>7290000001975</ItemCode>
      <ItemType>1</ItemType>
      <ItemName>שוקיים עוף טרי מוכשר</ItemName>
      <ManufacturerName>לא ידוע</ManufacturerName>
      <ManufactureCountry>ישראל</ManufactureCountry>
      <ManufacturerItemDescription>שוקיים עוף טרי מוכשר</ManufacturerItemDescription>
      <UnitQty>קילוגרמים</UnitQty>
      <Quantity>1.00</Quantity>
      <UnitOfMeasure>ק"ג</UnitOfMeasure>
      <bIsWeighted>1</bIsWeighted>
      <QtyInPackage>לא ידוע</QtyInPackage>
      <ItemPrice>38.90</ItemPrice>
      <UnitOfMeasurePrice>38.9000</UnitOfMeasurePrice>
      <AllowDiscount>1</AllowDiscount>
      <ItemStatus>1</ItemStatus>
      <ItemId>130482</ItemId>
    </Item>
    <Item>
      <PriceUpdateDate>2025-08-26 16:15:54</PriceUpdateDate>
      <ItemCode>7290000063140</ItemCode>
      <ItemType>1</ItemType>
      <ItemName>שקדי מרק רכיבים טבעי</ItemName>
      <ManufacturerName>קריות זול</ManufacturerName>
      <ManufactureCountry>לא ידוע</ManufactureCountry>
      <ManufacturerItemDescription>שקדי מרק רכיבים טבעי</ManufacturerItemDescription>
      <UnitQty>לא ידוע</UnitQty>
      <Quantity>400.00</Quantity>
      <UnitOfMeasure>לא ידוע</UnitOfMeasure>
      <bIsWeighted>0</bIsWeighted>
      <QtyInPackage>לא ידוע</QtyInPackage>
      <ItemPrice>12.90</ItemPrice>
      <UnitOfMeasurePrice>0.0323</UnitOfMeasurePrice>
      <AllowDiscount>1</AllowDiscount>
      <ItemStatus>1</ItemStatus>
      <ItemId>130493</ItemId>
    </Item>
    <Item>
      <PriceUpdateDate>2025-09-04 11:41:03</PriceUpdateDate>
      <ItemCode>7290106576537</ItemCode>
      <ItemType>1</ItemType>
      <ItemName>חומוס מסעדות צבר 700</ItemName>
      <ManufacturerName>לא ידוע</ManufacturerName>
      <ManufactureCountry>לא ידוע</ManufactureCountry>
      <ManufacturerItemDescription>חומוס מסעדות צבר 700</ManufacturerItemDescription>
      <UnitQty>לא ידוע</UnitQty>
      <Quantity>700.00</Quantity>
      <UnitOfMeasure>לא ידוע</UnitOfMeasure>
      <bIsWeighted>0</bIsWeighted>
      <QtyInPackage>לא ידוע</QtyInPackage>
      <ItemPrice>13.90</ItemPrice>
      <UnitOfMeasurePrice>0.0199</UnitOfMeasurePrice>
      <AllowDiscount>1</AllowDiscount>
      <ItemStatus>1</ItemStatus>
      <ItemId>130497</ItemId>
    </Item>
    <Item>
      <PriceUpdateDate>2025-09-08 07:57:15</PriceUpdateDate>
      <ItemCode>7622202269738</ItemCode>
      <ItemType>1</ItemType>
      <ItemName>שוקולד מילקה חלב עם</ItemName>
      <ManufacturerName>לא ידוע</ManufacturerName>
      <ManufactureCountry>לא ידוע</ManufactureCountry>
      <ManufacturerItemDescription>שוקולד מילקה חלב עם</ManufacturerItemDescription>
      <UnitQty>לא ידוע</UnitQty>
      <Quantity>90.00</Quantity>
      <UnitOfMeasure>לא ידוע</UnitOfMeasure>
      <bIsWeighted>0</bIsWeighted>
      <QtyInPackage>לא ידוע</QtyInPackage>
      <ItemPrice>9.90</ItemPrice>
      <UnitOfMeasurePrice>0.1100</UnitOfMeasurePrice>
      <AllowDiscount>1</AllowDiscount>
      <ItemStatus>1</ItemStatus>
      <ItemId>251766</ItemId>
    </Item>
    <Item>
      <PriceUpdateDate>2025-07-22 10:33:05</PriceUpdateDate>
      <ItemCode>7290002628194</ItemCode>
      <ItemType>1</ItemType>
      <ItemName>שריר הזרוע מס 8 חלק</ItemName>
      <ManufacturerName>לא ידוע</ManufacturerName>
      <ManufactureCountry>לא ידוע</ManufactureCountry>
      <ManufacturerItemDescription>שריר הזרוע מס 8 חלק</ManufacturerItemDescription>
      <UnitQty>קילוגרמים</UnitQty>
      <Quantity>1.00</Quantity>
      <UnitOfMeasure>ק"ג</UnitOfMeasure>
      <bIsWeighted>1</bIsWeighted>
      <QtyInPackage>לא ידוע</QtyInPackage>
      <ItemPrice>49.90</ItemPrice>
      <UnitOfMeasurePrice>49.9000</UnitOfMeasurePrice>
      <AllowDiscount>1</AllowDiscount>
      <ItemStatus>1</ItemStatus>
      <ItemId>234344</ItemId>
    </Item>
    <Item>
      <PriceUpdateDate>2025-08-31 10:12:12</PriceUpdateDate>
      <ItemCode>7290107934473</ItemCode>
      <ItemType>1</ItemType>
      <ItemName>אקטיביה מארז שמינייה</ItemName>
      <ManufacturerName>לא ידוע</ManufacturerName>
      <ManufactureCountry>לא ידוע</ManufactureCountry>
      <ManufacturerItemDescription>אקטיביה מארז שמינייה</ManufacturerItemDescription>
      <UnitQty>לא ידוע</UnitQty>
      <Quantity>1200.00</Quantity>
      <UnitOfMeasure>לא ידוע</UnitOfMeasure>
      <bIsWeighted>0</bIsWeighted>
      <QtyInPackage>לא ידוע</QtyInPackage>
      <ItemPrice>26.90</ItemPrice>
      <UnitOfMeasurePrice>0.0224</UnitOfMeasurePrice>
      <AllowDiscount>1</AllowDiscount>
      <ItemStatus>1</ItemStatus>
      <ItemId>130504</ItemId>
    </Item>
    <Item>
      <PriceUpdateDate>2025-09-08 07:59:44</PriceUpdateDate>
      <ItemCode>7290120870475</ItemCode>
      <ItemType>1</ItemType>
      <ItemName>קמח חומוס דק ללא גלו</ItemName>
      <ManufacturerName>לא ידוע</ManufacturerName>
      <ManufactureCountry>לא ידוע</ManufactureCountry>
      <ManufacturerItemDescription>קמח חומוס דק ללא גלו</ManufacturerItemDescription>
      <UnitQty>לא ידוע</UnitQty>
      <Quantity>400.00</Quantity>
      <UnitOfMeasure>לא ידוע</UnitOfMeasure>
      <bIsWeighted>0</bIsWeighted>
      <QtyInPackage>לא ידוע</QtyInPackage>
      <ItemPrice>16.90</ItemPrice>
      <UnitOfMeasurePrice>0.0422</UnitOfMeasurePrice>
      <AllowDiscount>1</AllowDiscount>
      <ItemStatus>1</ItemStatus>
      <ItemId>251771</ItemId>
    </Item>
    <Item>
      <PriceUpdateDate>2025-09-08 07:59:44</PriceUpdateDate>
      <ItemCode>7290120870482</ItemCode>
      <ItemType>1</ItemType>
      <ItemName>קמח עדשים כתומות דק</ItemName>
      <ManufacturerName>לא ידוע</ManufacturerName>
      <ManufactureCountry>לא ידוע</ManufactureCountry>
      <ManufacturerItemDescription>קמח עדשים כתומות דק</ManufacturerItemDescription>
      <UnitQty>לא ידוע</UnitQty>
      <Quantity>400.00</Quantity>
      <UnitOfMeasure>לא ידוע</UnitOfMeasure>
      <bIsWeighted>0</bIsWeighted>
      <QtyInPackage>לא ידוע</QtyInPackage>
      <ItemPrice>16.90</ItemPrice>
      <UnitOfMeasurePrice>0.0422</UnitOfMeasurePrice>
      <AllowDiscount>1</AllowDiscount>
      <ItemStatus>1</ItemStatus>
      <ItemId>251772</ItemId>
    </Item>
    <Item>
      <PriceUpdateDate>2025-08-31 09:22:40</PriceUpdateDate>
      <ItemCode>7290016717631</ItemCode>
      <ItemType>1</ItemType>
      <ItemName>מוסקטו פרייבט קולקשי</ItemName>
      <ManufacturerName>לא ידוע</ManufacturerName>
      <ManufactureCountry>לא ידוע</ManufactureCountry>
      <ManufacturerItemDescription>מוסקטו פרייבט קולקשי</ManufacturerItemDescription>
      <UnitQty>לא ידוע</UnitQty>
      <Quantity>750.00</Quantity>
      <UnitOfMeasure>לא ידוע</UnitOfMeasure>
      <bIsWeighted>0</bIsWeighted>
      <QtyInPackage>לא ידוע</QtyInPackage>
      <ItemPrice>46.90</ItemPrice>
      <UnitOfMeasurePrice>0.0625</UnitOfMeasurePrice>
      <AllowDiscount>1</AllowDiscount>
      <ItemStatus>1</ItemStatus>
      <ItemId>209535</ItemId>
    </Item>
    <Item>
      <PriceUpdateDate>2025-08-21 11:23:36</PriceUpdateDate>
      <ItemCode>7290017142166</ItemCode>
      <ItemType>1</ItemType>
      <ItemName>פילה טונה בשמן זית ע</ItemName>
      <ManufacturerName>לא ידוע</ManufacturerName>
      <ManufactureCountry>לא ידוע</ManufactureCountry>
      <ManufacturerItemDescription>פילה טונה בשמן זית ע</ManufacturerItemDescription>
      <UnitQty>לא ידוע</UnitQty>
      <Quantity>120.00</Quantity>
      <UnitOfMeasure>לא ידוע</UnitOfMeasure>
      <bIsWeighted>0</bIsWeighted>
      <QtyInPackage>לא ידוע</QtyInPackage>
      <ItemPrice>16.90</ItemPrice>
      <UnitOfMeasurePrice>0.1408</UnitOfMeasurePrice>
      <AllowDiscount>1</AllowDiscount>
      <ItemStatus>1</ItemStatus>
      <ItemId>213579</ItemId>
    </Item>
    <Item>
      <PriceUpdateDate>2025-08-31 10:12:33</PriceUpdateDate>
      <ItemCode>7290112339867</ItemCode>
      <ItemType>1</ItemType>
      <ItemName>גמדים סקוויז תות 100</ItemName>
      <ManufacturerName>לא ידוע</ManufacturerName>
      <ManufactureCountry>לא ידוע</ManufactureCountry>
      <ManufacturerItemDescription>גמדים סקוויז תות 100</ManufacturerItemDescription>
      <UnitQty>לא ידוע</UnitQty>
      <Quantity>100.00</Quantity>
      <UnitOfMeasure>לא ידוע</UnitOfMeasure>
      <bIsWeighted>0</bIsWeighted>
      <QtyInPackage>לא ידוע</QtyInPackage>
      <ItemPrice>6.50</ItemPrice>
      <UnitOfMeasurePrice>0.0650</UnitOfMeasurePrice>
      <AllowDiscount>1</AllowDiscount>
      <ItemStatus>1</ItemStatus>
      <ItemId>213116</ItemId>
    </Item>
    <Item>
      <PriceUpdateDate>2025-09-11 10:20:32</PriceUpdateDate>
      <ItemCode>80135876</ItemCode>
      <ItemType>1</ItemType>
      <ItemName>ממרח נוטלה 400 גרם</ItemName>
      <ManufacturerName>לא ידוע</ManufacturerName>
      <ManufactureCountry>לא ידוע</ManufactureCountry>
      <ManufacturerItemDescription>ממרח נוטלה 400 גרם</ManufacturerItemDescription>
      <UnitQty>לא ידוע</UnitQty>
      <Quantity>400.00</Quantity>
      <UnitOfMeasure>לא ידוע</UnitOfMeasure>
      <bIsWeighted>0</bIsWeighted>
      <QtyInPackage>לא ידוע</QtyInPackage>
      <ItemPrice>22.90</ItemPrice>
      <UnitOfMeasurePrice>0.0572</UnitOfMeasurePrice>
      <AllowDiscount>1</AllowDiscount>
      <ItemStatus>1</ItemStatus>
      <ItemId>255866</ItemId>
    </Item>
    <Item>
      <PriceUpdateDate>2025-01-26 13:23:54</PriceUpdateDate>
      <ItemCode>7290008830690</ItemCode>
      <ItemType>1</ItemType>
      <ItemName>מובחרים מן הטבע קטני</ItemName>
      <ManufacturerName>לא ידוע</ManufacturerName>
      <ManufactureCountry>לא ידוע</ManufactureCountry>
      <ManufacturerItemDescription>מובחרים מן הטבע קטני</ManufacturerItemDescription>
      <UnitQty>לא ידוע</UnitQty>
      <Quantity>800.00</Quantity>
      <UnitOfMeasure>לא ידוע</UnitOfMeasure>
      <bIsWeighted>0</bIsWeighted>
      <QtyInPackage>לא ידוע</QtyInPackage>
      <ItemPrice>10.00</ItemPrice>
      <UnitOfMeasurePrice>0.0125</UnitOfMeasurePrice>
      <AllowDiscount>1</AllowDiscount>
      <ItemStatus>1</ItemStatus>
      <ItemId>208918</ItemId>
    </Item>
    <Item>
      <PriceUpdateDate>2025-08-31 08:29:31</PriceUpdateDate>
      <ItemCode>7290008801119</ItemCode>
      <ItemType>1</ItemType>
      <ItemName>סלקטד סוביניון בלאן</ItemName>
      <ManufacturerName>קריות זול</ManufacturerName>
      <ManufactureCountry>לא ידוע</ManufactureCountry>
      <ManufacturerItemDescription>סלקטד סוביניון בלאן</ManufacturerItemDescription>
      <UnitQty>לא ידוע</UnitQty>
      <Quantity>750.00</Quantity>
      <UnitOfMeasure>לא ידוע</UnitOfMeasure>
      <bIsWeighted>0</bIsWeighted>
      <QtyInPackage>לא ידוע</QtyInPackage>
      <ItemPrice>35.90</ItemPrice>
      <UnitOfMeasurePrice>0.0479</UnitOfMeasurePrice>
      <AllowDiscount>1</AllowDiscount>
      <ItemStatus>1</ItemStatus>
      <ItemId>130654</ItemId>
    </Item>
    <Item>
      <PriceUpdateDate>2025-08-31 08:29:31</PriceUpdateDate>
      <ItemCode>7290008801157</ItemCode>
      <ItemType>1</ItemType>
      <ItemName>מרלו כרמל סלקטד 750מ</ItemName>
      <ManufacturerName>קריות זול</ManufacturerName>
      <ManufactureCountry>לא ידוע</ManufactureCountry>
      <ManufacturerItemDescription>מרלו כרמל סלקטד 750מ</ManufacturerItemDescription>
      <UnitQty>לא ידוע</UnitQty>
      <Quantity>750.00</Quantity>
      <UnitOfMeasure>לא ידוע</UnitOfMeasure>
      <bIsWeighted>0</bIsWeighted>
      <QtyInPackage>לא ידוע</QtyInPackage>
      <ItemPrice>35.90</ItemPrice>
      <UnitOfMeasurePrice>0.0479</UnitOfMeasurePrice>
      <AllowDiscount>1</AllowDiscount>
      <ItemStatus>1</ItemStatus>
      <ItemId>130655</ItemId>
    </Item>
    <Item>
      <PriceUpdateDate>2025-08-31 08:29:32</PriceUpdateDate>
      <ItemCode>7290008801539</ItemCode>
      <ItemType>1</ItemType>
      <ItemName>יין קינג דיוויד מתוק</ItemName>
      <ManufacturerName>קריות זול</ManufacturerName>
      <ManufactureCountry>לא ידוע</ManufactureCountry>
      <ManufacturerItemDescription>יין קינג דיוויד מתוק</ManufacturerItemDescription>
      <UnitQty>לא ידוע</UnitQty>
      <Quantity>750.00</Quantity>
      <UnitOfMeasure>לא ידוע</UnitOfMeasure>
      <bIsWeighted>0</bIsWeighted>
      <QtyInPackage>לא ידוע</QtyInPackage>
      <ItemPrice>24.90</ItemPrice>
      <UnitOfMeasurePrice>0.0332</UnitOfMeasurePrice>
      <AllowDiscount>1</AllowDiscount>
      <ItemStatus>1</ItemStatus>
      <ItemId>130664</ItemId>
    </Item>
    <Item>
      <PriceUpdateDate>2025-08-31 08:29:33</PriceUpdateDate>
      <ItemCode>7290008802291</ItemCode>
      <ItemType>1</ItemType>
      <ItemName>יין מרלו פרייבט קולק</ItemName>
      <ManufacturerName>קריות זול</ManufacturerName>
      <ManufactureCountry>לא ידוע</ManufactureCountry>
      <ManufacturerItemDescription>יין מרלו פרייבט קולק</ManufacturerItemDescription>
      <UnitQty>לא ידוע</UnitQty>
      <Quantity>750.00</Quantity>
      <UnitOfMeasure>לא ידוע</UnitOfMeasure>
      <bIsWeighted>0</bIsWeighted>
      <QtyInPackage>לא ידוע</QtyInPackage>
      <ItemPrice>46.90</ItemPrice>
      <UnitOfMeasurePrice>0.0625</UnitOfMeasurePrice>
      <AllowDiscount>1</AllowDiscount>
      <ItemStatus>1</ItemStatus>
      <ItemId>130669</ItemId>
    </Item>
    <Item>
      <PriceUpdateDate>2025-08-31 08:29:34</PriceUpdateDate>
      <ItemCode>7290008804332</ItemCode>
      <ItemType>1</ItemType>
      <ItemName>יין שיראז אדום יבש פ</ItemName>
      <ManufacturerName>קריות זול</ManufacturerName>
      <ManufactureCountry>לא ידוע</ManufactureCountry>
      <ManufacturerItemDescription>יין שיראז אדום יבש פ</ManufacturerItemDescription>
      <UnitQty>לא ידוע</UnitQty>
      <Quantity>750.00</Quantity>
      <UnitOfMeasure>לא ידוע</UnitOfMeasure>
      <bIsWeighted>0</bIsWeighted>
      <QtyInPackage>לא ידוע</QtyInPackage>
      <ItemPrice>46.90</ItemPrice>
      <UnitOfMeasurePrice>0.0625</UnitOfMeasurePrice>
      <AllowDiscount>1</AllowDiscount>
      <ItemStatus>1</ItemStatus>
      <ItemId>130684</ItemId>
    </Item>
    <Item>
      <PriceUpdateDate>2025-03-03 16:05:27</PriceUpdateDate>
      <ItemCode>7290000976471</ItemCode>
      <ItemType>1</ItemType>
      <ItemName>גרעין דלעת מקולפת במ</ItemName>
      <ManufacturerName>לא ידוע</ManufacturerName>
      <ManufactureCountry>לא ידוע</ManufactureCountry>
      <ManufacturerItemDescription>גרעין דלעת מקולפת במ</ManufacturerItemDescription>
      <UnitQty>קילוגרמים</UnitQty>
      <Quantity>1.00</Quantity>
      <UnitOfMeasure>ק"ג</UnitOfMeasure>
      <bIsWeighted>1</bIsWeighted>
      <QtyInPackage>לא ידוע</QtyInPackage>
      <ItemPrice>56.00</ItemPrice>
      <UnitOfMeasurePrice>56.0000</UnitOfMeasurePrice>
      <AllowDiscount>1</AllowDiscount>
      <ItemStatus>1</ItemStatus>
      <ItemId>251784</ItemId>
    </Item>
    <Item>
      <PriceUpdateDate>2025-03-03 16:05:27</PriceUpdateDate>
      <ItemCode>7290000976501</ItemCode>
      <ItemType>1</ItemType>
      <ItemName>צימוק חום במשקל</ItemName>
      <ManufacturerName>לא ידוע</ManufacturerName>
      <ManufactureCountry>לא ידוע</ManufactureCountry>
      <ManufacturerItemDescription>צימוק חום במשקל</ManufacturerItemDescription>
      <UnitQty>קילוגרמים</UnitQty>
      <Quantity>1.00</Quantity>
      <UnitOfMeasure>ק"ג</UnitOfMeasure>
      <bIsWeighted>1</bIsWeighted>
      <QtyInPackage>לא ידוע</QtyInPackage>
      <ItemPrice>29.00</ItemPrice>
      <UnitOfMeasurePrice>29.0000</UnitOfMeasurePrice>
      <AllowDiscount>1</AllowDiscount>
      <ItemStatus>1</ItemStatus>
      <ItemId>251785</ItemId>
    </Item>
    <Item>
      <PriceUpdateDate>2025-03-03 16:05:27</PriceUpdateDate>
      <ItemCode>7290000976556</ItemCode>
      <ItemType>1</ItemType>
      <ItemName>צנובר במשקל.</ItemName>
      <ManufacturerName>לא ידוע</ManufacturerName>
      <ManufactureCountry>לא ידוע</ManufactureCountry>
      <ManufacturerItemDescription>צנובר במשקל.</ManufacturerItemDescription>
      <UnitQty>קילוגרמים</UnitQty>
      <Quantity>1.00</Quantity>
      <UnitOfMeasure>ק"ג</UnitOfMeasure>
      <bIsWeighted>1</bIsWeighted>
      <QtyInPackage>לא ידוע</QtyInPackage>
      <ItemPrice>196.00</ItemPrice>
      <UnitOfMeasurePrice>196.0000</UnitOfMeasurePrice>
      <AllowDiscount>1</AllowDiscount>
      <ItemStatus>1</ItemStatus>
      <ItemId>251787</ItemId>
    </Item>
    <Item>
      <PriceUpdateDate>2025-03-03 16:05:27</PriceUpdateDate>
      <ItemCode>7290000976662</ItemCode>
      <ItemType>1</ItemType>
      <ItemName>פקאן טבעי במשקל</ItemName>
      <ManufacturerName>לא ידוע</ManufacturerName>
      <ManufactureCountry>לא ידוע</ManufactureCountry>
      <ManufacturerItemDescription>פקאן טבעי במשקל</ManufacturerItemDescription>
      <UnitQty>קילוגרמים</UnitQty>
      <Quantity>1.00</Quantity>
      <UnitOfMeasure>ק"ג</UnitOfMeasure>
      <bIsWeighted>1</bIsWeighted>
      <QtyInPackage>לא ידוע</QtyInPackage>
      <ItemPrice>121.00</ItemPrice>
      <UnitOfMeasurePrice>121.0000</UnitOfMeasurePrice>
      <AllowDiscount>1</AllowDiscount>
      <ItemStatus>1</ItemStatus>
      <ItemId>251789</ItemId>
    </Item>
    <Item>
      <PriceUpdateDate>2025-05-08 13:02:07</PriceUpdateDate>
      <ItemCode>7290000976754</ItemCode>
      <ItemType>1</ItemType>
      <ItemName>מנצס במשקל</ItemName>
      <ManufacturerName>לא ידוע</ManufacturerName>
      <ManufactureCountry>לא ידוע</ManufactureCountry>
      <ManufacturerItemDescription>מנצס במשקל</ManufacturerItemDescription>
      <UnitQty>קילוגרמים</UnitQty>
      <Quantity>1.00</Quantity>
      <UnitOfMeasure>ק"ג</UnitOfMeasure>
      <bIsWeighted>1</bIsWeighted>
      <QtyInPackage>לא ידוע</QtyInPackage>
      <ItemPrice>65.00</ItemPrice>
      <UnitOfMeasurePrice>65.0000</UnitOfMeasurePrice>
      <AllowDiscount>1</AllowDiscount>
      <ItemStatus>1</ItemStatus>
      <ItemId>251791</ItemId>
    </Item>
    <Item>
      <PriceUpdateDate>2025-03-03 16:05:27</PriceUpdateDate>
      <ItemCode>7290000976761</ItemCode>
      <ItemType>1</ItemType>
      <ItemName>אגוז קלוף במשקל</ItemName>
      <ManufacturerName>לא ידוע</ManufacturerName>
      <ManufactureCountry>לא ידוע</ManufactureCountry>
      <ManufacturerItemDescription>אגוז קלוף במשקל</ManufacturerItemDescription>
      <UnitQty>קילוגרמים</UnitQty>
      <Quantity>1.00</Quantity>
      <UnitOfMeasure>ק"ג</UnitOfMeasure>
      <bIsWeighted>1</bIsWeighted>
      <QtyInPackage>לא ידוע</QtyInPackage>
      <ItemPrice>79.00</ItemPrice>
      <UnitOfMeasurePrice>79.0000</UnitOfMeasurePrice>
      <AllowDiscount>1</AllowDiscount>
      <ItemStatus>1</ItemStatus>
      <ItemId>251792</ItemId>
    </Item>
    <Item>
      <PriceUpdateDate>2025-08-31 08:29:36</PriceUpdateDate>
      <ItemCode>7290014256620</ItemCode>
      <ItemType>1</ItemType>
      <ItemName>באזז קריניאנו 750 מ"</ItemName>
      <ManufacturerName>קריות זול</ManufacturerName>
      <ManufactureCountry>לא ידוע</ManufactureCountry>
      <ManufacturerItemDescription>באזז קריניאנו 750 מ"</ManufacturerItemDescription>
      <UnitQty>לא ידוע</UnitQty>
      <Quantity>750.00</Quantity>
      <UnitOfMeasure>לא ידוע</UnitOfMeasure>
      <bIsWeighted>0</bIsWeighted>
      <QtyInPackage>לא ידוע</QtyInPackage>
      <ItemPrice>33.90</ItemPrice>
      <UnitOfMeasurePrice>0.0452</UnitOfMeasurePrice>
      <AllowDiscount>1</AllowDiscount>
      <ItemStatus>1</ItemStatus>
      <ItemId>130721</ItemId>
    </Item>
    <Item>
      <PriceUpdateDate>2025-08-31 08:29:36</PriceUpdateDate>
      <ItemCode>7290014256637</ItemCode>
      <ItemType>1</ItemType>
      <ItemName>באזז מוסקטו 750 מ"ל</ItemName>
      <ManufacturerName>קריות זול</ManufacturerName>
      <ManufactureCountry>לא ידוע</ManufactureCountry>
      <ManufacturerItemDescription>באזז מוסקטו 750 מ"ל</ManufacturerItemDescription>
      <UnitQty>לא ידוע</UnitQty>
      <Quantity>750.00</Quantity>
      <UnitOfMeasure>לא ידוע</UnitOfMeasure>
      <bIsWeighted>0</bIsWeighted>
      <QtyInPackage>לא ידוע</QtyInPackage>
      <ItemPrice>33.90</ItemPrice>
      <UnitOfMeasurePrice>0.0452</UnitOfMeasurePrice>
      <AllowDiscount>1</AllowDiscount>
      <ItemStatus>1</ItemStatus>
      <ItemId>130722</ItemId>
    </Item>
    <Item>
      <PriceUpdateDate>2025-03-03 16:05:27</PriceUpdateDate>
      <ItemCode>7290000976846</ItemCode>
      <ItemType>1</ItemType>
      <ItemName>פיסטוק מקולף במשקל</ItemName>
      <ManufacturerName>לא ידוע</ManufacturerName>
      <ManufactureCountry>לא ידוע</ManufactureCountry>
      <ManufacturerItemDescription>פיסטוק מקולף במשקל</ManufacturerItemDescription>
      <UnitQty>קילוגרמים</UnitQty>
      <Quantity>1.00</Quantity>
      <UnitOfMeasure>ק"ג</UnitOfMeasure>
      <bIsWeighted>1</bIsWeighted>
      <QtyInPackage>לא ידוע</QtyInPackage>
      <ItemPrice>150.00</ItemPrice>
      <UnitOfMeasurePrice>150.0000</UnitOfMeasurePrice>
      <AllowDiscount>1</AllowDiscount>
      <ItemStatus>1</ItemStatus>
      <ItemId>251795</ItemId>
    </Item>
    <Item>
      <PriceUpdateDate>2025-11-21 11:50:29</PriceUpdateDate>
      <ItemCode>7290118428572</ItemCode>
      <ItemType>1</ItemType>
      <ItemName>במבה מארז ספורט 2025</ItemName>
      <ManufacturerName>לא ידוע</ManufacturerName>
      <ManufactureCountry>לא ידוע</ManufactureCountry>
      <ManufacturerItemDescription>במבה מארז ספורט 2025</ManufacturerItemDescription>
      <UnitQty>לא ידוע</UnitQty>
      <Quantity>344.00</Quantity>
      <UnitOfMeasure>לא ידוע</UnitOfMeasure>
      <bIsWeighted>0</bIsWeighted>
      <QtyInPackage>לא ידוע</QtyInPackage>
      <ItemPrice>24.90</ItemPrice>
      <UnitOfMeasurePrice>0.0724</UnitOfMeasurePrice>
      <AllowDiscount>1</AllowDiscount>
      <ItemStatus>1</ItemStatus>
      <ItemId>256537</ItemId>
    </Item>
    <Item>
      <PriceUpdateDate>2025-08-27 13:35:30</PriceUpdateDate>
      <ItemCode>7290012359170</ItemCode>
      <ItemType>1</ItemType>
      <ItemName>דבש לחיץ עמק חפר 250</ItemName>
      <ManufacturerName>לא ידוע</ManufacturerName>
      <ManufactureCountry>לא ידוע</ManufactureCountry>
      <ManufacturerItemDescription>דבש לחיץ עמק חפר 250</ManufacturerItemDescription>
      <UnitQty>לא ידוע</UnitQty>
      <Quantity>250.00</Quantity>
      <UnitOfMeasure>לא ידוע</UnitOfMeasure>
      <bIsWeighted>0</bIsWeighted>
      <QtyInPackage>לא ידוע</QtyInPackage>
      <ItemPrice>14.90</ItemPrice>
      <UnitOfMeasurePrice>0.0596</UnitOfMeasurePrice>
      <AllowDiscount>1</AllowDiscount>
      <ItemStatus>1</ItemStatus>
      <ItemId>255768</ItemId>
    </Item>
    <Item>
      <PriceUpdateDate>2025-03-03 16:05:27</PriceUpdateDate>
      <ItemCode>7290000976884</ItemCode>
      <ItemType>1</ItemType>
      <ItemName>פקאן סיני במשקל.</ItemName>
      <ManufacturerName>לא ידוע</ManufacturerName>
      <ManufactureCountry>לא ידוע</ManufactureCountry>
      <ManufacturerItemDescription>פקאן סיני במשקל.</ManufacturerItemDescription>
      <UnitQty>קילוגרמים</UnitQty>
      <Quantity>1.00</Quantity>
      <UnitOfMeasure>ק"ג</UnitOfMeasure>
      <bIsWeighted>1</bIsWeighted>
      <QtyInPackage>לא ידוע</QtyInPackage>
      <ItemPrice>119.00</ItemPrice>
      <UnitOfMeasurePrice>119.0000</UnitOfMeasurePrice>
      <AllowDiscount>1</AllowDiscount>
      <ItemStatus>1</ItemStatus>
      <ItemId>251796</ItemId>
    </Item>
    <Item>
      <PriceUpdateDate>2025-03-03 16:05:27</PriceUpdateDate>
      <ItemCode>7290000977089</ItemCode>
      <ItemType>1</ItemType>
      <ItemName>קשיו טבעי במשקל</ItemName>
      <ManufacturerName>לא ידוע</ManufacturerName>
      <ManufactureCountry>לא ידוע</ManufactureCountry>
      <ManufacturerItemDescription>קשיו טבעי במשקל</ManufacturerItemDescription>
      <UnitQty>קילוגרמים</UnitQty>
      <Quantity>1.00</Quantity>
      <UnitOfMeasure>ק"ג</UnitOfMeasure>
      <bIsWeighted>1</bIsWeighted>
      <QtyInPackage>לא ידוע</QtyInPackage>
      <ItemPrice>86.00</ItemPrice>
      <UnitOfMeasurePrice>86.0000</UnitOfMeasurePrice>
      <AllowDiscount>1</AllowDiscount>
      <ItemStatus>1</ItemStatus>
      <ItemId>251799</ItemId>
    </Item>
    <Item>
      <PriceUpdateDate>2025-03-03 16:05:27</PriceUpdateDate>
      <ItemCode>7290000977140</ItemCode>
      <ItemType>1</ItemType>
      <ItemName>אגוזי מקדמיה במשקל</ItemName>
      <ManufacturerName>לא ידוע</ManufacturerName>
      <ManufactureCountry>לא ידוע</ManufactureCountry>
      <ManufacturerItemDescription>אגוזי מקדמיה במשקל</ManufacturerItemDescription>
      <UnitQty>קילוגרמים</UnitQty>
      <Quantity>1.00</Quantity>
      <UnitOfMeasure>ק"ג</UnitOfMeasure>
      <bIsWeighted>1</bIsWeighted>
      <QtyInPackage>לא ידוע</QtyInPackage>
      <ItemPrice>150.00</ItemPrice>
      <UnitOfMeasurePrice>150.0000</UnitOfMeasurePrice>
      <AllowDiscount>1</AllowDiscount>
      <ItemStatus>1</ItemStatus>
      <ItemId>251801</ItemId>
    </Item>
    <Item>
      <PriceUpdateDate>2025-03-03 16:05:27</PriceUpdateDate>
      <ItemCode>7290000977485</ItemCode>
      <ItemType>1</ItemType>
      <ItemName>גרעין לבן קלוי במשקל</ItemName>
      <ManufacturerName>לא ידוע</ManufacturerName>
      <ManufactureCountry>לא ידוע</ManufactureCountry>
      <ManufacturerItemDescription>גרעין לבן קלוי במשקל</ManufacturerItemDescription>
      <UnitQty>קילוגרמים</UnitQty>
      <Quantity>1.00</Quantity>
      <UnitOfMeasure>ק"ג</UnitOfMeasure>
      <bIsWeighted>1</bIsWeighted>
      <QtyInPackage>לא ידוע</QtyInPackage>
      <ItemPrice>65.00</ItemPrice>
      <UnitOfMeasurePrice>65.0000</UnitOfMeasurePrice>
      <AllowDiscount>1</AllowDiscount>
      <ItemStatus>1</ItemStatus>
      <ItemId>251806</ItemId>
    </Item>
    <Item>
      <PriceUpdateDate>2025-03-03 16:05:27</PriceUpdateDate>
      <ItemCode>7290000977645</ItemCode>
      <ItemType>1</ItemType>
      <ItemName>חטיפים יפני במשקל</ItemName>
      <ManufacturerName>לא ידוע</ManufacturerName>
      <ManufactureCountry>לא ידוע</ManufactureCountry>
      <ManufacturerItemDescription>חטיפים יפני במשקל</ManufacturerItemDescription>
      <UnitQty>קילוגרמים</UnitQty>
      <Quantity>1.00</Quantity>
      <UnitOfMeasure>ק"ג</UnitOfMeasure>
      <bIsWeighted>1</bIsWeighted>
      <QtyInPackage>לא ידוע</QtyInPackage>
      <ItemPrice>75.00</ItemPrice>
      <UnitOfMeasurePrice>75.0000</UnitOfMeasurePrice>
      <AllowDiscount>1</AllowDiscount>
      <ItemStatus>1</ItemStatus>
      <ItemId>251808</ItemId>
    </Item>
    <Item>
      <PriceUpdateDate>2025-08-28 10:16:41</PriceUpdateDate>
      <ItemCode>7290108501346</ItemCode>
      <ItemType>1</ItemType>
      <ItemName>גבינת גאודה מגורדת 2</ItemName>
      <ManufacturerName>לא ידוע</ManufacturerName>
      <ManufactureCountry>לא ידוע</ManufactureCountry>
      <ManufacturerItemDescription>גבינת גאודה מגורדת 2</ManufacturerItemDescription>
      <UnitQty>לא ידוע</UnitQty>
      <Quantity>500.00</Quantity>
      <UnitOfMeasure>לא ידוע</UnitOfMeasure>
      <bIsWeighted>0</bIsWeighted>
      <QtyInPackage>לא ידוע</QtyInPackage>
      <ItemPrice>29.90</ItemPrice>
      <UnitOfMeasurePrice>0.0598</UnitOfMeasurePrice>
      <AllowDiscount>1</AllowDiscount>
      <ItemStatus>1</ItemStatus>
      <ItemId>210440</ItemId>
    </Item>
    <Item>
      <PriceUpdateDate>2025-08-27 11:28:39</PriceUpdateDate>
      <ItemCode>7290002735007</ItemCode>
      <ItemType>1</ItemType>
      <ItemName>בצק עלים ינון 1קג</ItemName>
      <ManufacturerName>לא ידוע</ManufacturerName>
      <ManufactureCountry>לא ידוע</ManufactureCountry>
      <ManufacturerItemDescription>בצק עלים ינון 1קג</ManufacturerItemDescription>
      <UnitQty>לא ידוע</UnitQty>
      <Quantity>1000.00</Quantity>
      <UnitOfMeasure>לא ידוע</UnitOfMeasure>
      <bIsWeighted>0</bIsWeighted>
      <QtyInPackage>לא ידוע</QtyInPackage>
      <ItemPrice>18.90</ItemPrice>
      <UnitOfMeasurePrice>0.0189</UnitOfMeasurePrice>
      <AllowDiscount>1</AllowDiscount>
      <ItemStatus>1</ItemStatus>
      <ItemId>130866</ItemId>
    </Item>
    <Item>
      <PriceUpdateDate>2025-08-27 11:28:39</PriceUpdateDate>
      <ItemCode>7290002735014</ItemCode>
      <ItemType>1</ItemType>
      <ItemName>מלווח ארוז ינון 800ג</ItemName>
      <ManufacturerName>לא ידוע</ManufacturerName>
      <ManufactureCountry>לא ידוע</ManufactureCountry>
      <ManufacturerItemDescription>מלווח ארוז ינון 800ג</ManufacturerItemDescription>
      <UnitQty>לא ידוע</UnitQty>
      <Quantity>800.00</Quantity>
      <UnitOfMeasure>לא ידוע</UnitOfMeasure>
      <bIsWeighted>0</bIsWeighted>
      <QtyInPackage>לא ידוע</QtyInPackage>
      <ItemPrice>18.90</ItemPrice>
      <UnitOfMeasurePrice>0.0236</UnitOfMeasurePrice>
      <AllowDiscount>1</AllowDiscount>
      <ItemStatus>1</ItemStatus>
      <ItemId>130867</ItemId>
    </Item>
    <Item>
      <PriceUpdateDate>2025-08-27 11:28:39</PriceUpdateDate>
      <ItemCode>7290002735021</ItemCode>
      <ItemType>1</ItemType>
      <ItemName>גחנון ארוז ינון 750ג</ItemName>
      <ManufacturerName>לא ידוע</ManufacturerName>
      <ManufactureCountry>לא ידוע</ManufactureCountry>
      <ManufacturerItemDescription>גחנון ארוז ינון 750ג</ManufacturerItemDescription>
      <UnitQty>לא ידוע</UnitQty>
      <Quantity>750.00</Quantity>
      <UnitOfMeasure>לא ידוע</UnitOfMeasure>
      <bIsWeighted>0</bIsWeighted>
      <QtyInPackage>לא ידוע</QtyInPackage>
      <ItemPrice>18.90</ItemPrice>
      <UnitOfMeasurePrice>0.0252</UnitOfMeasurePrice>
      <AllowDiscount>1</AllowDiscount>
      <ItemStatus>1</ItemStatus>
      <ItemId>130868</ItemId>
    </Item>
    <Item>
      <PriceUpdateDate>2025-08-27 11:28:40</PriceUpdateDate>
      <ItemCode>7290002735274</ItemCode>
      <ItemType>1</ItemType>
      <ItemName>גחנון אפוי ינון 600ג</ItemName>
      <ManufacturerName>לא ידוע</ManufacturerName>
      <ManufactureCountry>לא ידוע</ManufactureCountry>
      <ManufacturerItemDescription>גחנון אפוי ינון 600ג</ManufacturerItemDescription>
      <UnitQty>לא ידוע</UnitQty>
      <Quantity>600.00</Quantity>
      <UnitOfMeasure>לא ידוע</UnitOfMeasure>
      <bIsWeighted>0</bIsWeighted>
      <QtyInPackage>לא ידוע</QtyInPackage>
      <ItemPrice>20.90</ItemPrice>
      <UnitOfMeasurePrice>0.0348</UnitOfMeasurePrice>
      <AllowDiscount>1</AllowDiscount>
      <ItemStatus>1</ItemStatus>
      <ItemId>130873</ItemId>
    </Item>
    <Item>
      <PriceUpdateDate>2025-08-27 11:28:41</PriceUpdateDate>
      <ItemCode>7290004061449</ItemCode>
      <ItemType>1</ItemType>
      <ItemName>שניצל אמרקאי 700גר</ItemName>
      <ManufacturerName>לא ידוע</ManufacturerName>
      <ManufactureCountry>לא ידוע</ManufactureCountry>
      <ManufacturerItemDescription>שניצל אמרקאי 700גר</ManufacturerItemDescription>
      <UnitQty>לא ידוע</UnitQty>
      <Quantity>700.00</Quantity>
      <UnitOfMeasure>לא ידוע</UnitOfMeasure>
      <bIsWeighted>0</bIsWeighted>
      <QtyInPackage>לא ידוע</QtyInPackage>
      <ItemPrice>16.90</ItemPrice>
      <UnitOfMeasurePrice>0.0241</UnitOfMeasurePrice>
      <AllowDiscount>1</AllowDiscount>
      <ItemStatus>1</ItemStatus>
      <ItemId>130879</ItemId>
    </Item>
    <Item>
      <PriceUpdateDate>2025-08-27 11:21:24</PriceUpdateDate>
      <ItemCode>7290004061487</ItemCode>
      <ItemType>1</ItemType>
      <ItemName>טבעות עוף 700גר</ItemName>
      <ManufacturerName>לא ידוע</ManufacturerName>
      <ManufactureCountry>לא ידוע</ManufactureCountry>
      <ManufacturerItemDescription>טבעות עוף 700גר</ManufacturerItemDescription>
      <UnitQty>לא ידוע</UnitQty>
      <Quantity>700.00</Quantity>
      <UnitOfMeasure>לא ידוע</UnitOfMeasure>
      <bIsWeighted>0</bIsWeighted>
      <QtyInPackage>לא ידוע</QtyInPackage>
      <ItemPrice>18.90</ItemPrice>
      <UnitOfMeasurePrice>0.0270</UnitOfMeasurePrice>
      <AllowDiscount>1</AllowDiscount>
      <ItemStatus>1</ItemStatus>
      <ItemId>130882</ItemId>
    </Item>
    <Item>
      <PriceUpdateDate>2025-08-27 11:28:42</PriceUpdateDate>
      <ItemCode>7290004061494</ItemCode>
      <ItemType>1</ItemType>
      <ItemName>נגיסי עוף 700גר</ItemName>
      <ManufacturerName>פריטי המותג של יאיר</ManufacturerName>
      <ManufactureCountry>לא ידוע</ManufactureCountry>
      <ManufacturerItemDescription>נגיסי עוף 700גר</ManufacturerItemDescription>
      <UnitQty>לא ידוע</UnitQty>
      <Quantity>700.00</Quantity>
      <UnitOfMeasure>לא ידוע</UnitOfMeasure>
      <bIsWeighted>0</bIsWeighted>
      <QtyInPackage>לא ידוע</QtyInPackage>
      <ItemPrice>18.90</ItemPrice>
      <UnitOfMeasurePrice>0.0270</UnitOfMeasurePrice>
      <AllowDiscount>1</AllowDiscount>
      <ItemStatus>1</ItemStatus>
      <ItemId>130883</ItemId>
    </Item>
    <Item>
      <PriceUpdateDate>2024-12-25 10:29:35</PriceUpdateDate>
      <ItemCode>7290107936309</ItemCode>
      <ItemType>1</ItemType>
      <ItemName>דנונה יווני לבן 130ג</ItemName>
      <ManufacturerName>לא ידוע</ManufacturerName>
      <ManufactureCountry>לא ידוע</ManufactureCountry>
      <ManufacturerItemDescription>דנונה יווני לבן 130ג</ManufacturerItemDescription>
      <UnitQty>לא ידוע</UnitQty>
      <Quantity>130.00</Quantity>
      <UnitOfMeasure>לא ידוע</UnitOfMeasure>
      <bIsWeighted>0</bIsWeighted>
      <QtyInPackage>לא ידוע</QtyInPackage>
      <ItemPrice>3.90</ItemPrice>
      <UnitOfMeasurePrice>0.0300</UnitOfMeasurePrice>
      <AllowDiscount>1</AllowDiscount>
      <ItemStatus>1</ItemStatus>
      <ItemId>204021</ItemId>
    </Item>
    <Item>
      <PriceUpdateDate>2025-08-19 11:32:08</PriceUpdateDate>
      <ItemCode>7290000554402</ItemCode>
      <ItemType>1</ItemType>
      <ItemName>מלבי 160גר מחלבות גד</ItemName>
      <ManufacturerName>קריות זול</ManufacturerName>
      <ManufactureCountry>לא ידוע</ManufactureCountry>
      <ManufacturerItemDescription>מלבי 160גר מחלבות גד</ManufacturerItemDescription>
      <UnitQty>לא ידוע</UnitQty>
      <Quantity>160.00</Quantity>
      <UnitOfMeasure>לא ידוע</UnitOfMeasure>
      <bIsWeighted>0</bIsWeighted>
      <QtyInPackage>לא ידוע</QtyInPackage>
      <ItemPrice>8.90</ItemPrice>
      <UnitOfMeasurePrice>0.0556</UnitOfMeasurePrice>
      <AllowDiscount>1</AllowDiscount>
      <ItemStatus>1</ItemStatus>
      <ItemId>130972</ItemId>
    </Item>
    <Item>
      <PriceUpdateDate>2025-08-19 11:32:09</PriceUpdateDate>
      <ItemCode>7290000554457</ItemCode>
      <ItemType>1</ItemType>
      <ItemName>צפתית 5% 350גר מחלבו</ItemName>
      <ManufacturerName>קריות זול</ManufacturerName>
      <ManufactureCountry>לא ידוע</ManufactureCountry>
      <ManufacturerItemDescription>צפתית 5% 350גר מחלבו</ManufacturerItemDescription>
      <UnitQty>לא ידוע</UnitQty>
      <Quantity>350.00</Quantity>
      <UnitOfMeasure>לא ידוע</UnitOfMeasure>
      <bIsWeighted>0</bIsWeighted>
      <QtyInPackage>לא ידוע</QtyInPackage>
      <ItemPrice>27.90</ItemPrice>
      <UnitOfMeasurePrice>0.0797</UnitOfMeasurePrice>
      <AllowDiscount>1</AllowDiscount>
      <ItemStatus>1</ItemStatus>
      <ItemId>130973</ItemId>
    </Item>
    <Item>
      <PriceUpdateDate>2025-08-19 11:32:10</PriceUpdateDate>
      <ItemCode>7290000554532</ItemCode>
      <ItemType>1</ItemType>
      <ItemName>צפתית מעודנת במלח ים</ItemName>
      <ManufacturerName>לא ידוע</ManufacturerName>
      <ManufactureCountry>לא ידוע</ManufactureCountry>
      <ManufacturerItemDescription>צפתית מעודנת במלח ים</ManufacturerItemDescription>
      <UnitQty>לא ידוע</UnitQty>
      <Quantity>200.00</Quantity>
      <UnitOfMeasure>לא ידוע</UnitOfMeasure>
      <bIsWeighted>0</bIsWeighted>
      <QtyInPackage>לא ידוע</QtyInPackage>
      <ItemPrice>18.90</ItemPrice>
      <UnitOfMeasurePrice>0.0945</UnitOfMeasurePrice>
      <AllowDiscount>1</AllowDiscount>
      <ItemStatus>1</ItemStatus>
      <ItemId>130976</ItemId>
    </Item>
    <Item>
      <PriceUpdateDate>2025-11-02 11:36:06</PriceUpdateDate>
      <ItemCode>7290000554600</ItemCode>
      <ItemType>1</ItemType>
      <ItemName>מוצרלה 22% מגורדת 30</ItemName>
      <ManufacturerName>קריות זול</ManufacturerName>
      <ManufactureCountry>לא ידוע</ManufactureCountry>
      <ManufacturerItemDescription>מוצרלה 22% מגורדת 30</ManufacturerItemDescription>
      <UnitQty>לא ידוע</UnitQty>
      <Quantity>300.00</Quantity>
      <UnitOfMeasure>לא ידוע</UnitOfMeasure>
      <bIsWeighted>0</bIsWeighted>
      <QtyInPackage>לא ידוע</QtyInPackage>
      <ItemPrice>31.90</ItemPrice>
      <UnitOfMeasurePrice>0.1063</UnitOfMeasurePrice>
      <AllowDiscount>1</AllowDiscount>
      <ItemStatus>1</ItemStatus>
      <ItemId>130977</ItemId>
    </Item>
    <Item>
      <PriceUpdateDate>2025-08-19 11:32:12</PriceUpdateDate>
      <ItemCode>7290000554624</ItemCode>
      <ItemType>1</ItemType>
      <ItemName>ירח מתוק 150גר מחלבו</ItemName>
      <ManufacturerName>קריות זול</ManufacturerName>
      <ManufactureCountry>לא ידוע</ManufactureCountry>
      <ManufacturerItemDescription>ירח מתוק 150גר מחלבו</ManufacturerItemDescription>
      <UnitQty>לא ידוע</UnitQty>
      <Quantity>150.00</Quantity>
      <UnitOfMeasure>לא ידוע</UnitOfMeasure>
      <bIsWeighted>0</bIsWeighted>
      <QtyInPackage>לא ידוע</QtyInPackage>
      <ItemPrice>8.90</ItemPrice>
      <UnitOfMeasurePrice>0.0593</UnitOfMeasurePrice>
      <AllowDiscount>1</AllowDiscount>
      <ItemStatus>1</ItemStatus>
      <ItemId>130978</ItemId>
    </Item>
    <Item>
      <PriceUpdateDate>2025-08-19 11:32:13</PriceUpdateDate>
      <ItemCode>7290000554686</ItemCode>
      <ItemType>1</ItemType>
      <ItemName>לאבנה בשמן זית וזעתר</ItemName>
      <ManufacturerName>קריות זול</ManufacturerName>
      <ManufactureCountry>לא ידוע</ManufactureCountry>
      <ManufacturerItemDescription>לאבנה בשמן זית וזעתר</ManufacturerItemDescription>
      <UnitQty>לא ידוע</UnitQty>
      <Quantity>250.00</Quantity>
      <UnitOfMeasure>לא ידוע</UnitOfMeasure>
      <bIsWeighted>0</bIsWeighted>
      <QtyInPackage>לא ידוע</QtyInPackage>
      <ItemPrice>19.90</ItemPrice>
      <UnitOfMeasurePrice>0.0796</UnitOfMeasurePrice>
      <AllowDiscount>1</AllowDiscount>
      <ItemStatus>1</ItemStatus>
      <ItemId>130979</ItemId>
    </Item>
    <Item>
      <PriceUpdateDate>2025-09-08 08:13:18</PriceUpdateDate>
      <ItemCode>7290000554822</ItemCode>
      <ItemType>1</ItemType>
      <ItemName>ריקוטה טבעי 5% 250גר</ItemName>
      <ManufacturerName>קריות זול</ManufacturerName>
      <ManufactureCountry>לא ידוע</ManufactureCountry>
      <ManufacturerItemDescription>ריקוטה טבעי 5% 250גר</ManufacturerItemDescription>
      <UnitQty>לא ידוע</UnitQty>
      <Quantity>250.00</Quantity>
      <UnitOfMeasure>לא ידוע</UnitOfMeasure>
      <bIsWeighted>0</bIsWeighted>
      <QtyInPackage>לא ידוע</QtyInPackage>
      <ItemPrice>19.90</ItemPrice>
      <UnitOfMeasurePrice>0.0796</UnitOfMeasurePrice>
      <AllowDiscount>1</AllowDiscount>
      <ItemStatus>1</ItemStatus>
      <ItemId>130980</ItemId>
    </Item>
    <Item>
      <PriceUpdateDate>2025-08-19 11:32:13</PriceUpdateDate>
      <ItemCode>7290000554839</ItemCode>
      <ItemType>1</ItemType>
      <ItemName>גבינה מסקרפונה 40% 2</ItemName>
      <ManufacturerName>קריות זול</ManufacturerName>
      <ManufactureCountry>לא ידוע</ManufactureCountry>
      <ManufacturerItemDescription>גבינה מסקרפונה 40% 2</ManufacturerItemDescription>
      <UnitQty>לא ידוע</UnitQty>
      <Quantity>250.00</Quantity>
      <UnitOfMeasure>לא ידוע</UnitOfMeasure>
      <bIsWeighted>0</bIsWeighted>
      <QtyInPackage>לא ידוע</QtyInPackage>
      <ItemPrice>28.90</ItemPrice>
      <UnitOfMeasurePrice>0.1156</UnitOfMeasurePrice>
      <AllowDiscount>1</AllowDiscount>
      <ItemStatus>1</ItemStatus>
      <ItemId>130981</ItemId>
    </Item>
    <Item>
      <PriceUpdateDate>2025-03-03 16:05:27</PriceUpdateDate>
      <ItemCode>7290000977799</ItemCode>
      <ItemType>1</ItemType>
      <ItemName>שזיף ללא גרעין במשקל</ItemName>
      <ManufacturerName>לא ידוע</ManufacturerName>
      <ManufactureCountry>לא ידוע</ManufactureCountry>
      <ManufacturerItemDescription>שזיף ללא גרעין במשקל</ManufacturerItemDescription>
      <UnitQty>קילוגרמים</UnitQty>
      <Quantity>1.00</Quantity>
      <UnitOfMeasure>ק"ג</UnitOfMeasure>
      <bIsWeighted>1</bIsWeighted>
      <QtyInPackage>לא ידוע</QtyInPackage>
      <ItemPrice>55.00</ItemPrice>
      <UnitOfMeasurePrice>55.0000</UnitOfMeasurePrice>
      <AllowDiscount>1</AllowDiscount>
      <ItemStatus>1</ItemStatus>
      <ItemId>251815</ItemId>
    </Item>
    <Item>
      <PriceUpdateDate>2025-08-19 11:32:18</PriceUpdateDate>
      <ItemCode>7290004068028</ItemCode>
      <ItemType>1</ItemType>
      <ItemName>גד צזיקי לשתיה בסגנו</ItemName>
      <ManufacturerName>לא ידוע</ManufacturerName>
      <ManufactureCountry>לא ידוע</ManufactureCountry>
      <ManufacturerItemDescription>גד צזיקי לשתיה בסגנו</ManufacturerItemDescription>
      <UnitQty>לא ידוע</UnitQty>
      <Quantity>500.00</Quantity>
      <UnitOfMeasure>לא ידוע</UnitOfMeasure>
      <bIsWeighted>0</bIsWeighted>
      <QtyInPackage>לא ידוע</QtyInPackage>
      <ItemPrice>13.90</ItemPrice>
      <UnitOfMeasurePrice>0.0278</UnitOfMeasurePrice>
      <AllowDiscount>1</AllowDiscount>
      <ItemStatus>1</ItemStatus>
      <ItemId>130987</ItemId>
    </Item>
    <Item>
      <PriceUpdateDate>2025-08-19 11:32:20</PriceUpdateDate>
      <ItemCode>7290004068172</ItemCode>
      <ItemType>1</ItemType>
      <ItemName>יוגורט עיזים 5% גד 6</ItemName>
      <ManufacturerName>לא ידוע</ManufacturerName>
      <ManufactureCountry>לא ידוע</ManufactureCountry>
      <ManufacturerItemDescription>יוגורט עיזים 5% גד 6</ManufacturerItemDescription>
      <UnitQty>לא ידוע</UnitQty>
      <Quantity>600.00</Quantity>
      <UnitOfMeasure>לא ידוע</UnitOfMeasure>
      <bIsWeighted>0</bIsWeighted>
      <QtyInPackage>לא ידוע</QtyInPackage>
      <ItemPrice>24.90</ItemPrice>
      <UnitOfMeasurePrice>0.0415</UnitOfMeasurePrice>
      <AllowDiscount>1</AllowDiscount>
      <ItemStatus>1</ItemStatus>
      <ItemId>130990</ItemId>
    </Item>
    <Item>
      <PriceUpdateDate>2025-08-31 09:57:18</PriceUpdateDate>
      <ItemCode>7290017058092</ItemCode>
      <ItemType>1</ItemType>
      <ItemName>שיבולת שועל פתיתים ש</ItemName>
      <ManufacturerName>לא ידוע</ManufacturerName>
      <ManufactureCountry>לא ידוע</ManufactureCountry>
      <ManufacturerItemDescription>שיבולת שועל פתיתים ש</ManufacturerItemDescription>
      <UnitQty>לא ידוע</UnitQty>
      <Quantity>600.00</Quantity>
      <UnitOfMeasure>לא ידוע</UnitOfMeasure>
      <bIsWeighted>0</bIsWeighted>
      <QtyInPackage>לא ידוע</QtyInPackage>
      <ItemPrice>7.90</ItemPrice>
      <UnitOfMeasurePrice>0.0132</UnitOfMeasurePrice>
      <AllowDiscount>1</AllowDiscount>
      <ItemStatus>1</ItemStatus>
      <ItemId>208982</ItemId>
    </Item>
    <Item>
      <PriceUpdateDate>2025-09-08 08:13:19</PriceUpdateDate>
      <ItemCode>7290005992018</ItemCode>
      <ItemType>1</ItemType>
      <ItemName>יוגורט מחלב עיזים מל</ItemName>
      <ManufacturerName>קריות זול</ManufacturerName>
      <ManufactureCountry>לא ידוע</ManufactureCountry>
      <ManufacturerItemDescription>יוגורט מחלב עיזים מל</ManufacturerItemDescription>
      <UnitQty>לא ידוע</UnitQty>
      <Quantity>500.00</Quantity>
      <UnitOfMeasure>לא ידוע</UnitOfMeasure>
      <bIsWeighted>0</bIsWeighted>
      <QtyInPackage>לא ידוע</QtyInPackage>
      <ItemPrice>18.50</ItemPrice>
      <UnitOfMeasurePrice>0.0370</UnitOfMeasurePrice>
      <AllowDiscount>1</AllowDiscount>
      <ItemStatus>1</ItemStatus>
      <ItemId>131002</ItemId>
    </Item>
    <Item>
      <PriceUpdateDate>2025-09-08 08:13:19</PriceUpdateDate>
      <ItemCode>7290005992575</ItemCode>
      <ItemType>1</ItemType>
      <ItemName>בולגרית למריחה 5%  2</ItemName>
      <ManufacturerName>קריות זול</ManufacturerName>
      <ManufactureCountry>לא ידוע</ManufactureCountry>
      <ManufacturerItemDescription>בולגרית למריחה 5%  2</ManufacturerItemDescription>
      <UnitQty>לא ידוע</UnitQty>
      <Quantity>250.00</Quantity>
      <UnitOfMeasure>לא ידוע</UnitOfMeasure>
      <bIsWeighted>0</bIsWeighted>
      <QtyInPackage>לא ידוע</QtyInPackage>
      <ItemPrice>22.90</ItemPrice>
      <UnitOfMeasurePrice>0.0916</UnitOfMeasurePrice>
      <AllowDiscount>1</AllowDiscount>
      <ItemStatus>1</ItemStatus>
      <ItemId>131006</ItemId>
    </Item>
    <Item>
      <PriceUpdateDate>2025-08-19 11:32:20</PriceUpdateDate>
      <ItemCode>7290005992735</ItemCode>
      <ItemType>1</ItemType>
      <ItemName>גבינת לאבנה גד 5% שו</ItemName>
      <ManufacturerName>קריות זול</ManufacturerName>
      <ManufactureCountry>לא ידוע</ManufactureCountry>
      <ManufacturerItemDescription>גבינת לאבנה גד 5% שו</ManufacturerItemDescription>
      <UnitQty>לא ידוע</UnitQty>
      <Quantity>250.00</Quantity>
      <UnitOfMeasure>לא ידוע</UnitOfMeasure>
      <bIsWeighted>0</bIsWeighted>
      <QtyInPackage>לא ידוע</QtyInPackage>
      <ItemPrice>16.90</ItemPrice>
      <UnitOfMeasurePrice>0.0676</UnitOfMeasurePrice>
      <AllowDiscount>1</AllowDiscount>
      <ItemStatus>1</ItemStatus>
      <ItemId>131009</ItemId>
    </Item>
    <Item>
      <PriceUpdateDate>2025-08-19 11:32:21</PriceUpdateDate>
      <ItemCode>7290006492432</ItemCode>
      <ItemType>1</ItemType>
      <ItemName>בייבי מוצרלה מחלבות</ItemName>
      <ManufacturerName>קריות זול</ManufacturerName>
      <ManufactureCountry>לא ידוע</ManufactureCountry>
      <ManufacturerItemDescription>בייבי מוצרלה מחלבות</ManufacturerItemDescription>
      <UnitQty>לא ידוע</UnitQty>
      <Quantity>100.00</Quantity>
      <UnitOfMeasure>לא ידוע</UnitOfMeasure>
      <bIsWeighted>0</bIsWeighted>
      <QtyInPackage>לא ידוע</QtyInPackage>
      <ItemPrice>19.90</ItemPrice>
      <UnitOfMeasurePrice>0.1990</UnitOfMeasurePrice>
      <AllowDiscount>1</AllowDiscount>
      <ItemStatus>1</ItemStatus>
      <ItemId>131024</ItemId>
    </Item>
    <Item>
      <PriceUpdateDate>2025-03-03 16:05:27</PriceUpdateDate>
      <ItemCode>7290000978895</ItemCode>
      <ItemType>1</ItemType>
      <ItemName>פירות טרופיים במשקל</ItemName>
      <ManufacturerName>לא ידוע</ManufacturerName>
      <ManufactureCountry>לא ידוע</ManufactureCountry>
      <ManufacturerItemDescription>פירות טרופיים במשקל</ManufacturerItemDescription>
      <UnitQty>קילוגרמים</UnitQty>
      <Quantity>1.00</Quantity>
      <UnitOfMeasure>ק"ג</UnitOfMeasure>
      <bIsWeighted>1</bIsWeighted>
      <QtyInPackage>לא ידוע</QtyInPackage>
      <ItemPrice>100.00</ItemPrice>
      <UnitOfMeasurePrice>100.0000</UnitOfMeasurePrice>
      <AllowDiscount>1</AllowDiscount>
      <ItemStatus>1</ItemStatus>
      <ItemId>251827</ItemId>
    </Item>
    <Item>
      <PriceUpdateDate>2025-08-19 11:32:21</PriceUpdateDate>
      <ItemCode>7290006492616</ItemCode>
      <ItemType>1</ItemType>
      <ItemName>בולגרית פרוסות 5% 25</ItemName>
      <ManufacturerName>קריות זול</ManufacturerName>
      <ManufactureCountry>לא ידוע</ManufactureCountry>
      <ManufacturerItemDescription>בולגרית פרוסות 5% 25</ManufacturerItemDescription>
      <UnitQty>לא ידוע</UnitQty>
      <Quantity>250.00</Quantity>
      <UnitOfMeasure>לא ידוע</UnitOfMeasure>
      <bIsWeighted>0</bIsWeighted>
      <QtyInPackage>לא ידוע</QtyInPackage>
      <ItemPrice>34.90</ItemPrice>
      <UnitOfMeasurePrice>0.1396</UnitOfMeasurePrice>
      <AllowDiscount>1</AllowDiscount>
      <ItemStatus>1</ItemStatus>
      <ItemId>131026</ItemId>
    </Item>
    <Item>
      <PriceUpdateDate>2025-08-19 11:32:22</PriceUpdateDate>
      <ItemCode>7290006492685</ItemCode>
      <ItemType>1</ItemType>
      <ItemName>לאבנה עזים 5% 250גר</ItemName>
      <ManufacturerName>קריות זול</ManufacturerName>
      <ManufactureCountry>לא ידוע</ManufactureCountry>
      <ManufacturerItemDescription>לאבנה עזים 5% 250גר</ManufacturerItemDescription>
      <UnitQty>לא ידוע</UnitQty>
      <Quantity>250.00</Quantity>
      <UnitOfMeasure>לא ידוע</UnitOfMeasure>
      <bIsWeighted>0</bIsWeighted>
      <QtyInPackage>לא ידוע</QtyInPackage>
      <ItemPrice>24.90</ItemPrice>
      <UnitOfMeasurePrice>0.0996</UnitOfMeasurePrice>
      <AllowDiscount>1</AllowDiscount>
      <ItemStatus>1</ItemStatus>
      <ItemId>131029</ItemId>
    </Item>
    <Item>
      <PriceUpdateDate>2025-03-03 16:05:27</PriceUpdateDate>
      <ItemCode>7290000989761</ItemCode>
      <ItemType>1</ItemType>
      <ItemName>שקד טחון במשקל</ItemName>
      <ManufacturerName>לא ידוע</ManufacturerName>
      <ManufactureCountry>לא ידוע</ManufactureCountry>
      <ManufacturerItemDescription>שקד טחון במשקל</ManufacturerItemDescription>
      <UnitQty>קילוגרמים</UnitQty>
      <Quantity>1.00</Quantity>
      <UnitOfMeasure>ק"ג</UnitOfMeasure>
      <bIsWeighted>1</bIsWeighted>
      <QtyInPackage>לא ידוע</QtyInPackage>
      <ItemPrice>90.00</ItemPrice>
      <UnitOfMeasurePrice>90.0000</UnitOfMeasurePrice>
      <AllowDiscount>1</AllowDiscount>
      <ItemStatus>1</ItemStatus>
      <ItemId>251829</ItemId>
    </Item>
    <Item>
      <PriceUpdateDate>2025-03-03 16:05:27</PriceUpdateDate>
      <ItemCode>7290000989778</ItemCode>
      <ItemType>1</ItemType>
      <ItemName>חמוציות במשקל</ItemName>
      <ManufacturerName>לא ידוע</ManufacturerName>
      <ManufactureCountry>לא ידוע</ManufactureCountry>
      <ManufacturerItemDescription>חמוציות במשקל</ManufacturerItemDescription>
      <UnitQty>קילוגרמים</UnitQty>
      <Quantity>1.00</Quantity>
      <UnitOfMeasure>ק"ג</UnitOfMeasure>
      <bIsWeighted>1</bIsWeighted>
      <QtyInPackage>לא ידוע</QtyInPackage>
      <ItemPrice>46.00</ItemPrice>
      <UnitOfMeasurePrice>46.0000</UnitOfMeasurePrice>
      <AllowDiscount>1</AllowDiscount>
      <ItemStatus>1</ItemStatus>
      <ItemId>251830</ItemId>
    </Item>
    <Item>
      <PriceUpdateDate>2025-08-19 11:32:23</PriceUpdateDate>
      <ItemCode>7290006492852</ItemCode>
      <ItemType>1</ItemType>
      <ItemName>גבינת עיזים 5 % למרי</ItemName>
      <ManufacturerName>קריות זול</ManufacturerName>
      <ManufactureCountry>לא ידוע</ManufactureCountry>
      <ManufacturerItemDescription>גבינת עיזים 5 % למרי</ManufacturerItemDescription>
      <UnitQty>לא ידוע</UnitQty>
      <Quantity>250.00</Quantity>
      <UnitOfMeasure>לא ידוע</UnitOfMeasure>
      <bIsWeighted>0</bIsWeighted>
      <QtyInPackage>לא ידוע</QtyInPackage>
      <ItemPrice>24.90</ItemPrice>
      <UnitOfMeasurePrice>0.0996</UnitOfMeasurePrice>
      <AllowDiscount>1</AllowDiscount>
      <ItemStatus>1</ItemStatus>
      <ItemId>131035</ItemId>
    </Item>
    <Item>
      <PriceUpdateDate>2025-08-19 11:32:26</PriceUpdateDate>
      <ItemCode>7290011499105</ItemCode>
      <ItemType>1</ItemType>
      <ItemName>5% בולגרית גד בגביע</ItemName>
      <ManufacturerName>קריות זול</ManufacturerName>
      <ManufactureCountry>לא ידוע</ManufactureCountry>
      <ManufacturerItemDescription>5% בולגרית גד בגביע</ManufacturerItemDescription>
      <UnitQty>לא ידוע</UnitQty>
      <Quantity>250.00</Quantity>
      <UnitOfMeasure>לא ידוע</UnitOfMeasure>
      <bIsWeighted>0</bIsWeighted>
      <QtyInPackage>לא ידוע</QtyInPackage>
      <ItemPrice>29.90</ItemPrice>
      <UnitOfMeasurePrice>0.1196</UnitOfMeasurePrice>
      <AllowDiscount>1</AllowDiscount>
      <ItemStatus>1</ItemStatus>
      <ItemId>131044</ItemId>
    </Item>
    <Item>
      <PriceUpdateDate>2025-08-19 11:32:27</PriceUpdateDate>
      <ItemCode>7290011499129</ItemCode>
      <ItemType>1</ItemType>
      <ItemName>בולגרית מעודנת קוביו</ItemName>
      <ManufacturerName>קריות זול</ManufacturerName>
      <ManufactureCountry>לא ידוע</ManufactureCountry>
      <ManufacturerItemDescription>בולגרית מעודנת קוביו</ManufacturerItemDescription>
      <UnitQty>לא ידוע</UnitQty>
      <Quantity>200.00</Quantity>
      <UnitOfMeasure>לא ידוע</UnitOfMeasure>
      <bIsWeighted>0</bIsWeighted>
      <QtyInPackage>לא ידוע</QtyInPackage>
      <ItemPrice>29.90</ItemPrice>
      <UnitOfMeasurePrice>0.1495</UnitOfMeasurePrice>
      <AllowDiscount>1</AllowDiscount>
      <ItemStatus>1</ItemStatus>
      <ItemId>131046</ItemId>
    </Item>
    <Item>
      <PriceUpdateDate>2025-08-19 11:32:27</PriceUpdateDate>
      <ItemCode>7290011499303</ItemCode>
      <ItemType>1</ItemType>
      <ItemName>פטה עזים מעודנת 250</ItemName>
      <ManufacturerName>לא ידוע</ManufacturerName>
      <ManufactureCountry>לא ידוע</ManufactureCountry>
      <ManufacturerItemDescription>פטה עזים מעודנת 250</ManufacturerItemDescription>
      <UnitQty>לא ידוע</UnitQty>
      <Quantity>250.00</Quantity>
      <UnitOfMeasure>לא ידוע</UnitOfMeasure>
      <bIsWeighted>0</bIsWeighted>
      <QtyInPackage>לא ידוע</QtyInPackage>
      <ItemPrice>37.90</ItemPrice>
      <UnitOfMeasurePrice>0.1516</UnitOfMeasurePrice>
      <AllowDiscount>1</AllowDiscount>
      <ItemStatus>1</ItemStatus>
      <ItemId>131054</ItemId>
    </Item>
    <Item>
      <PriceUpdateDate>2025-08-19 11:32:28</PriceUpdateDate>
      <ItemCode>7290011499327</ItemCode>
      <ItemType>1</ItemType>
      <ItemName>בולגרית בקר מעודנת 2</ItemName>
      <ManufacturerName>לא ידוע</ManufacturerName>
      <ManufactureCountry>לא ידוע</ManufactureCountry>
      <ManufacturerItemDescription>בולגרית בקר מעודנת 2</ManufacturerItemDescription>
      <UnitQty>לא ידוע</UnitQty>
      <Quantity>250.00</Quantity>
      <UnitOfMeasure>לא ידוע</UnitOfMeasure>
      <bIsWeighted>0</bIsWeighted>
      <QtyInPackage>לא ידוע</QtyInPackage>
      <ItemPrice>29.90</ItemPrice>
      <UnitOfMeasurePrice>0.1196</UnitOfMeasurePrice>
      <AllowDiscount>1</AllowDiscount>
      <ItemStatus>1</ItemStatus>
      <ItemId>131056</ItemId>
    </Item>
    <Item>
      <PriceUpdateDate>2025-08-19 11:32:29</PriceUpdateDate>
      <ItemCode>7290011499365</ItemCode>
      <ItemType>1</ItemType>
      <ItemName>גבינת חלומי מחלבות ג</ItemName>
      <ManufacturerName>לא ידוע</ManufacturerName>
      <ManufactureCountry>לא ידוע</ManufactureCountry>
      <ManufacturerItemDescription>גבינת חלומי מחלבות ג</ManufacturerItemDescription>
      <UnitQty>לא ידוע</UnitQty>
      <Quantity>200.00</Quantity>
      <UnitOfMeasure>לא ידוע</UnitOfMeasure>
      <bIsWeighted>0</bIsWeighted>
      <QtyInPackage>לא ידוע</QtyInPackage>
      <ItemPrice>28.90</ItemPrice>
      <UnitOfMeasurePrice>0.1445</UnitOfMeasurePrice>
      <AllowDiscount>1</AllowDiscount>
      <ItemStatus>1</ItemStatus>
      <ItemId>131060</ItemId>
    </Item>
    <Item>
      <PriceUpdateDate>2025-06-26 07:30:41</PriceUpdateDate>
      <ItemCode>7290011499624</ItemCode>
      <ItemType>1</ItemType>
      <ItemName>גבינת שמנת ניו יורק</ItemName>
      <ManufacturerName>לא ידוע</ManufacturerName>
      <ManufactureCountry>לא ידוע</ManufactureCountry>
      <ManufacturerItemDescription>גבינת שמנת ניו יורק</ManufacturerItemDescription>
      <UnitQty>לא ידוע</UnitQty>
      <Quantity>200.00</Quantity>
      <UnitOfMeasure>לא ידוע</UnitOfMeasure>
      <bIsWeighted>0</bIsWeighted>
      <QtyInPackage>לא ידוע</QtyInPackage>
      <ItemPrice>17.90</ItemPrice>
      <UnitOfMeasurePrice>0.0895</UnitOfMeasurePrice>
      <AllowDiscount>1</AllowDiscount>
      <ItemStatus>1</ItemStatus>
      <ItemId>131070</ItemId>
    </Item>
    <Item>
      <PriceUpdateDate>2025-08-31 09:56:27</PriceUpdateDate>
      <ItemCode>7290014455245</ItemCode>
      <ItemType>1</ItemType>
      <ItemName>גד פרמז'ן גרנה פדנו</ItemName>
      <ManufacturerName>לא ידוע</ManufacturerName>
      <ManufactureCountry>לא ידוע</ManufactureCountry>
      <ManufacturerItemDescription>גד פרמז'ן גרנה פדנו</ManufacturerItemDescription>
      <UnitQty>לא ידוע</UnitQty>
      <Quantity>200.00</Quantity>
      <UnitOfMeasure>לא ידוע</UnitOfMeasure>
      <bIsWeighted>0</bIsWeighted>
      <QtyInPackage>לא ידוע</QtyInPackage>
      <ItemPrice>32.90</ItemPrice>
      <UnitOfMeasurePrice>0.1645</UnitOfMeasurePrice>
      <AllowDiscount>1</AllowDiscount>
      <ItemStatus>1</ItemStatus>
      <ItemId>131092</ItemId>
    </Item>
    <Item>
      <PriceUpdateDate>2025-08-26 12:16:48</PriceUpdateDate>
      <ItemCode>7290014455320</ItemCode>
      <ItemType>1</ItemType>
      <ItemName>כדור מוצרלה פרסקה 18</ItemName>
      <ManufacturerName>לא ידוע</ManufacturerName>
      <ManufactureCountry>לא ידוע</ManufactureCountry>
      <ManufacturerItemDescription>כדור מוצרלה פרסקה 18</ManufacturerItemDescription>
      <UnitQty>לא ידוע</UnitQty>
      <Quantity>100.00</Quantity>
      <UnitOfMeasure>לא ידוע</UnitOfMeasure>
      <bIsWeighted>0</bIsWeighted>
      <QtyInPackage>לא ידוע</QtyInPackage>
      <ItemPrice>14.50</ItemPrice>
      <UnitOfMeasurePrice>0.1450</UnitOfMeasurePrice>
      <AllowDiscount>1</AllowDiscount>
      <ItemStatus>1</ItemStatus>
      <ItemId>131097</ItemId>
    </Item>
    <Item>
      <PriceUpdateDate>2025-08-31 09:56:28</PriceUpdateDate>
      <ItemCode>7290014455467</ItemCode>
      <ItemType>1</ItemType>
      <ItemName>מעדן שיבולת שועל וחל</ItemName>
      <ManufacturerName>לא ידוע</ManufacturerName>
      <ManufactureCountry>לא ידוע</ManufactureCountry>
      <ManufacturerItemDescription>מעדן שיבולת שועל וחל</ManufacturerItemDescription>
      <UnitQty>לא ידוע</UnitQty>
      <Quantity>150.00</Quantity>
      <UnitOfMeasure>לא ידוע</UnitOfMeasure>
      <bIsWeighted>0</bIsWeighted>
      <QtyInPackage>לא ידוע</QtyInPackage>
      <ItemPrice>8.90</ItemPrice>
      <UnitOfMeasurePrice>0.0593</UnitOfMeasurePrice>
      <AllowDiscount>1</AllowDiscount>
      <ItemStatus>1</ItemStatus>
      <ItemId>131101</ItemId>
    </Item>
    <Item>
      <PriceUpdateDate>2025-09-07 08:06:19</PriceUpdateDate>
      <ItemCode>7290016818611</ItemCode>
      <ItemType>1</ItemType>
      <ItemName>רביולי פרמזן וריקוטה</ItemName>
      <ManufacturerName>קריות זול</ManufacturerName>
      <ManufactureCountry>לא ידוע</ManufactureCountry>
      <ManufacturerItemDescription>רביולי פרמזן וריקוטה</ManufacturerItemDescription>
      <UnitQty>לא ידוע</UnitQty>
      <Quantity>300.00</Quantity>
      <UnitOfMeasure>לא ידוע</UnitOfMeasure>
      <bIsWeighted>0</bIsWeighted>
      <QtyInPackage>לא ידוע</QtyInPackage>
      <ItemPrice>22.90</ItemPrice>
      <UnitOfMeasurePrice>0.0763</UnitOfMeasurePrice>
      <AllowDiscount>1</AllowDiscount>
      <ItemStatus>1</ItemStatus>
      <ItemId>254370</ItemId>
    </Item>
    <Item>
      <PriceUpdateDate>2025-08-27 09:42:28</PriceUpdateDate>
      <ItemCode>7290012881992</ItemCode>
      <ItemType>1</ItemType>
      <ItemName>נוזל שמשות סאסאטק 4</ItemName>
      <ManufacturerName>לא ידוע</ManufacturerName>
      <ManufactureCountry>לא ידוע</ManufactureCountry>
      <ManufacturerItemDescription>נוזל שמשות סאסאטק 4</ManufacturerItemDescription>
      <UnitQty>ליטרים</UnitQty>
      <Quantity>4.00</Quantity>
      <UnitOfMeasure>ליטר    </UnitOfMeasure>
      <bIsWeighted>0</bIsWeighted>
      <QtyInPackage>לא ידוע</QtyInPackage>
      <ItemPrice>14.90</ItemPrice>
      <UnitOfMeasurePrice>3.7250</UnitOfMeasurePrice>
      <AllowDiscount>1</AllowDiscount>
      <ItemStatus>1</ItemStatus>
      <ItemId>206054</ItemId>
    </Item>
    <Item>
      <PriceUpdateDate>2025-10-16 07:20:33</PriceUpdateDate>
      <ItemCode>7290010051373</ItemCode>
      <ItemType>1</ItemType>
      <ItemName>צמד חסות א.אדמה</ItemName>
      <ManufacturerName>לא ידוע</ManufacturerName>
      <ManufactureCountry>ישראל</ManufactureCountry>
      <ManufacturerItemDescription>צמד חסות א.אדמה</ManufacturerItemDescription>
      <UnitQty>יחידה   </UnitQty>
      <Quantity>0.00</Quantity>
      <UnitOfMeasure>יחידה   </UnitOfMeasure>
      <bIsWeighted>0</bIsWeighted>
      <QtyInPackage>לא ידוע</QtyInPackage>
      <ItemPrice>8.90</ItemPrice>
      <UnitOfMeasurePrice>0.0000</UnitOfMeasurePrice>
      <AllowDiscount>1</AllowDiscount>
      <ItemStatus>1</ItemStatus>
      <ItemId>210386</ItemId>
    </Item>
    <Item>
      <PriceUpdateDate>2022-04-15 16:42:21</PriceUpdateDate>
      <ItemCode>753182231761</ItemCode>
      <ItemType>1</ItemType>
      <ItemName>בלו משקה אנרגיה סיקס</ItemName>
      <ManufacturerName>לא ידוע</ManufacturerName>
      <ManufactureCountry>לא ידוע</ManufactureCountry>
      <ManufacturerItemDescription>בלו משקה אנרגיה סיקס</ManufacturerItemDescription>
      <UnitQty>לא ידוע</UnitQty>
      <Quantity>250.00</Quantity>
      <UnitOfMeasure>לא ידוע</UnitOfMeasure>
      <bIsWeighted>0</bIsWeighted>
      <QtyInPackage>לא ידוע</QtyInPackage>
      <ItemPrice>4.90</ItemPrice>
      <UnitOfMeasurePrice>0.0196</UnitOfMeasurePrice>
      <AllowDiscount>1</AllowDiscount>
      <ItemStatus>1</ItemStatus>
      <ItemId>131390</ItemId>
    </Item>
    <Item>
      <PriceUpdateDate>2025-09-03 16:19:17</PriceUpdateDate>
      <ItemCode>5904941750312</ItemCode>
      <ItemType>1</ItemType>
      <ItemName>בלו משקה אנרגיה מוחי</ItemName>
      <ManufacturerName>לא ידוע</ManufacturerName>
      <ManufactureCountry>לא ידוע</ManufactureCountry>
      <ManufacturerItemDescription>בלו משקה אנרגיה מוחי</ManufacturerItemDescription>
      <UnitQty>לא ידוע</UnitQty>
      <Quantity>250.00</Quantity>
      <UnitOfMeasure>לא ידוע</UnitOfMeasure>
      <bIsWeighted>0</bIsWeighted>
      <QtyInPackage>לא ידוע</QtyInPackage>
      <ItemPrice>5.90</ItemPrice>
      <UnitOfMeasurePrice>0.0236</UnitOfMeasurePrice>
      <AllowDiscount>1</AllowDiscount>
      <ItemStatus>1</ItemStatus>
      <ItemId>131399</ItemId>
    </Item>
    <Item>
      <PriceUpdateDate>2022-01-04 14:17:39</PriceUpdateDate>
      <ItemCode>5904941751302</ItemCode>
      <ItemType>1</ItemType>
      <ItemName>בלו משקה אנרגיה 250מ</ItemName>
      <ManufacturerName>לא ידוע</ManufacturerName>
      <ManufactureCountry>לא ידוע</ManufactureCountry>
      <ManufacturerItemDescription>בלו משקה אנרגיה 250מ</ManufacturerItemDescription>
      <UnitQty>לא ידוע</UnitQty>
      <Quantity>250.00</Quantity>
      <UnitOfMeasure>לא ידוע</UnitOfMeasure>
      <bIsWeighted>0</bIsWeighted>
      <QtyInPackage>לא ידוע</QtyInPackage>
      <ItemPrice>4.90</ItemPrice>
      <UnitOfMeasurePrice>0.0196</UnitOfMeasurePrice>
      <AllowDiscount>1</AllowDiscount>
      <ItemStatus>1</ItemStatus>
      <ItemId>131400</ItemId>
    </Item>
    <Item>
      <PriceUpdateDate>2025-09-03 16:19:17</PriceUpdateDate>
      <ItemCode>5904941751524</ItemCode>
      <ItemType>1</ItemType>
      <ItemName>בלו דיי משקה אנרגיה</ItemName>
      <ManufacturerName>לא ידוע</ManufacturerName>
      <ManufactureCountry>לא ידוע</ManufactureCountry>
      <ManufacturerItemDescription>בלו דיי משקה אנרגיה</ManufacturerItemDescription>
      <UnitQty>לא ידוע</UnitQty>
      <Quantity>250.00</Quantity>
      <UnitOfMeasure>לא ידוע</UnitOfMeasure>
      <bIsWeighted>0</bIsWeighted>
      <QtyInPackage>לא ידוע</QtyInPackage>
      <ItemPrice>5.90</ItemPrice>
      <UnitOfMeasurePrice>0.0236</UnitOfMeasurePrice>
      <AllowDiscount>1</AllowDiscount>
      <ItemStatus>1</ItemStatus>
      <ItemId>131404</ItemId>
    </Item>
    <Item>
      <PriceUpdateDate>2022-04-15 16:42:21</PriceUpdateDate>
      <ItemCode>5904941751715</ItemCode>
      <ItemType>1</ItemType>
      <ItemName>בלו משקה אנרגיה קרנב</ItemName>
      <ManufacturerName>לא ידוע</ManufacturerName>
      <ManufactureCountry>לא ידוע</ManufactureCountry>
      <ManufacturerItemDescription>בלו משקה אנרגיה קרנב</ManufacturerItemDescription>
      <UnitQty>לא ידוע</UnitQty>
      <Quantity>250.00</Quantity>
      <UnitOfMeasure>לא ידוע</UnitOfMeasure>
      <bIsWeighted>0</bIsWeighted>
      <QtyInPackage>לא ידוע</QtyInPackage>
      <ItemPrice>4.90</ItemPrice>
      <UnitOfMeasurePrice>0.0196</UnitOfMeasurePrice>
      <AllowDiscount>1</AllowDiscount>
      <ItemStatus>1</ItemStatus>
      <ItemId>131405</ItemId>
    </Item>
    <Item>
      <PriceUpdateDate>2025-09-03 16:19:18</PriceUpdateDate>
      <ItemCode>5904941751920</ItemCode>
      <ItemType>1</ItemType>
      <ItemName>בלו דיי משקה אנרגיה</ItemName>
      <ManufacturerName>לא ידוע</ManufacturerName>
      <ManufactureCountry>לא ידוע</ManufactureCountry>
      <ManufacturerItemDescription>בלו דיי משקה אנרגיה</ManufacturerItemDescription>
      <UnitQty>לא ידוע</UnitQty>
      <Quantity>250.00</Quantity>
      <UnitOfMeasure>לא ידוע</UnitOfMeasure>
      <bIsWeighted>0</bIsWeighted>
      <QtyInPackage>לא ידוע</QtyInPackage>
      <ItemPrice>5.90</ItemPrice>
      <UnitOfMeasurePrice>0.0236</UnitOfMeasurePrice>
      <AllowDiscount>1</AllowDiscount>
      <ItemStatus>1</ItemStatus>
      <ItemId>131408</ItemId>
    </Item>
    <Item>
      <PriceUpdateDate>2025-08-18 09:15:25</PriceUpdateDate>
      <ItemCode>7290000318806</ItemCode>
      <ItemType>1</ItemType>
      <ItemName>סלמי סרוולד יחיעם</ItemName>
      <ManufacturerName>לא ידוע</ManufacturerName>
      <ManufactureCountry>לא ידוע</ManufactureCountry>
      <ManufacturerItemDescription>סלמי סרוולד יחיעם</ManufacturerItemDescription>
      <UnitQty>קילוגרמים</UnitQty>
      <Quantity>1.00</Quantity>
      <UnitOfMeasure>ק"ג</UnitOfMeasure>
      <bIsWeighted>1</bIsWeighted>
      <QtyInPackage>לא ידוע</QtyInPackage>
      <ItemPrice>229.90</ItemPrice>
      <UnitOfMeasurePrice>229.9000</UnitOfMeasurePrice>
      <AllowDiscount>1</AllowDiscount>
      <ItemStatus>1</ItemStatus>
      <ItemId>131465</ItemId>
    </Item>
    <Item>
      <PriceUpdateDate>2025-08-18 09:15:26</PriceUpdateDate>
      <ItemCode>7290000318929</ItemCode>
      <ItemType>1</ItemType>
      <ItemName>סלמי צרפתי יחיעם</ItemName>
      <ManufacturerName>לא ידוע</ManufacturerName>
      <ManufactureCountry>לא ידוע</ManufactureCountry>
      <ManufacturerItemDescription>סלמי צרפתי יחיעם</ManufacturerItemDescription>
      <UnitQty>קילוגרמים</UnitQty>
      <Quantity>1.00</Quantity>
      <UnitOfMeasure>ק"ג</UnitOfMeasure>
      <bIsWeighted>1</bIsWeighted>
      <QtyInPackage>לא ידוע</QtyInPackage>
      <ItemPrice>219.90</ItemPrice>
      <UnitOfMeasurePrice>219.9000</UnitOfMeasurePrice>
      <AllowDiscount>1</AllowDiscount>
      <ItemStatus>1</ItemStatus>
      <ItemId>131471</ItemId>
    </Item>
    <Item>
      <PriceUpdateDate>2025-08-18 09:15:26</PriceUpdateDate>
      <ItemCode>7290000319704</ItemCode>
      <ItemType>1</ItemType>
      <ItemName>כתף בקר מעושן יחיעם</ItemName>
      <ManufacturerName>קריות זול</ManufacturerName>
      <ManufactureCountry>לא ידוע</ManufactureCountry>
      <ManufacturerItemDescription>כתף בקר מעושן יחיעם</ManufacturerItemDescription>
      <UnitQty>קילוגרמים</UnitQty>
      <Quantity>1.00</Quantity>
      <UnitOfMeasure>ק"ג</UnitOfMeasure>
      <bIsWeighted>1</bIsWeighted>
      <QtyInPackage>לא ידוע</QtyInPackage>
      <ItemPrice>184.90</ItemPrice>
      <UnitOfMeasurePrice>184.9000</UnitOfMeasurePrice>
      <AllowDiscount>1</AllowDiscount>
      <ItemStatus>1</ItemStatus>
      <ItemId>131480</ItemId>
    </Item>
    <Item>
      <PriceUpdateDate>2025-08-18 09:15:27</PriceUpdateDate>
      <ItemCode>7290000319759</ItemCode>
      <ItemType>1</ItemType>
      <ItemName>סלמי תה יחיעם</ItemName>
      <ManufacturerName>לא ידוע</ManufacturerName>
      <ManufactureCountry>לא ידוע</ManufactureCountry>
      <ManufacturerItemDescription>סלמי תה יחיעם</ManufacturerItemDescription>
      <UnitQty>קילוגרמים</UnitQty>
      <Quantity>1.00</Quantity>
      <UnitOfMeasure>ק"ג</UnitOfMeasure>
      <bIsWeighted>1</bIsWeighted>
      <QtyInPackage>לא ידוע</QtyInPackage>
      <ItemPrice>75.00</ItemPrice>
      <UnitOfMeasurePrice>75.0000</UnitOfMeasurePrice>
      <AllowDiscount>1</AllowDiscount>
      <ItemStatus>1</ItemStatus>
      <ItemId>131482</ItemId>
    </Item>
    <Item>
      <PriceUpdateDate>2025-08-18 09:15:27</PriceUpdateDate>
      <ItemCode>7290001121023</ItemCode>
      <ItemType>1</ItemType>
      <ItemName>פסטרמה של פעם יחיעם</ItemName>
      <ManufacturerName>לא ידוע</ManufacturerName>
      <ManufactureCountry>לא ידוע</ManufactureCountry>
      <ManufacturerItemDescription>פסטרמה של פעם יחיעם</ManufacturerItemDescription>
      <UnitQty>קילוגרמים</UnitQty>
      <Quantity>1.00</Quantity>
      <UnitOfMeasure>ק"ג</UnitOfMeasure>
      <bIsWeighted>1</bIsWeighted>
      <QtyInPackage>לא ידוע</QtyInPackage>
      <ItemPrice>110.00</ItemPrice>
      <UnitOfMeasurePrice>110.0000</UnitOfMeasurePrice>
      <AllowDiscount>1</AllowDiscount>
      <ItemStatus>1</ItemStatus>
      <ItemId>131484</ItemId>
    </Item>
    <Item>
      <PriceUpdateDate>2025-09-07 10:41:30</PriceUpdateDate>
      <ItemCode>7290108352542</ItemCode>
      <ItemType>1</ItemType>
      <ItemName>ג'ל כביסה  מרוכז פי2</ItemName>
      <ManufacturerName>קריות זול</ManufacturerName>
      <ManufactureCountry>לא ידוע</ManufactureCountry>
      <ManufacturerItemDescription>ג'ל כביסה  מרוכז פי2</ManufacturerItemDescription>
      <UnitQty>לא ידוע</UnitQty>
      <Quantity>1500.00</Quantity>
      <UnitOfMeasure>לא ידוע</UnitOfMeasure>
      <bIsWeighted>0</bIsWeighted>
      <QtyInPackage>לא ידוע</QtyInPackage>
      <ItemPrice>31.90</ItemPrice>
      <UnitOfMeasurePrice>0.0213</UnitOfMeasurePrice>
      <AllowDiscount>1</AllowDiscount>
      <ItemStatus>1</ItemStatus>
      <ItemId>246527</ItemId>
    </Item>
    <Item>
      <PriceUpdateDate>2025-09-07 08:02:52</PriceUpdateDate>
      <ItemCode>7290113195042</ItemCode>
      <ItemType>1</ItemType>
      <ItemName>מלפפון במלח בטעם בית</ItemName>
      <ManufacturerName>לא ידוע</ManufacturerName>
      <ManufactureCountry>לא ידוע</ManufactureCountry>
      <ManufacturerItemDescription>מלפפון במלח בטעם בית</ManufacturerItemDescription>
      <UnitQty>לא ידוע</UnitQty>
      <Quantity>750.00</Quantity>
      <UnitOfMeasure>לא ידוע</UnitOfMeasure>
      <bIsWeighted>0</bIsWeighted>
      <QtyInPackage>לא ידוע</QtyInPackage>
      <ItemPrice>30.90</ItemPrice>
      <UnitOfMeasurePrice>0.0412</UnitOfMeasurePrice>
      <AllowDiscount>1</AllowDiscount>
      <ItemStatus>1</ItemStatus>
      <ItemId>246528</ItemId>
    </Item>
    <Item>
      <PriceUpdateDate>2025-09-07 10:42:22</PriceUpdateDate>
      <ItemCode>7290108359299</ItemCode>
      <ItemType>1</ItemType>
      <ItemName>סושי שקיות בד לבישול</ItemName>
      <ManufacturerName>לא ידוע</ManufacturerName>
      <ManufactureCountry>לא ידוע</ManufactureCountry>
      <ManufacturerItemDescription>סושי שקיות בד לבישול</ManufacturerItemDescription>
      <UnitQty>יחידה   </UnitQty>
      <Quantity>0.00</Quantity>
      <UnitOfMeasure>יחידה   </UnitOfMeasure>
      <bIsWeighted>0</bIsWeighted>
      <QtyInPackage>לא ידוע</QtyInPackage>
      <ItemPrice>14.90</ItemPrice>
      <UnitOfMeasurePrice>0.0000</UnitOfMeasurePrice>
      <AllowDiscount>1</AllowDiscount>
      <ItemStatus>1</ItemStatus>
      <ItemId>246529</ItemId>
    </Item>
    <Item>
      <PriceUpdateDate>2025-11-11 09:53:47</PriceUpdateDate>
      <ItemCode>7290019644712</ItemCode>
      <ItemType>1</ItemType>
      <ItemName>שוקולד חלב ללס 100גר</ItemName>
      <ManufacturerName>לא ידוע</ManufacturerName>
      <ManufactureCountry>לא ידוע</ManufactureCountry>
      <ManufacturerItemDescription>שוקולד חלב ללס 100גר</ManufacturerItemDescription>
      <UnitQty>לא ידוע</UnitQty>
      <Quantity>100.00</Quantity>
      <UnitOfMeasure>לא ידוע</UnitOfMeasure>
      <bIsWeighted>0</bIsWeighted>
      <QtyInPackage>לא ידוע</QtyInPackage>
      <ItemPrice>12.90</ItemPrice>
      <UnitOfMeasurePrice>0.1290</UnitOfMeasurePrice>
      <AllowDiscount>1</AllowDiscount>
      <ItemStatus>1</ItemStatus>
      <ItemId>246533</ItemId>
    </Item>
    <Item>
      <PriceUpdateDate>2025-11-11 09:53:48</PriceUpdateDate>
      <ItemCode>7290019644811</ItemCode>
      <ItemType>1</ItemType>
      <ItemName>שוקולד לבן ללס 100גר</ItemName>
      <ManufacturerName>לא ידוע</ManufacturerName>
      <ManufactureCountry>לא ידוע</ManufactureCountry>
      <ManufacturerItemDescription>שוקולד לבן ללס 100גר</ManufacturerItemDescription>
      <UnitQty>לא ידוע</UnitQty>
      <Quantity>100.00</Quantity>
      <UnitOfMeasure>לא ידוע</UnitOfMeasure>
      <bIsWeighted>0</bIsWeighted>
      <QtyInPackage>לא ידוע</QtyInPackage>
      <ItemPrice>12.90</ItemPrice>
      <UnitOfMeasurePrice>0.1290</UnitOfMeasurePrice>
      <AllowDiscount>1</AllowDiscount>
      <ItemStatus>1</ItemStatus>
      <ItemId>246535</ItemId>
    </Item>
    <Item>
      <PriceUpdateDate>2025-09-07 11:04:42</PriceUpdateDate>
      <ItemCode>8000350008116</ItemCode>
      <ItemType>1</ItemType>
      <ItemName>וישנזי חטיף עוגיה פר</ItemName>
      <ManufacturerName>לא ידוע</ManufacturerName>
      <ManufactureCountry>לא ידוע</ManufactureCountry>
      <ManufacturerItemDescription>וישנזי חטיף עוגיה פר</ManufacturerItemDescription>
      <UnitQty>לא ידוע</UnitQty>
      <Quantity>125.00</Quantity>
      <UnitOfMeasure>לא ידוע</UnitOfMeasure>
      <bIsWeighted>0</bIsWeighted>
      <QtyInPackage>לא ידוע</QtyInPackage>
      <ItemPrice>15.90</ItemPrice>
      <UnitOfMeasurePrice>0.1272</UnitOfMeasurePrice>
      <AllowDiscount>1</AllowDiscount>
      <ItemStatus>1</ItemStatus>
      <ItemId>246550</ItemId>
    </Item>
    <Item>
      <PriceUpdateDate>2025-09-07 11:04:42</PriceUpdateDate>
      <ItemCode>8000350008123</ItemCode>
      <ItemType>1</ItemType>
      <ItemName>וישנזי חטיף עוגיה פר</ItemName>
      <ManufacturerName>לא ידוע</ManufacturerName>
      <ManufactureCountry>לא ידוע</ManufactureCountry>
      <ManufacturerItemDescription>וישנזי חטיף עוגיה פר</ManufacturerItemDescription>
      <UnitQty>לא ידוע</UnitQty>
      <Quantity>125.00</Quantity>
      <UnitOfMeasure>לא ידוע</UnitOfMeasure>
      <bIsWeighted>0</bIsWeighted>
      <QtyInPackage>לא ידוע</QtyInPackage>
      <ItemPrice>15.90</ItemPrice>
      <UnitOfMeasurePrice>0.1272</UnitOfMeasurePrice>
      <AllowDiscount>1</AllowDiscount>
      <ItemStatus>1</ItemStatus>
      <ItemId>246551</ItemId>
    </Item>
    <Item>
      <PriceUpdateDate>2025-09-03 10:51:27</PriceUpdateDate>
      <ItemCode>7290019196037</ItemCode>
      <ItemType>1</ItemType>
      <ItemName>פילטונה *3 בשמן קנול</ItemName>
      <ManufacturerName>פריטי המותג של יאיר</ManufacturerName>
      <ManufactureCountry>לא ידוע</ManufactureCountry>
      <ManufacturerItemDescription>פילטונה *3 בשמן קנול</ManufacturerItemDescription>
      <UnitQty>לא ידוע</UnitQty>
      <Quantity>420.00</Quantity>
      <UnitOfMeasure>לא ידוע</UnitOfMeasure>
      <bIsWeighted>0</bIsWeighted>
      <QtyInPackage>לא ידוע</QtyInPackage>
      <ItemPrice>19.90</ItemPrice>
      <UnitOfMeasurePrice>0.0474</UnitOfMeasurePrice>
      <AllowDiscount>1</AllowDiscount>
      <ItemStatus>1</ItemStatus>
      <ItemId>246572</ItemId>
    </Item>
    <Item>
      <PriceUpdateDate>2025-08-20 11:44:35</PriceUpdateDate>
      <ItemCode>7290004033750</ItemCode>
      <ItemType>1</ItemType>
      <ItemName>לחמניות עננים בסגנון</ItemName>
      <ManufacturerName>לא ידוע</ManufacturerName>
      <ManufactureCountry>לא ידוע</ManufactureCountry>
      <ManufacturerItemDescription>לחמניות עננים בסגנון</ManufacturerItemDescription>
      <UnitQty>יחידה   </UnitQty>
      <Quantity>0.00</Quantity>
      <UnitOfMeasure>יחידה   </UnitOfMeasure>
      <bIsWeighted>0</bIsWeighted>
      <QtyInPackage>לא ידוע</QtyInPackage>
      <ItemPrice>15.90</ItemPrice>
      <UnitOfMeasurePrice>0.0000</UnitOfMeasurePrice>
      <AllowDiscount>1</AllowDiscount>
      <ItemStatus>1</ItemStatus>
      <ItemId>246575</ItemId>
    </Item>
    <Item>
      <PriceUpdateDate>2025-09-07 08:02:09</PriceUpdateDate>
      <ItemCode>7290019501404</ItemCode>
      <ItemType>1</ItemType>
      <ItemName>סרקל שמפו + מעצב 1לי</ItemName>
      <ManufacturerName>לא ידוע</ManufacturerName>
      <ManufactureCountry>לא ידוע</ManufactureCountry>
      <ManufacturerItemDescription>סרקל שמפו + מעצב 1לי</ManufacturerItemDescription>
      <UnitQty>לא ידוע</UnitQty>
      <Quantity>1000.00</Quantity>
      <UnitOfMeasure>לא ידוע</UnitOfMeasure>
      <bIsWeighted>0</bIsWeighted>
      <QtyInPackage>לא ידוע</QtyInPackage>
      <ItemPrice>32.90</ItemPrice>
      <UnitOfMeasurePrice>0.0329</UnitOfMeasurePrice>
      <AllowDiscount>1</AllowDiscount>
      <ItemStatus>1</ItemStatus>
      <ItemId>246600</ItemId>
    </Item>
    <Item>
      <PriceUpdateDate>2025-11-02 11:36:04</PriceUpdateDate>
      <ItemCode>7501064191527</ItemCode>
      <ItemType>1</ItemType>
      <ItemName>קורונה בירה בקבוק 6*</ItemName>
      <ManufacturerName>לא ידוע</ManufacturerName>
      <ManufactureCountry>לא ידוע</ManufactureCountry>
      <ManufacturerItemDescription>קורונה בירה בקבוק 6*</ManufacturerItemDescription>
      <UnitQty>לא ידוע</UnitQty>
      <Quantity>2130.00</Quantity>
      <UnitOfMeasure>לא ידוע</UnitOfMeasure>
      <bIsWeighted>0</bIsWeighted>
      <QtyInPackage>לא ידוע</QtyInPackage>
      <ItemPrice>44.90</ItemPrice>
      <UnitOfMeasurePrice>0.0211</UnitOfMeasurePrice>
      <AllowDiscount>1</AllowDiscount>
      <ItemStatus>1</ItemStatus>
      <ItemId>246626</ItemId>
    </Item>
    <Item>
      <PriceUpdateDate>2025-08-26 16:05:42</PriceUpdateDate>
      <ItemCode>7290118420217</ItemCode>
      <ItemType>1</ItemType>
      <ItemName>בייגלה שטוחים מצופה</ItemName>
      <ManufacturerName>קריות זול</ManufacturerName>
      <ManufactureCountry>לא ידוע</ManufactureCountry>
      <ManufacturerItemDescription>בייגלה שטוחים מצופה</ManufacturerItemDescription>
      <UnitQty>לא ידוע</UnitQty>
      <Quantity>120.00</Quantity>
      <UnitOfMeasure>לא ידוע</UnitOfMeasure>
      <bIsWeighted>0</bIsWeighted>
      <QtyInPackage>לא ידוע</QtyInPackage>
      <ItemPrice>16.90</ItemPrice>
      <UnitOfMeasurePrice>0.1408</UnitOfMeasurePrice>
      <AllowDiscount>1</AllowDiscount>
      <ItemStatus>1</ItemStatus>
      <ItemId>246744</ItemId>
    </Item>
    <Item>
      <PriceUpdateDate>2025-08-20 11:44:33</PriceUpdateDate>
      <ItemCode>7290004033651</ItemCode>
      <ItemType>1</ItemType>
      <ItemName>לחמניות המבורגר רביע</ItemName>
      <ManufacturerName>לא ידוע</ManufacturerName>
      <ManufactureCountry>לא ידוע</ManufactureCountry>
      <ManufacturerItemDescription>לחמניות המבורגר רביע</ManufacturerItemDescription>
      <UnitQty>יחידה   </UnitQty>
      <Quantity>0.00</Quantity>
      <UnitOfMeasure>יחידה   </UnitOfMeasure>
      <bIsWeighted>0</bIsWeighted>
      <QtyInPackage>לא ידוע</QtyInPackage>
      <ItemPrice>15.90</ItemPrice>
      <UnitOfMeasurePrice>0.0000</UnitOfMeasurePrice>
      <AllowDiscount>1</AllowDiscount>
      <ItemStatus>1</ItemStatus>
      <ItemId>246826</ItemId>
    </Item>
    <Item>
      <PriceUpdateDate>2025-12-23 07:16:20</PriceUpdateDate>
      <ItemCode>7290019293798</ItemCode>
      <ItemType>1</ItemType>
      <ItemName>לה קרמריה תות לימון</ItemName>
      <ManufacturerName>לא ידוע</ManufacturerName>
      <ManufactureCountry>לא ידוע</ManufactureCountry>
      <ManufacturerItemDescription>לה קרמריה תות לימון</ManufacturerItemDescription>
      <UnitQty>לא ידוע</UnitQty>
      <Quantity>1400.00</Quantity>
      <UnitOfMeasure>לא ידוע</UnitOfMeasure>
      <bIsWeighted>0</bIsWeighted>
      <QtyInPackage>לא ידוע</QtyInPackage>
      <ItemPrice>26.90</ItemPrice>
      <UnitOfMeasurePrice>0.0192</UnitOfMeasurePrice>
      <AllowDiscount>1</AllowDiscount>
      <ItemStatus>1</ItemStatus>
      <ItemId>246994</ItemId>
    </Item>
    <Item>
      <PriceUpdateDate>2025-09-03 07:19:46</PriceUpdateDate>
      <ItemCode>7290019293095</ItemCode>
      <ItemType>1</ItemType>
      <ItemName>שלגון מילקה עוגיות 9</ItemName>
      <ManufacturerName>לא ידוע</ManufacturerName>
      <ManufactureCountry>לא ידוע</ManufactureCountry>
      <ManufacturerItemDescription>שלגון מילקה עוגיות 9</ManufacturerItemDescription>
      <UnitQty>לא ידוע</UnitQty>
      <Quantity>190.00</Quantity>
      <UnitOfMeasure>לא ידוע</UnitOfMeasure>
      <bIsWeighted>0</bIsWeighted>
      <QtyInPackage>לא ידוע</QtyInPackage>
      <ItemPrice>13.90</ItemPrice>
      <UnitOfMeasurePrice>0.0732</UnitOfMeasurePrice>
      <AllowDiscount>1</AllowDiscount>
      <ItemStatus>1</ItemStatus>
      <ItemId>246996</ItemId>
    </Item>
    <Item>
      <PriceUpdateDate>2025-09-03 07:19:48</PriceUpdateDate>
      <ItemCode>7290019293880</ItemCode>
      <ItemType>1</ItemType>
      <ItemName>אקסטרים סופלה 115גר</ItemName>
      <ManufacturerName>לא ידוע</ManufacturerName>
      <ManufactureCountry>לא ידוע</ManufactureCountry>
      <ManufacturerItemDescription>אקסטרים סופלה 115גר</ManufacturerItemDescription>
      <UnitQty>לא ידוע</UnitQty>
      <Quantity>115.00</Quantity>
      <UnitOfMeasure>לא ידוע</UnitOfMeasure>
      <bIsWeighted>0</bIsWeighted>
      <QtyInPackage>לא ידוע</QtyInPackage>
      <ItemPrice>13.90</ItemPrice>
      <UnitOfMeasurePrice>0.1209</UnitOfMeasurePrice>
      <AllowDiscount>1</AllowDiscount>
      <ItemStatus>1</ItemStatus>
      <ItemId>246997</ItemId>
    </Item>
    <Item>
      <PriceUpdateDate>2025-09-01 10:12:16</PriceUpdateDate>
      <ItemCode>7290018237731</ItemCode>
      <ItemType>1</ItemType>
      <ItemName>פסטרמות ברביקיו ומעו</ItemName>
      <ManufacturerName>לא ידוע</ManufacturerName>
      <ManufactureCountry>לא ידוע</ManufactureCountry>
      <ManufacturerItemDescription>פסטרמות ברביקיו ומעו</ManufacturerItemDescription>
      <UnitQty>לא ידוע</UnitQty>
      <Quantity>600.00</Quantity>
      <UnitOfMeasure>לא ידוע</UnitOfMeasure>
      <bIsWeighted>0</bIsWeighted>
      <QtyInPackage>לא ידוע</QtyInPackage>
      <ItemPrice>30.90</ItemPrice>
      <UnitOfMeasurePrice>0.0515</UnitOfMeasurePrice>
      <AllowDiscount>1</AllowDiscount>
      <ItemStatus>1</ItemStatus>
      <ItemId>247013</ItemId>
    </Item>
    <Item>
      <PriceUpdateDate>2025-08-26 11:48:56</PriceUpdateDate>
      <ItemCode>7290116933078</ItemCode>
      <ItemType>1</ItemType>
      <ItemName>גבינת נפוליאון פלפלי</ItemName>
      <ManufacturerName>לא ידוע</ManufacturerName>
      <ManufactureCountry>לא ידוע</ManufactureCountry>
      <ManufacturerItemDescription>גבינת נפוליאון פלפלי</ManufacturerItemDescription>
      <UnitQty>לא ידוע</UnitQty>
      <Quantity>225.00</Quantity>
      <UnitOfMeasure>לא ידוע</UnitOfMeasure>
      <bIsWeighted>0</bIsWeighted>
      <QtyInPackage>לא ידוע</QtyInPackage>
      <ItemPrice>17.90</ItemPrice>
      <UnitOfMeasurePrice>0.0796</UnitOfMeasurePrice>
      <AllowDiscount>1</AllowDiscount>
      <ItemStatus>1</ItemStatus>
      <ItemId>247014</ItemId>
    </Item>
    <Item>
      <PriceUpdateDate>2025-08-31 08:46:33</PriceUpdateDate>
      <ItemCode>7290002329633</ItemCode>
      <ItemType>1</ItemType>
      <ItemName>עוגה בטעם תפוח 350 ג</ItemName>
      <ManufacturerName>לא ידוע</ManufacturerName>
      <ManufactureCountry>לא ידוע</ManufactureCountry>
      <ManufacturerItemDescription>עוגה בטעם תפוח 350 ג</ManufacturerItemDescription>
      <UnitQty>לא ידוע</UnitQty>
      <Quantity>350.00</Quantity>
      <UnitOfMeasure>לא ידוע</UnitOfMeasure>
      <bIsWeighted>0</bIsWeighted>
      <QtyInPackage>לא ידוע</QtyInPackage>
      <ItemPrice>10.90</ItemPrice>
      <UnitOfMeasurePrice>0.0311</UnitOfMeasurePrice>
      <AllowDiscount>1</AllowDiscount>
      <ItemStatus>1</ItemStatus>
      <ItemId>247017</ItemId>
    </Item>
    <Item>
      <PriceUpdateDate>2025-08-26 11:17:44</PriceUpdateDate>
      <ItemCode>7290000679099</ItemCode>
      <ItemType>1</ItemType>
      <ItemName>שמפו ותחליב רחצה 3 ב</ItemName>
      <ManufacturerName>לא ידוע</ManufacturerName>
      <ManufactureCountry>לא ידוע</ManufactureCountry>
      <ManufacturerItemDescription>שמפו ותחליב רחצה 3 ב</ManufacturerItemDescription>
      <UnitQty>לא ידוע</UnitQty>
      <Quantity>700.00</Quantity>
      <UnitOfMeasure>לא ידוע</UnitOfMeasure>
      <bIsWeighted>0</bIsWeighted>
      <QtyInPackage>לא ידוע</QtyInPackage>
      <ItemPrice>21.90</ItemPrice>
      <UnitOfMeasurePrice>0.0313</UnitOfMeasurePrice>
      <AllowDiscount>1</AllowDiscount>
      <ItemStatus>1</ItemStatus>
      <ItemId>248553</ItemId>
    </Item>
    <Item>
      <PriceUpdateDate>2025-09-08 07:57:52</PriceUpdateDate>
      <ItemCode>7290117387757</ItemCode>
      <ItemType>1</ItemType>
      <ItemName>תערובת קניידלך מאסטר</ItemName>
      <ManufacturerName>לא ידוע</ManufacturerName>
      <ManufactureCountry>לא ידוע</ManufactureCountry>
      <ManufacturerItemDescription>תערובת קניידלך מאסטר</ManufacturerItemDescription>
      <UnitQty>לא ידוע</UnitQty>
      <Quantity>350.00</Quantity>
      <UnitOfMeasure>לא ידוע</UnitOfMeasure>
      <bIsWeighted>0</bIsWeighted>
      <QtyInPackage>לא ידוע</QtyInPackage>
      <ItemPrice>12.90</ItemPrice>
      <UnitOfMeasurePrice>0.0369</UnitOfMeasurePrice>
      <AllowDiscount>1</AllowDiscount>
      <ItemStatus>1</ItemStatus>
      <ItemId>247043</ItemId>
    </Item>
    <Item>
      <PriceUpdateDate>2025-09-07 08:04:54</PriceUpdateDate>
      <ItemCode>7297488098305</ItemCode>
      <ItemType>1</ItemType>
      <ItemName>קמח שקדים "דגש" 250</ItemName>
      <ManufacturerName>לא ידוע</ManufacturerName>
      <ManufactureCountry>לא ידוע</ManufactureCountry>
      <ManufacturerItemDescription>קמח שקדים "דגש" 250</ManufacturerItemDescription>
      <UnitQty>לא ידוע</UnitQty>
      <Quantity>250.00</Quantity>
      <UnitOfMeasure>לא ידוע</UnitOfMeasure>
      <bIsWeighted>0</bIsWeighted>
      <QtyInPackage>לא ידוע</QtyInPackage>
      <ItemPrice>29.90</ItemPrice>
      <UnitOfMeasurePrice>0.1196</UnitOfMeasurePrice>
      <AllowDiscount>1</AllowDiscount>
      <ItemStatus>1</ItemStatus>
      <ItemId>247057</ItemId>
    </Item>
    <Item>
      <PriceUpdateDate>2025-09-07 10:41:07</PriceUpdateDate>
      <ItemCode>7290104965739</ItemCode>
      <ItemType>1</ItemType>
      <ItemName>קרליין 10 שמפו מאצ'ה</ItemName>
      <ManufacturerName>לא ידוע</ManufacturerName>
      <ManufactureCountry>לא ידוע</ManufactureCountry>
      <ManufacturerItemDescription>קרליין 10 שמפו מאצ'ה</ManufacturerItemDescription>
      <UnitQty>לא ידוע</UnitQty>
      <Quantity>700.00</Quantity>
      <UnitOfMeasure>לא ידוע</UnitOfMeasure>
      <bIsWeighted>0</bIsWeighted>
      <QtyInPackage>לא ידוע</QtyInPackage>
      <ItemPrice>15.90</ItemPrice>
      <UnitOfMeasurePrice>0.0227</UnitOfMeasurePrice>
      <AllowDiscount>1</AllowDiscount>
      <ItemStatus>1</ItemStatus>
      <ItemId>247221</ItemId>
    </Item>
    <Item>
      <PriceUpdateDate>2025-09-07 10:41:07</PriceUpdateDate>
      <ItemCode>7290104965746</ItemCode>
      <ItemType>1</ItemType>
      <ItemName>קרליין 10 מרכך מאצ'ה</ItemName>
      <ManufacturerName>לא ידוע</ManufacturerName>
      <ManufactureCountry>לא ידוע</ManufactureCountry>
      <ManufacturerItemDescription>קרליין 10 מרכך מאצ'ה</ManufacturerItemDescription>
      <UnitQty>לא ידוע</UnitQty>
      <Quantity>700.00</Quantity>
      <UnitOfMeasure>לא ידוע</UnitOfMeasure>
      <bIsWeighted>0</bIsWeighted>
      <QtyInPackage>לא ידוע</QtyInPackage>
      <ItemPrice>15.90</ItemPrice>
      <UnitOfMeasurePrice>0.0227</UnitOfMeasurePrice>
      <AllowDiscount>1</AllowDiscount>
      <ItemStatus>1</ItemStatus>
      <ItemId>247222</ItemId>
    </Item>
    <Item>
      <PriceUpdateDate>2025-09-05 07:57:39</PriceUpdateDate>
      <ItemCode>7509546688909</ItemCode>
      <ItemType>1</ItemType>
      <ItemName>קולגייט משחת שיניים</ItemName>
      <ManufacturerName>קריות זול</ManufacturerName>
      <ManufactureCountry>לא ידוע</ManufactureCountry>
      <ManufacturerItemDescription>קולגייט משחת שיניים</ManufacturerItemDescription>
      <UnitQty>לא ידוע</UnitQty>
      <Quantity>100.00</Quantity>
      <UnitOfMeasure>לא ידוע</UnitOfMeasure>
      <bIsWeighted>0</bIsWeighted>
      <QtyInPackage>לא ידוע</QtyInPackage>
      <ItemPrice>13.90</ItemPrice>
      <UnitOfMeasurePrice>0.1390</UnitOfMeasurePrice>
      <AllowDiscount>1</AllowDiscount>
      <ItemStatus>1</ItemStatus>
      <ItemId>247288</ItemId>
    </Item>
    <Item>
      <PriceUpdateDate>2025-08-26 11:15:22</PriceUpdateDate>
      <ItemCode>7290014762947</ItemCode>
      <ItemType>1</ItemType>
      <ItemName>לאבנה גלילית פיראוס</ItemName>
      <ManufacturerName>לא ידוע</ManufacturerName>
      <ManufactureCountry>לא ידוע</ManufactureCountry>
      <ManufacturerItemDescription>לאבנה גלילית פיראוס</ManufacturerItemDescription>
      <UnitQty>לא ידוע</UnitQty>
      <Quantity>750.00</Quantity>
      <UnitOfMeasure>לא ידוע</UnitOfMeasure>
      <bIsWeighted>0</bIsWeighted>
      <QtyInPackage>לא ידוע</QtyInPackage>
      <ItemPrice>29.90</ItemPrice>
      <UnitOfMeasurePrice>0.0399</UnitOfMeasurePrice>
      <AllowDiscount>1</AllowDiscount>
      <ItemStatus>1</ItemStatus>
      <ItemId>247312</ItemId>
    </Item>
    <Item>
      <PriceUpdateDate>2025-08-19 08:31:21</PriceUpdateDate>
      <ItemCode>4810168064068</ItemCode>
      <ItemType>1</ItemType>
      <ItemName>בסגנון קוויאר אדום כ</ItemName>
      <ManufacturerName>לא ידוע</ManufacturerName>
      <ManufactureCountry>לא ידוע</ManufactureCountry>
      <ManufacturerItemDescription>בסגנון קוויאר אדום כ</ManufacturerItemDescription>
      <UnitQty>לא ידוע</UnitQty>
      <Quantity>230.00</Quantity>
      <UnitOfMeasure>לא ידוע</UnitOfMeasure>
      <bIsWeighted>0</bIsWeighted>
      <QtyInPackage>לא ידוע</QtyInPackage>
      <ItemPrice>16.90</ItemPrice>
      <UnitOfMeasurePrice>0.0735</UnitOfMeasurePrice>
      <AllowDiscount>1</AllowDiscount>
      <ItemStatus>1</ItemStatus>
      <ItemId>247321</ItemId>
    </Item>
    <Item>
      <PriceUpdateDate>2025-09-04 12:04:33</PriceUpdateDate>
      <ItemCode>7290119773794</ItemCode>
      <ItemType>1</ItemType>
      <ItemName>שוופס סודה  מארז 4*</ItemName>
      <ManufacturerName>קריות זול</ManufacturerName>
      <ManufactureCountry>לא ידוע</ManufactureCountry>
      <ManufacturerItemDescription>שוופס סודה  מארז 4*</ManufacturerItemDescription>
      <UnitQty>לא ידוע</UnitQty>
      <Quantity>6000.00</Quantity>
      <UnitOfMeasure>לא ידוע</UnitOfMeasure>
      <bIsWeighted>0</bIsWeighted>
      <QtyInPackage>לא ידוע</QtyInPackage>
      <ItemPrice>16.50</ItemPrice>
      <UnitOfMeasurePrice>0.0028</UnitOfMeasurePrice>
      <AllowDiscount>1</AllowDiscount>
      <ItemStatus>1</ItemStatus>
      <ItemId>247353</ItemId>
    </Item>
    <Item>
      <PriceUpdateDate>2025-09-04 07:46:31</PriceUpdateDate>
      <ItemCode>7290017456041</ItemCode>
      <ItemType>1</ItemType>
      <ItemName>באן מאפה מאודה 200 ג</ItemName>
      <ManufacturerName>לא ידוע</ManufacturerName>
      <ManufactureCountry>לא ידוע</ManufactureCountry>
      <ManufacturerItemDescription>באן מאפה מאודה 200 ג</ManufacturerItemDescription>
      <UnitQty>לא ידוע</UnitQty>
      <Quantity>200.00</Quantity>
      <UnitOfMeasure>לא ידוע</UnitOfMeasure>
      <bIsWeighted>0</bIsWeighted>
      <QtyInPackage>לא ידוע</QtyInPackage>
      <ItemPrice>18.90</ItemPrice>
      <UnitOfMeasurePrice>0.0945</UnitOfMeasurePrice>
      <AllowDiscount>1</AllowDiscount>
      <ItemStatus>1</ItemStatus>
      <ItemId>247379</ItemId>
    </Item>
    <Item>
      <PriceUpdateDate>2025-09-04 07:46:34</PriceUpdateDate>
      <ItemCode>7290109580890</ItemCode>
      <ItemType>1</ItemType>
      <ItemName>בשר מפורק 240 גרם</ItemName>
      <ManufacturerName>לא ידוע</ManufacturerName>
      <ManufactureCountry>לא ידוע</ManufactureCountry>
      <ManufacturerItemDescription>בשר מפורק 240 גרם</ManufacturerItemDescription>
      <UnitQty>לא ידוע</UnitQty>
      <Quantity>240.00</Quantity>
      <UnitOfMeasure>לא ידוע</UnitOfMeasure>
      <bIsWeighted>0</bIsWeighted>
      <QtyInPackage>לא ידוע</QtyInPackage>
      <ItemPrice>36.90</ItemPrice>
      <UnitOfMeasurePrice>0.1537</UnitOfMeasurePrice>
      <AllowDiscount>1</AllowDiscount>
      <ItemStatus>1</ItemStatus>
      <ItemId>247382</ItemId>
    </Item>
    <Item>
      <PriceUpdateDate>2025-09-04 12:04:29</PriceUpdateDate>
      <ItemCode>7290119770298</ItemCode>
      <ItemType>1</ItemType>
      <ItemName>עין גדי 750 מ"ל פקק</ItemName>
      <ManufacturerName>לא ידוע</ManufacturerName>
      <ManufactureCountry>לא ידוע</ManufactureCountry>
      <ManufacturerItemDescription>עין גדי 750 מ"ל פקק</ManufacturerItemDescription>
      <UnitQty>לא ידוע</UnitQty>
      <Quantity>4500.00</Quantity>
      <UnitOfMeasure>לא ידוע</UnitOfMeasure>
      <bIsWeighted>0</bIsWeighted>
      <QtyInPackage>לא ידוע</QtyInPackage>
      <ItemPrice>16.50</ItemPrice>
      <UnitOfMeasurePrice>0.0037</UnitOfMeasurePrice>
      <AllowDiscount>1</AllowDiscount>
      <ItemStatus>1</ItemStatus>
      <ItemId>247392</ItemId>
    </Item>
    <Item>
      <PriceUpdateDate>2025-08-31 09:56:38</PriceUpdateDate>
      <ItemCode>7290019635130</ItemCode>
      <ItemType>1</ItemType>
      <ItemName>חמאה איטלקית מלוחה מ</ItemName>
      <ManufacturerName>קריות זול</ManufacturerName>
      <ManufactureCountry>לא ידוע</ManufactureCountry>
      <ManufacturerItemDescription>חמאה איטלקית מלוחה מ</ManufacturerItemDescription>
      <UnitQty>לא ידוע</UnitQty>
      <Quantity>100.00</Quantity>
      <UnitOfMeasure>לא ידוע</UnitOfMeasure>
      <bIsWeighted>0</bIsWeighted>
      <QtyInPackage>לא ידוע</QtyInPackage>
      <ItemPrice>12.90</ItemPrice>
      <UnitOfMeasurePrice>0.1290</UnitOfMeasurePrice>
      <AllowDiscount>1</AllowDiscount>
      <ItemStatus>1</ItemStatus>
      <ItemId>247397</ItemId>
    </Item>
    <Item>
      <PriceUpdateDate>2025-08-26 11:49:13</PriceUpdateDate>
      <ItemCode>7290116933825</ItemCode>
      <ItemType>1</ItemType>
      <ItemName>משקה יופלה בקרטון בנ</ItemName>
      <ManufacturerName>לא ידוע</ManufacturerName>
      <ManufactureCountry>לא ידוע</ManufactureCountry>
      <ManufacturerItemDescription>משקה יופלה בקרטון בנ</ManufacturerItemDescription>
      <UnitQty>לא ידוע</UnitQty>
      <Quantity>750.00</Quantity>
      <UnitOfMeasure>לא ידוע</UnitOfMeasure>
      <bIsWeighted>0</bIsWeighted>
      <QtyInPackage>לא ידוע</QtyInPackage>
      <ItemPrice>16.50</ItemPrice>
      <UnitOfMeasurePrice>0.0220</UnitOfMeasurePrice>
      <AllowDiscount>1</AllowDiscount>
      <ItemStatus>1</ItemStatus>
      <ItemId>247426</ItemId>
    </Item>
    <Item>
      <PriceUpdateDate>2025-09-07 08:06:23</PriceUpdateDate>
      <ItemCode>7290102304912</ItemCode>
      <ItemType>1</ItemType>
      <ItemName>גבינות קשקבל 200 גרם</ItemName>
      <ManufacturerName>לא ידוע</ManufacturerName>
      <ManufactureCountry>לא ידוע</ManufactureCountry>
      <ManufacturerItemDescription>גבינות קשקבל 200 גרם</ManufacturerItemDescription>
      <UnitQty>לא ידוע</UnitQty>
      <Quantity>200.00</Quantity>
      <UnitOfMeasure>לא ידוע</UnitOfMeasure>
      <bIsWeighted>0</bIsWeighted>
      <QtyInPackage>לא ידוע</QtyInPackage>
      <ItemPrice>27.90</ItemPrice>
      <UnitOfMeasurePrice>0.1395</UnitOfMeasurePrice>
      <AllowDiscount>1</AllowDiscount>
      <ItemStatus>1</ItemStatus>
      <ItemId>247435</ItemId>
    </Item>
    <Item>
      <PriceUpdateDate>2025-09-03 11:28:24</PriceUpdateDate>
      <ItemCode>7290116535289</ItemCode>
      <ItemType>1</ItemType>
      <ItemName>פינוק סבון נוזלי יסמ</ItemName>
      <ManufacturerName>לא ידוע</ManufacturerName>
      <ManufactureCountry>לא ידוע</ManufactureCountry>
      <ManufacturerItemDescription>פינוק סבון נוזלי יסמ</ManufacturerItemDescription>
      <UnitQty>לא ידוע</UnitQty>
      <Quantity>700.00</Quantity>
      <UnitOfMeasure>לא ידוע</UnitOfMeasure>
      <bIsWeighted>0</bIsWeighted>
      <QtyInPackage>לא ידוע</QtyInPackage>
      <ItemPrice>15.90</ItemPrice>
      <UnitOfMeasurePrice>0.0227</UnitOfMeasurePrice>
      <AllowDiscount>1</AllowDiscount>
      <ItemStatus>1</ItemStatus>
      <ItemId>247455</ItemId>
    </Item>
    <Item>
      <PriceUpdateDate>2025-08-18 11:35:42</PriceUpdateDate>
      <ItemCode>59096917</ItemCode>
      <ItemType>1</ItemType>
      <ItemName>דאב רולאון דיוי אורי</ItemName>
      <ManufacturerName>לא ידוע</ManufacturerName>
      <ManufactureCountry>לא ידוע</ManufactureCountry>
      <ManufacturerItemDescription>דאב רולאון דיוי אורי</ManufacturerItemDescription>
      <UnitQty>לא ידוע</UnitQty>
      <Quantity>50.00</Quantity>
      <UnitOfMeasure>לא ידוע</UnitOfMeasure>
      <bIsWeighted>0</bIsWeighted>
      <QtyInPackage>לא ידוע</QtyInPackage>
      <ItemPrice>21.90</ItemPrice>
      <UnitOfMeasurePrice>0.4380</UnitOfMeasurePrice>
      <AllowDiscount>1</AllowDiscount>
      <ItemStatus>1</ItemStatus>
      <ItemId>247462</ItemId>
    </Item>
    <Item>
      <PriceUpdateDate>2025-09-03 12:53:36</PriceUpdateDate>
      <ItemCode>7290019644743</ItemCode>
      <ItemType>1</ItemType>
      <ItemName>מיקס כדורים שוקולד ח</ItemName>
      <ManufacturerName>לא ידוע</ManufacturerName>
      <ManufactureCountry>לא ידוע</ManufactureCountry>
      <ManufacturerItemDescription>מיקס כדורים שוקולד ח</ManufacturerItemDescription>
      <UnitQty>לא ידוע</UnitQty>
      <Quantity>55.00</Quantity>
      <UnitOfMeasure>לא ידוע</UnitOfMeasure>
      <bIsWeighted>0</bIsWeighted>
      <QtyInPackage>לא ידוע</QtyInPackage>
      <ItemPrice>6.90</ItemPrice>
      <UnitOfMeasurePrice>0.1255</UnitOfMeasurePrice>
      <AllowDiscount>1</AllowDiscount>
      <ItemStatus>1</ItemStatus>
      <ItemId>247516</ItemId>
    </Item>
    <Item>
      <PriceUpdateDate>2025-09-03 12:53:38</PriceUpdateDate>
      <ItemCode>7290019644927</ItemCode>
      <ItemType>1</ItemType>
      <ItemName>בייגלה מצופה שוקולד</ItemName>
      <ManufacturerName>לא ידוע</ManufacturerName>
      <ManufactureCountry>לא ידוע</ManufactureCountry>
      <ManufacturerItemDescription>בייגלה מצופה שוקולד</ManufacturerItemDescription>
      <UnitQty>לא ידוע</UnitQty>
      <Quantity>55.00</Quantity>
      <UnitOfMeasure>לא ידוע</UnitOfMeasure>
      <bIsWeighted>0</bIsWeighted>
      <QtyInPackage>לא ידוע</QtyInPackage>
      <ItemPrice>6.90</ItemPrice>
      <UnitOfMeasurePrice>0.1255</UnitOfMeasurePrice>
      <AllowDiscount>1</AllowDiscount>
      <ItemStatus>1</ItemStatus>
      <ItemId>247518</ItemId>
    </Item>
    <Item>
      <PriceUpdateDate>2025-11-11 09:53:48</PriceUpdateDate>
      <ItemCode>7622201727130</ItemCode>
      <ItemType>1</ItemType>
      <ItemName>מרבו שוקולד חלב עם ש</ItemName>
      <ManufacturerName>לא ידוע</ManufacturerName>
      <ManufactureCountry>לא ידוע</ManufactureCountry>
      <ManufacturerItemDescription>מרבו שוקולד חלב עם ש</ManufacturerItemDescription>
      <UnitQty>לא ידוע</UnitQty>
      <Quantity>220.00</Quantity>
      <UnitOfMeasure>לא ידוע</UnitOfMeasure>
      <bIsWeighted>0</bIsWeighted>
      <QtyInPackage>לא ידוע</QtyInPackage>
      <ItemPrice>23.90</ItemPrice>
      <UnitOfMeasurePrice>0.1086</UnitOfMeasurePrice>
      <AllowDiscount>1</AllowDiscount>
      <ItemStatus>1</ItemStatus>
      <ItemId>247520</ItemId>
    </Item>
    <Item>
      <PriceUpdateDate>2025-11-11 09:53:49</PriceUpdateDate>
      <ItemCode>7622201733803</ItemCode>
      <ItemType>1</ItemType>
      <ItemName>מרבו שוקולד חלב 220</ItemName>
      <ManufacturerName>לא ידוע</ManufacturerName>
      <ManufactureCountry>לא ידוע</ManufactureCountry>
      <ManufacturerItemDescription>מרבו שוקולד חלב 220</ManufacturerItemDescription>
      <UnitQty>לא ידוע</UnitQty>
      <Quantity>220.00</Quantity>
      <UnitOfMeasure>לא ידוע</UnitOfMeasure>
      <bIsWeighted>0</bIsWeighted>
      <QtyInPackage>לא ידוע</QtyInPackage>
      <ItemPrice>23.90</ItemPrice>
      <UnitOfMeasurePrice>0.1086</UnitOfMeasurePrice>
      <AllowDiscount>1</AllowDiscount>
      <ItemStatus>1</ItemStatus>
      <ItemId>247522</ItemId>
    </Item>
    <Item>
      <PriceUpdateDate>2025-08-19 08:31:40</PriceUpdateDate>
      <ItemCode>5901576058585</ItemCode>
      <ItemType>1</ItemType>
      <ItemName>פילה סלמון מעושן פרו</ItemName>
      <ManufacturerName>לא ידוע</ManufacturerName>
      <ManufactureCountry>לא ידוע</ManufactureCountry>
      <ManufacturerItemDescription>פילה סלמון מעושן פרו</ManufacturerItemDescription>
      <UnitQty>לא ידוע</UnitQty>
      <Quantity>100.00</Quantity>
      <UnitOfMeasure>לא ידוע</UnitOfMeasure>
      <bIsWeighted>0</bIsWeighted>
      <QtyInPackage>לא ידוע</QtyInPackage>
      <ItemPrice>28.90</ItemPrice>
      <UnitOfMeasurePrice>0.2890</UnitOfMeasurePrice>
      <AllowDiscount>1</AllowDiscount>
      <ItemStatus>1</ItemStatus>
      <ItemId>247567</ItemId>
    </Item>
    <Item>
      <PriceUpdateDate>2025-08-19 08:31:42</PriceUpdateDate>
      <ItemCode>5901576058608</ItemCode>
      <ItemType>1</ItemType>
      <ItemName>פילה פורל מעושן פרוס</ItemName>
      <ManufacturerName>לא ידוע</ManufacturerName>
      <ManufactureCountry>לא ידוע</ManufactureCountry>
      <ManufacturerItemDescription>פילה פורל מעושן פרוס</ManufacturerItemDescription>
      <UnitQty>לא ידוע</UnitQty>
      <Quantity>100.00</Quantity>
      <UnitOfMeasure>לא ידוע</UnitOfMeasure>
      <bIsWeighted>0</bIsWeighted>
      <QtyInPackage>לא ידוע</QtyInPackage>
      <ItemPrice>28.90</ItemPrice>
      <UnitOfMeasurePrice>0.2890</UnitOfMeasurePrice>
      <AllowDiscount>1</AllowDiscount>
      <ItemStatus>1</ItemStatus>
      <ItemId>247568</ItemId>
    </Item>
    <Item>
      <PriceUpdateDate>2025-09-03 14:01:37</PriceUpdateDate>
      <ItemCode>8720608019441</ItemCode>
      <ItemType>1</ItemType>
      <ItemName>ליפטון תה שחור יילו</ItemName>
      <ManufacturerName>לא ידוע</ManufacturerName>
      <ManufactureCountry>לא ידוע</ManufactureCountry>
      <ManufacturerItemDescription>ליפטון תה שחור יילו</ManufacturerItemDescription>
      <UnitQty>לא ידוע</UnitQty>
      <Quantity>30.00</Quantity>
      <UnitOfMeasure>לא ידוע</UnitOfMeasure>
      <bIsWeighted>0</bIsWeighted>
      <QtyInPackage>לא ידוע</QtyInPackage>
      <ItemPrice>8.90</ItemPrice>
      <UnitOfMeasurePrice>0.2967</UnitOfMeasurePrice>
      <AllowDiscount>1</AllowDiscount>
      <ItemStatus>1</ItemStatus>
      <ItemId>247601</ItemId>
    </Item>
    <Item>
      <PriceUpdateDate>2025-08-19 08:16:45</PriceUpdateDate>
      <ItemCode>3161712996146</ItemCode>
      <ItemType>1</ItemType>
      <ItemName>ברי איל דה פרנס 125ג</ItemName>
      <ManufacturerName>לא ידוע</ManufacturerName>
      <ManufactureCountry>לא ידוע</ManufactureCountry>
      <ManufacturerItemDescription>ברי איל דה פרנס 125ג</ManufacturerItemDescription>
      <UnitQty>לא ידוע</UnitQty>
      <Quantity>125.00</Quantity>
      <UnitOfMeasure>לא ידוע</UnitOfMeasure>
      <bIsWeighted>0</bIsWeighted>
      <QtyInPackage>לא ידוע</QtyInPackage>
      <ItemPrice>28.90</ItemPrice>
      <UnitOfMeasurePrice>0.2312</UnitOfMeasurePrice>
      <AllowDiscount>1</AllowDiscount>
      <ItemStatus>1</ItemStatus>
      <ItemId>247605</ItemId>
    </Item>
    <Item>
      <PriceUpdateDate>2024-05-17 07:25:59</PriceUpdateDate>
      <ItemCode>7290117821756</ItemCode>
      <ItemType>1</ItemType>
      <ItemName>בקבוק נירוסטה 600 מל</ItemName>
      <ManufacturerName>לא ידוע</ManufacturerName>
      <ManufactureCountry>לא ידוע</ManufactureCountry>
      <ManufacturerItemDescription>בקבוק נירוסטה 600 מל</ManufacturerItemDescription>
      <UnitQty>יחידה   </UnitQty>
      <Quantity>0.00</Quantity>
      <UnitOfMeasure>יחידה   </UnitOfMeasure>
      <bIsWeighted>0</bIsWeighted>
      <QtyInPackage>לא ידוע</QtyInPackage>
      <ItemPrice>34.90</ItemPrice>
      <UnitOfMeasurePrice>0.0000</UnitOfMeasurePrice>
      <AllowDiscount>1</AllowDiscount>
      <ItemStatus>1</ItemStatus>
      <ItemId>247634</ItemId>
    </Item>
    <Item>
      <PriceUpdateDate>2025-08-18 09:16:33</PriceUpdateDate>
      <ItemCode>7290004861285</ItemCode>
      <ItemType>1</ItemType>
      <ItemName>גבינת טבורוג 9% המוש</ItemName>
      <ManufacturerName>לא ידוע</ManufacturerName>
      <ManufactureCountry>ישראל</ManufactureCountry>
      <ManufacturerItemDescription>גבינת טבורוג 9% המוש</ManufacturerItemDescription>
      <UnitQty>קילוגרמים</UnitQty>
      <Quantity>1.00</Quantity>
      <UnitOfMeasure>ק"ג</UnitOfMeasure>
      <bIsWeighted>1</bIsWeighted>
      <QtyInPackage>לא ידוע</QtyInPackage>
      <ItemPrice>48.00</ItemPrice>
      <UnitOfMeasurePrice>48.0000</UnitOfMeasurePrice>
      <AllowDiscount>1</AllowDiscount>
      <ItemStatus>1</ItemStatus>
      <ItemId>247648</ItemId>
    </Item>
    <Item>
      <PriceUpdateDate>2024-05-19 13:02:31</PriceUpdateDate>
      <ItemCode>8412497512911</ItemCode>
      <ItemType>1</ItemType>
      <ItemName>קערת פולי פרימיום פס</ItemName>
      <ManufacturerName>לא ידוע</ManufacturerName>
      <ManufactureCountry>לא ידוע</ManufactureCountry>
      <ManufacturerItemDescription>קערת פולי פרימיום פס</ManufacturerItemDescription>
      <UnitQty>יחידה   </UnitQty>
      <Quantity>0.00</Quantity>
      <UnitOfMeasure>יחידה   </UnitOfMeasure>
      <bIsWeighted>0</bIsWeighted>
      <QtyInPackage>לא ידוע</QtyInPackage>
      <ItemPrice>10.90</ItemPrice>
      <UnitOfMeasurePrice>0.0000</UnitOfMeasurePrice>
      <AllowDiscount>1</AllowDiscount>
      <ItemStatus>1</ItemStatus>
      <ItemId>247675</ItemId>
    </Item>
    <Item>
      <PriceUpdateDate>2025-08-26 11:14:17</PriceUpdateDate>
      <ItemCode>7290119373710</ItemCode>
      <ItemType>1</ItemType>
      <ItemName>חומוס 40% טחינה עם ח</ItemName>
      <ManufacturerName>לא ידוע</ManufacturerName>
      <ManufactureCountry>לא ידוע</ManufactureCountry>
      <ManufacturerItemDescription>חומוס 40% טחינה עם ח</ManufacturerItemDescription>
      <UnitQty>לא ידוע</UnitQty>
      <Quantity>250.00</Quantity>
      <UnitOfMeasure>לא ידוע</UnitOfMeasure>
      <bIsWeighted>0</bIsWeighted>
      <QtyInPackage>לא ידוע</QtyInPackage>
      <ItemPrice>12.90</ItemPrice>
      <UnitOfMeasurePrice>0.0516</UnitOfMeasurePrice>
      <AllowDiscount>1</AllowDiscount>
      <ItemStatus>1</ItemStatus>
      <ItemId>247695</ItemId>
    </Item>
    <Item>
      <PriceUpdateDate>2025-09-04 07:46:31</PriceUpdateDate>
      <ItemCode>7290109580531</ItemCode>
      <ItemType>1</ItemType>
      <ItemName>נודלס של מסעדות 400</ItemName>
      <ManufacturerName>לא ידוע</ManufacturerName>
      <ManufactureCountry>לא ידוע</ManufactureCountry>
      <ManufacturerItemDescription>נודלס של מסעדות 400</ManufacturerItemDescription>
      <UnitQty>לא ידוע</UnitQty>
      <Quantity>400.00</Quantity>
      <UnitOfMeasure>לא ידוע</UnitOfMeasure>
      <bIsWeighted>0</bIsWeighted>
      <QtyInPackage>לא ידוע</QtyInPackage>
      <ItemPrice>18.90</ItemPrice>
      <UnitOfMeasurePrice>0.0472</UnitOfMeasurePrice>
      <AllowDiscount>1</AllowDiscount>
      <ItemStatus>1</ItemStatus>
      <ItemId>247740</ItemId>
    </Item>
    <Item>
      <PriceUpdateDate>2024-12-31 12:20:48</PriceUpdateDate>
      <ItemCode>7290119773299</ItemCode>
      <ItemType>1</ItemType>
      <ItemName>תפוזינה וייבס לימונד</ItemName>
      <ManufacturerName>קריות זול</ManufacturerName>
      <ManufactureCountry>לא ידוע</ManufactureCountry>
      <ManufacturerItemDescription>תפוזינה וייבס לימונד</ManufacturerItemDescription>
      <UnitQty>לא ידוע</UnitQty>
      <Quantity>1500.00</Quantity>
      <UnitOfMeasure>לא ידוע</UnitOfMeasure>
      <bIsWeighted>0</bIsWeighted>
      <QtyInPackage>לא ידוע</QtyInPackage>
      <ItemPrice>8.50</ItemPrice>
      <UnitOfMeasurePrice>0.0057</UnitOfMeasurePrice>
      <AllowDiscount>1</AllowDiscount>
      <ItemStatus>1</ItemStatus>
      <ItemId>247766</ItemId>
    </Item>
    <Item>
      <PriceUpdateDate>2024-12-31 12:20:48</PriceUpdateDate>
      <ItemCode>7290119773343</ItemCode>
      <ItemType>1</ItemType>
      <ItemName>תפוזינה וייבס לימונד</ItemName>
      <ManufacturerName>קריות זול</ManufacturerName>
      <ManufactureCountry>לא ידוע</ManufactureCountry>
      <ManufacturerItemDescription>תפוזינה וייבס לימונד</ManufacturerItemDescription>
      <UnitQty>לא ידוע</UnitQty>
      <Quantity>1500.00</Quantity>
      <UnitOfMeasure>לא ידוע</UnitOfMeasure>
      <bIsWeighted>0</bIsWeighted>
      <QtyInPackage>לא ידוע</QtyInPackage>
      <ItemPrice>8.50</ItemPrice>
      <UnitOfMeasurePrice>0.0057</UnitOfMeasurePrice>
      <AllowDiscount>1</AllowDiscount>
      <ItemStatus>1</ItemStatus>
      <ItemId>247767</ItemId>
    </Item>
    <Item>
      <PriceUpdateDate>2025-09-07 10:42:20</PriceUpdateDate>
      <ItemCode>7290108359251</ItemCode>
      <ItemType>1</ItemType>
      <ItemName>סנו סושי כריות חלומי</ItemName>
      <ManufacturerName>קריות זול</ManufacturerName>
      <ManufactureCountry>לא ידוע</ManufactureCountry>
      <ManufacturerItemDescription>סנו סושי כריות חלומי</ManufacturerItemDescription>
      <UnitQty>לא ידוע</UnitQty>
      <Quantity>4.00</Quantity>
      <UnitOfMeasure>לא ידוע</UnitOfMeasure>
      <bIsWeighted>0</bIsWeighted>
      <QtyInPackage>לא ידוע</QtyInPackage>
      <ItemPrice>13.90</ItemPrice>
      <UnitOfMeasurePrice>3.4750</UnitOfMeasurePrice>
      <AllowDiscount>1</AllowDiscount>
      <ItemStatus>1</ItemStatus>
      <ItemId>247772</ItemId>
    </Item>
    <Item>
      <PriceUpdateDate>2025-09-08 07:56:46</PriceUpdateDate>
      <ItemCode>7290019274087</ItemCode>
      <ItemType>1</ItemType>
      <ItemName>תרסיס קצף לניקוי אסל</ItemName>
      <ManufacturerName>לא ידוע</ManufacturerName>
      <ManufactureCountry>לא ידוע</ManufactureCountry>
      <ManufacturerItemDescription>תרסיס קצף לניקוי אסל</ManufacturerItemDescription>
      <UnitQty>לא ידוע</UnitQty>
      <Quantity>400.00</Quantity>
      <UnitOfMeasure>לא ידוע</UnitOfMeasure>
      <bIsWeighted>0</bIsWeighted>
      <QtyInPackage>לא ידוע</QtyInPackage>
      <ItemPrice>21.90</ItemPrice>
      <UnitOfMeasurePrice>0.0547</UnitOfMeasurePrice>
      <AllowDiscount>1</AllowDiscount>
      <ItemStatus>1</ItemStatus>
      <ItemId>247831</ItemId>
    </Item>
    <Item>
      <PriceUpdateDate>2025-09-08 07:56:47</PriceUpdateDate>
      <ItemCode>7290019274735</ItemCode>
      <ItemType>1</ItemType>
      <ItemName>ג'ל אסלות 900 מ"ל TN</ItemName>
      <ManufacturerName>לא ידוע</ManufacturerName>
      <ManufactureCountry>לא ידוע</ManufactureCountry>
      <ManufacturerItemDescription>ג'ל אסלות 900 מ"ל TN</ManufacturerItemDescription>
      <UnitQty>לא ידוע</UnitQty>
      <Quantity>900.00</Quantity>
      <UnitOfMeasure>לא ידוע</UnitOfMeasure>
      <bIsWeighted>0</bIsWeighted>
      <QtyInPackage>לא ידוע</QtyInPackage>
      <ItemPrice>15.90</ItemPrice>
      <UnitOfMeasurePrice>0.0177</UnitOfMeasurePrice>
      <AllowDiscount>1</AllowDiscount>
      <ItemStatus>1</ItemStatus>
      <ItemId>247844</ItemId>
    </Item>
    <Item>
      <PriceUpdateDate>2025-08-26 16:06:38</PriceUpdateDate>
      <ItemCode>8445291028906</ItemCode>
      <ItemType>1</ItemType>
      <ItemName>מטרנה מחית סלט פירות</ItemName>
      <ManufacturerName>לא ידוע</ManufacturerName>
      <ManufactureCountry>לא ידוע</ManufactureCountry>
      <ManufacturerItemDescription>מטרנה מחית סלט פירות</ManufacturerItemDescription>
      <UnitQty>לא ידוע</UnitQty>
      <Quantity>190.00</Quantity>
      <UnitOfMeasure>לא ידוע</UnitOfMeasure>
      <bIsWeighted>0</bIsWeighted>
      <QtyInPackage>לא ידוע</QtyInPackage>
      <ItemPrice>7.30</ItemPrice>
      <UnitOfMeasurePrice>0.0384</UnitOfMeasurePrice>
      <AllowDiscount>1</AllowDiscount>
      <ItemStatus>1</ItemStatus>
      <ItemId>247902</ItemId>
    </Item>
    <Item>
      <PriceUpdateDate>2025-08-26 16:06:38</PriceUpdateDate>
      <ItemCode>8445291028920</ItemCode>
      <ItemType>1</ItemType>
      <ItemName>מטרנה מחית תפוח עץ ו</ItemName>
      <ManufacturerName>לא ידוע</ManufacturerName>
      <ManufactureCountry>לא ידוע</ManufactureCountry>
      <ManufacturerItemDescription>מטרנה מחית תפוח עץ ו</ManufacturerItemDescription>
      <UnitQty>לא ידוע</UnitQty>
      <Quantity>190.00</Quantity>
      <UnitOfMeasure>לא ידוע</UnitOfMeasure>
      <bIsWeighted>0</bIsWeighted>
      <QtyInPackage>לא ידוע</QtyInPackage>
      <ItemPrice>7.30</ItemPrice>
      <UnitOfMeasurePrice>0.0384</UnitOfMeasurePrice>
      <AllowDiscount>1</AllowDiscount>
      <ItemStatus>1</ItemStatus>
      <ItemId>247903</ItemId>
    </Item>
    <Item>
      <PriceUpdateDate>2025-08-26 16:06:39</PriceUpdateDate>
      <ItemCode>8445291081390</ItemCode>
      <ItemType>1</ItemType>
      <ItemName>מטרנה מחית אגס פאוץ</ItemName>
      <ManufacturerName>לא ידוע</ManufacturerName>
      <ManufactureCountry>לא ידוע</ManufactureCountry>
      <ManufacturerItemDescription>מטרנה מחית אגס פאוץ</ManufacturerItemDescription>
      <UnitQty>לא ידוע</UnitQty>
      <Quantity>90.00</Quantity>
      <UnitOfMeasure>לא ידוע</UnitOfMeasure>
      <bIsWeighted>0</bIsWeighted>
      <QtyInPackage>לא ידוע</QtyInPackage>
      <ItemPrice>7.50</ItemPrice>
      <UnitOfMeasurePrice>0.0833</UnitOfMeasurePrice>
      <AllowDiscount>1</AllowDiscount>
      <ItemStatus>1</ItemStatus>
      <ItemId>247905</ItemId>
    </Item>
    <Item>
      <PriceUpdateDate>2025-08-26 16:06:40</PriceUpdateDate>
      <ItemCode>8445291081574</ItemCode>
      <ItemType>1</ItemType>
      <ItemName>מטרנה מחית תפוח מנגו</ItemName>
      <ManufacturerName>לא ידוע</ManufacturerName>
      <ManufactureCountry>לא ידוע</ManufactureCountry>
      <ManufacturerItemDescription>מטרנה מחית תפוח מנגו</ManufacturerItemDescription>
      <UnitQty>לא ידוע</UnitQty>
      <Quantity>90.00</Quantity>
      <UnitOfMeasure>לא ידוע</UnitOfMeasure>
      <bIsWeighted>0</bIsWeighted>
      <QtyInPackage>לא ידוע</QtyInPackage>
      <ItemPrice>7.50</ItemPrice>
      <UnitOfMeasurePrice>0.0833</UnitOfMeasurePrice>
      <AllowDiscount>1</AllowDiscount>
      <ItemStatus>1</ItemStatus>
      <ItemId>247907</ItemId>
    </Item>
    <Item>
      <PriceUpdateDate>2025-08-26 16:06:39</PriceUpdateDate>
      <ItemCode>8445291050358</ItemCode>
      <ItemType>1</ItemType>
      <ItemName>מטרנה מחית תפוח בננה</ItemName>
      <ManufacturerName>לא ידוע</ManufacturerName>
      <ManufactureCountry>לא ידוע</ManufactureCountry>
      <ManufacturerItemDescription>מטרנה מחית תפוח בננה</ManufacturerItemDescription>
      <UnitQty>לא ידוע</UnitQty>
      <Quantity>90.00</Quantity>
      <UnitOfMeasure>לא ידוע</UnitOfMeasure>
      <bIsWeighted>0</bIsWeighted>
      <QtyInPackage>לא ידוע</QtyInPackage>
      <ItemPrice>7.50</ItemPrice>
      <UnitOfMeasurePrice>0.0833</UnitOfMeasurePrice>
      <AllowDiscount>1</AllowDiscount>
      <ItemStatus>1</ItemStatus>
      <ItemId>247908</ItemId>
    </Item>
    <Item>
      <PriceUpdateDate>2025-08-26 16:06:39</PriceUpdateDate>
      <ItemCode>8445291050396</ItemCode>
      <ItemType>1</ItemType>
      <ItemName>מטרנה מחית סלט פירות</ItemName>
      <ManufacturerName>לא ידוע</ManufacturerName>
      <ManufactureCountry>לא ידוע</ManufactureCountry>
      <ManufacturerItemDescription>מטרנה מחית סלט פירות</ManufacturerItemDescription>
      <UnitQty>לא ידוע</UnitQty>
      <Quantity>90.00</Quantity>
      <UnitOfMeasure>לא ידוע</UnitOfMeasure>
      <bIsWeighted>0</bIsWeighted>
      <QtyInPackage>לא ידוע</QtyInPackage>
      <ItemPrice>7.50</ItemPrice>
      <UnitOfMeasurePrice>0.0833</UnitOfMeasurePrice>
      <AllowDiscount>1</AllowDiscount>
      <ItemStatus>1</ItemStatus>
      <ItemId>247909</ItemId>
    </Item>
    <Item>
      <PriceUpdateDate>2025-08-26 16:06:40</PriceUpdateDate>
      <ItemCode>8445291107458</ItemCode>
      <ItemType>1</ItemType>
      <ItemName>מטרנה מחית תפוח בננה</ItemName>
      <ManufacturerName>לא ידוע</ManufacturerName>
      <ManufactureCountry>לא ידוע</ManufactureCountry>
      <ManufacturerItemDescription>מטרנה מחית תפוח בננה</ManufacturerItemDescription>
      <UnitQty>לא ידוע</UnitQty>
      <Quantity>90.00</Quantity>
      <UnitOfMeasure>לא ידוע</UnitOfMeasure>
      <bIsWeighted>0</bIsWeighted>
      <QtyInPackage>לא ידוע</QtyInPackage>
      <ItemPrice>7.50</ItemPrice>
      <UnitOfMeasurePrice>0.0833</UnitOfMeasurePrice>
      <AllowDiscount>1</AllowDiscount>
      <ItemStatus>1</ItemStatus>
      <ItemId>247910</ItemId>
    </Item>
    <Item>
      <PriceUpdateDate>2025-09-08 08:00:53</PriceUpdateDate>
      <ItemCode>7290119500581</ItemCode>
      <ItemType>1</ItemType>
      <ItemName>טוסו שוקולד חלב עם א</ItemName>
      <ManufacturerName>לא ידוע</ManufacturerName>
      <ManufactureCountry>לא ידוע</ManufactureCountry>
      <ManufacturerItemDescription>טוסו שוקולד חלב עם א</ManufacturerItemDescription>
      <UnitQty>לא ידוע</UnitQty>
      <Quantity>100.00</Quantity>
      <UnitOfMeasure>לא ידוע</UnitOfMeasure>
      <bIsWeighted>0</bIsWeighted>
      <QtyInPackage>לא ידוע</QtyInPackage>
      <ItemPrice>17.90</ItemPrice>
      <UnitOfMeasurePrice>0.1790</UnitOfMeasurePrice>
      <AllowDiscount>1</AllowDiscount>
      <ItemStatus>1</ItemStatus>
      <ItemId>251385</ItemId>
    </Item>
    <Item>
      <PriceUpdateDate>2025-11-02 11:36:12</PriceUpdateDate>
      <ItemCode>7290109924137</ItemCode>
      <ItemType>1</ItemType>
      <ItemName>אסטוניש קפסולות הפלא</ItemName>
      <ManufacturerName>לא ידוע</ManufacturerName>
      <ManufactureCountry>לא ידוע</ManufactureCountry>
      <ManufacturerItemDescription>אסטוניש קפסולות הפלא</ManufacturerItemDescription>
      <UnitQty>לא ידוע</UnitQty>
      <Quantity>630.00</Quantity>
      <UnitOfMeasure>לא ידוע</UnitOfMeasure>
      <bIsWeighted>0</bIsWeighted>
      <QtyInPackage>לא ידוע</QtyInPackage>
      <ItemPrice>57.90</ItemPrice>
      <UnitOfMeasurePrice>0.0919</UnitOfMeasurePrice>
      <AllowDiscount>1</AllowDiscount>
      <ItemStatus>1</ItemStatus>
      <ItemId>249679</ItemId>
    </Item>
    <Item>
      <PriceUpdateDate>2025-08-20 09:03:23</PriceUpdateDate>
      <ItemCode>4009900546164</ItemCode>
      <ItemType>1</ItemType>
      <ItemName>סוכריות סקיטלס ג`יינ</ItemName>
      <ManufacturerName>לא ידוע</ManufacturerName>
      <ManufactureCountry>לא ידוע</ManufactureCountry>
      <ManufacturerItemDescription>סוכריות סקיטלס ג`יינ</ManufacturerItemDescription>
      <UnitQty>לא ידוע</UnitQty>
      <Quantity>132.00</Quantity>
      <UnitOfMeasure>לא ידוע</UnitOfMeasure>
      <bIsWeighted>0</bIsWeighted>
      <QtyInPackage>לא ידוע</QtyInPackage>
      <ItemPrice>14.90</ItemPrice>
      <UnitOfMeasurePrice>0.1129</UnitOfMeasurePrice>
      <AllowDiscount>1</AllowDiscount>
      <ItemStatus>1</ItemStatus>
      <ItemId>247973</ItemId>
    </Item>
    <Item>
      <PriceUpdateDate>2025-04-20 08:35:12</PriceUpdateDate>
      <ItemCode>5000159557221</ItemCode>
      <ItemType>1</ItemType>
      <ItemName>טוויקס לבן בודד 46 ג</ItemName>
      <ManufacturerName>לא ידוע</ManufacturerName>
      <ManufactureCountry>לא ידוע</ManufactureCountry>
      <ManufacturerItemDescription>טוויקס לבן בודד 46 ג</ManufacturerItemDescription>
      <UnitQty>לא ידוע</UnitQty>
      <Quantity>46.00</Quantity>
      <UnitOfMeasure>לא ידוע</UnitOfMeasure>
      <bIsWeighted>0</bIsWeighted>
      <QtyInPackage>לא ידוע</QtyInPackage>
      <ItemPrice>5.90</ItemPrice>
      <UnitOfMeasurePrice>0.1283</UnitOfMeasurePrice>
      <AllowDiscount>1</AllowDiscount>
      <ItemStatus>1</ItemStatus>
      <ItemId>247974</ItemId>
    </Item>
    <Item>
      <PriceUpdateDate>2025-04-20 08:35:13</PriceUpdateDate>
      <ItemCode>5000159558792</ItemCode>
      <ItemType>1</ItemType>
      <ItemName>מרס חטיף בודד 51 גרם</ItemName>
      <ManufacturerName>לא ידוע</ManufacturerName>
      <ManufactureCountry>לא ידוע</ManufactureCountry>
      <ManufacturerItemDescription>מרס חטיף בודד 51 גרם</ManufacturerItemDescription>
      <UnitQty>לא ידוע</UnitQty>
      <Quantity>51.00</Quantity>
      <UnitOfMeasure>לא ידוע</UnitOfMeasure>
      <bIsWeighted>0</bIsWeighted>
      <QtyInPackage>לא ידוע</QtyInPackage>
      <ItemPrice>5.90</ItemPrice>
      <UnitOfMeasurePrice>0.1157</UnitOfMeasurePrice>
      <AllowDiscount>1</AllowDiscount>
      <ItemStatus>1</ItemStatus>
      <ItemId>247975</ItemId>
    </Item>
    <Item>
      <PriceUpdateDate>2025-04-20 08:35:14</PriceUpdateDate>
      <ItemCode>5000159559485</ItemCode>
      <ItemType>1</ItemType>
      <ItemName>טוויקס חטיף שוקולד 5</ItemName>
      <ManufacturerName>לא ידוע</ManufacturerName>
      <ManufactureCountry>לא ידוע</ManufactureCountry>
      <ManufacturerItemDescription>טוויקס חטיף שוקולד 5</ManufacturerItemDescription>
      <UnitQty>לא ידוע</UnitQty>
      <Quantity>50.00</Quantity>
      <UnitOfMeasure>לא ידוע</UnitOfMeasure>
      <bIsWeighted>0</bIsWeighted>
      <QtyInPackage>לא ידוע</QtyInPackage>
      <ItemPrice>5.90</ItemPrice>
      <UnitOfMeasurePrice>0.1180</UnitOfMeasurePrice>
      <AllowDiscount>1</AllowDiscount>
      <ItemStatus>1</ItemStatus>
      <ItemId>247976</ItemId>
    </Item>
    <Item>
      <PriceUpdateDate>2025-04-20 08:35:15</PriceUpdateDate>
      <ItemCode>5000159560511</ItemCode>
      <ItemType>1</ItemType>
      <ItemName>סניקרס חטיף בודד 50</ItemName>
      <ManufacturerName>לא ידוע</ManufacturerName>
      <ManufactureCountry>לא ידוע</ManufactureCountry>
      <ManufacturerItemDescription>סניקרס חטיף בודד 50</ManufacturerItemDescription>
      <UnitQty>לא ידוע</UnitQty>
      <Quantity>50.00</Quantity>
      <UnitOfMeasure>לא ידוע</UnitOfMeasure>
      <bIsWeighted>0</bIsWeighted>
      <QtyInPackage>לא ידוע</QtyInPackage>
      <ItemPrice>5.90</ItemPrice>
      <UnitOfMeasurePrice>0.1180</UnitOfMeasurePrice>
      <AllowDiscount>1</AllowDiscount>
      <ItemStatus>1</ItemStatus>
      <ItemId>247977</ItemId>
    </Item>
    <Item>
      <PriceUpdateDate>2025-04-20 08:35:17</PriceUpdateDate>
      <ItemCode>5000159561976</ItemCode>
      <ItemType>1</ItemType>
      <ItemName>באונטי חטיף בודד 57</ItemName>
      <ManufacturerName>קריות זול</ManufacturerName>
      <ManufactureCountry>לא ידוע</ManufactureCountry>
      <ManufacturerItemDescription>באונטי חטיף בודד 57</ManufacturerItemDescription>
      <UnitQty>לא ידוע</UnitQty>
      <Quantity>57.00</Quantity>
      <UnitOfMeasure>לא ידוע</UnitOfMeasure>
      <bIsWeighted>0</bIsWeighted>
      <QtyInPackage>לא ידוע</QtyInPackage>
      <ItemPrice>5.90</ItemPrice>
      <UnitOfMeasurePrice>0.1035</UnitOfMeasurePrice>
      <AllowDiscount>1</AllowDiscount>
      <ItemStatus>1</ItemStatus>
      <ItemId>247978</ItemId>
    </Item>
    <Item>
      <PriceUpdateDate>2025-08-26 16:05:40</PriceUpdateDate>
      <ItemCode>7290115209044</ItemCode>
      <ItemType>1</ItemType>
      <ItemName>מנה חמה מק צ'יז ספיי</ItemName>
      <ManufacturerName>לא ידוע</ManufacturerName>
      <ManufactureCountry>לא ידוע</ManufactureCountry>
      <ManufacturerItemDescription>מנה חמה מק צ'יז ספיי</ManufacturerItemDescription>
      <UnitQty>לא ידוע</UnitQty>
      <Quantity>59.00</Quantity>
      <UnitOfMeasure>לא ידוע</UnitOfMeasure>
      <bIsWeighted>0</bIsWeighted>
      <QtyInPackage>לא ידוע</QtyInPackage>
      <ItemPrice>11.90</ItemPrice>
      <UnitOfMeasurePrice>0.2017</UnitOfMeasurePrice>
      <AllowDiscount>1</AllowDiscount>
      <ItemStatus>1</ItemStatus>
      <ItemId>247986</ItemId>
    </Item>
    <Item>
      <PriceUpdateDate>2024-12-23 10:32:16</PriceUpdateDate>
      <ItemCode>7290112005960</ItemCode>
      <ItemType>1</ItemType>
      <ItemName>פיניש קפסולות אולטימ</ItemName>
      <ManufacturerName>לא ידוע</ManufacturerName>
      <ManufactureCountry>לא ידוע</ManufactureCountry>
      <ManufacturerItemDescription>פיניש קפסולות אולטימ</ManufacturerItemDescription>
      <UnitQty>לא ידוע</UnitQty>
      <Quantity>25.00</Quantity>
      <UnitOfMeasure>לא ידוע</UnitOfMeasure>
      <bIsWeighted>0</bIsWeighted>
      <QtyInPackage>לא ידוע</QtyInPackage>
      <ItemPrice>45.90</ItemPrice>
      <UnitOfMeasurePrice>1.8360</UnitOfMeasurePrice>
      <AllowDiscount>1</AllowDiscount>
      <ItemStatus>1</ItemStatus>
      <ItemId>248002</ItemId>
    </Item>
    <Item>
      <PriceUpdateDate>2025-09-08 07:54:58</PriceUpdateDate>
      <ItemCode>7290018213339</ItemCode>
      <ItemType>1</ItemType>
      <ItemName>מארז 4 כריות יפניות+</ItemName>
      <ManufacturerName>פריטי המותג של יאיר</ManufacturerName>
      <ManufactureCountry>לא ידוע</ManufactureCountry>
      <ManufacturerItemDescription>מארז 4 כריות יפניות+</ManufacturerItemDescription>
      <UnitQty>יחידה   </UnitQty>
      <Quantity>0.00</Quantity>
      <UnitOfMeasure>יחידה   </UnitOfMeasure>
      <bIsWeighted>0</bIsWeighted>
      <QtyInPackage>לא ידוע</QtyInPackage>
      <ItemPrice>16.90</ItemPrice>
      <UnitOfMeasurePrice>0.0000</UnitOfMeasurePrice>
      <AllowDiscount>1</AllowDiscount>
      <ItemStatus>1</ItemStatus>
      <ItemId>248011</ItemId>
    </Item>
    <Item>
      <PriceUpdateDate>2025-08-19 11:28:03</PriceUpdateDate>
      <ItemCode>7290002900344</ItemCode>
      <ItemType>1</ItemType>
      <ItemName>נקניקיות עוף ענק 480</ItemName>
      <ManufacturerName>לא ידוע</ManufacturerName>
      <ManufactureCountry>לא ידוע</ManufactureCountry>
      <ManufacturerItemDescription>נקניקיות עוף ענק 480</ManufacturerItemDescription>
      <UnitQty>לא ידוע</UnitQty>
      <Quantity>480.00</Quantity>
      <UnitOfMeasure>לא ידוע</UnitOfMeasure>
      <bIsWeighted>0</bIsWeighted>
      <QtyInPackage>לא ידוע</QtyInPackage>
      <ItemPrice>19.90</ItemPrice>
      <UnitOfMeasurePrice>0.0415</UnitOfMeasurePrice>
      <AllowDiscount>1</AllowDiscount>
      <ItemStatus>1</ItemStatus>
      <ItemId>248059</ItemId>
    </Item>
    <Item>
      <PriceUpdateDate>2024-12-31 12:20:13</PriceUpdateDate>
      <ItemCode>7290116934020</ItemCode>
      <ItemType>1</ItemType>
      <ItemName>יוגורט חלבון גו בטעם</ItemName>
      <ManufacturerName>לא ידוע</ManufacturerName>
      <ManufactureCountry>ישראל</ManufactureCountry>
      <ManufacturerItemDescription>יוגורט חלבון גו בטעם</ManufacturerItemDescription>
      <UnitQty>לא ידוע</UnitQty>
      <Quantity>157.00</Quantity>
      <UnitOfMeasure>לא ידוע</UnitOfMeasure>
      <bIsWeighted>0</bIsWeighted>
      <QtyInPackage>לא ידוע</QtyInPackage>
      <ItemPrice>6.90</ItemPrice>
      <UnitOfMeasurePrice>0.0439</UnitOfMeasurePrice>
      <AllowDiscount>1</AllowDiscount>
      <ItemStatus>1</ItemStatus>
      <ItemId>248062</ItemId>
    </Item>
    <Item>
      <PriceUpdateDate>2025-08-26 11:48:58</PriceUpdateDate>
      <ItemCode>7290116933191</ItemCode>
      <ItemType>1</ItemType>
      <ItemName>משקה חלב גו בטעם קפה</ItemName>
      <ManufacturerName>קריות זול</ManufacturerName>
      <ManufactureCountry>לא ידוע</ManufactureCountry>
      <ManufacturerItemDescription>משקה חלב גו בטעם קפה</ManufacturerItemDescription>
      <UnitQty>לא ידוע</UnitQty>
      <Quantity>340.00</Quantity>
      <UnitOfMeasure>לא ידוע</UnitOfMeasure>
      <bIsWeighted>0</bIsWeighted>
      <QtyInPackage>לא ידוע</QtyInPackage>
      <ItemPrice>10.50</ItemPrice>
      <UnitOfMeasurePrice>0.0309</UnitOfMeasurePrice>
      <AllowDiscount>1</AllowDiscount>
      <ItemStatus>1</ItemStatus>
      <ItemId>248065</ItemId>
    </Item>
    <Item>
      <PriceUpdateDate>2025-08-26 11:49:25</PriceUpdateDate>
      <ItemCode>7290116934327</ItemCode>
      <ItemType>1</ItemType>
      <ItemName>אייס קפה שיבולת שועל</ItemName>
      <ManufacturerName>לא ידוע</ManufacturerName>
      <ManufactureCountry>ישראל</ManufactureCountry>
      <ManufacturerItemDescription>אייס קפה שיבולת שועל</ManufacturerItemDescription>
      <UnitQty>לא ידוע</UnitQty>
      <Quantity>1000.00</Quantity>
      <UnitOfMeasure>לא ידוע</UnitOfMeasure>
      <bIsWeighted>0</bIsWeighted>
      <QtyInPackage>לא ידוע</QtyInPackage>
      <ItemPrice>15.90</ItemPrice>
      <UnitOfMeasurePrice>0.0159</UnitOfMeasurePrice>
      <AllowDiscount>1</AllowDiscount>
      <ItemStatus>1</ItemStatus>
      <ItemId>248069</ItemId>
    </Item>
    <Item>
      <PriceUpdateDate>2025-08-26 10:33:42</PriceUpdateDate>
      <ItemCode>7290018989333</ItemCode>
      <ItemType>1</ItemType>
      <ItemName>רסק עגבניות טבעי 100</ItemName>
      <ManufacturerName>לא ידוע</ManufacturerName>
      <ManufactureCountry>לא ידוע</ManufactureCountry>
      <ManufacturerItemDescription>רסק עגבניות טבעי 100</ManufacturerItemDescription>
      <UnitQty>לא ידוע</UnitQty>
      <Quantity>100.00</Quantity>
      <UnitOfMeasure>לא ידוע</UnitOfMeasure>
      <bIsWeighted>0</bIsWeighted>
      <QtyInPackage>לא ידוע</QtyInPackage>
      <ItemPrice>3.90</ItemPrice>
      <UnitOfMeasurePrice>0.0390</UnitOfMeasurePrice>
      <AllowDiscount>1</AllowDiscount>
      <ItemStatus>1</ItemStatus>
      <ItemId>248075</ItemId>
    </Item>
    <Item>
      <PriceUpdateDate>2024-12-31 12:22:25</PriceUpdateDate>
      <ItemCode>8718951618640</ItemCode>
      <ItemType>1</ItemType>
      <ItemName>קולגייט טוטאל משחת ש</ItemName>
      <ManufacturerName>לא ידוע</ManufacturerName>
      <ManufactureCountry>לא ידוע</ManufactureCountry>
      <ManufacturerItemDescription>קולגייט טוטאל משחת ש</ManufacturerItemDescription>
      <UnitQty>לא ידוע</UnitQty>
      <Quantity>75.00</Quantity>
      <UnitOfMeasure>לא ידוע</UnitOfMeasure>
      <bIsWeighted>0</bIsWeighted>
      <QtyInPackage>לא ידוע</QtyInPackage>
      <ItemPrice>16.90</ItemPrice>
      <UnitOfMeasurePrice>0.2253</UnitOfMeasurePrice>
      <AllowDiscount>1</AllowDiscount>
      <ItemStatus>1</ItemStatus>
      <ItemId>248092</ItemId>
    </Item>
    <Item>
      <PriceUpdateDate>2025-08-19 09:35:17</PriceUpdateDate>
      <ItemCode>5200133120926</ItemCode>
      <ItemType>1</ItemType>
      <ItemName>גליליות וופלים אגוזי</ItemName>
      <ManufacturerName>לא ידוע</ManufacturerName>
      <ManufactureCountry>לא ידוע</ManufactureCountry>
      <ManufacturerItemDescription>גליליות וופלים אגוזי</ManufacturerItemDescription>
      <UnitQty>לא ידוע</UnitQty>
      <Quantity>400.00</Quantity>
      <UnitOfMeasure>לא ידוע</UnitOfMeasure>
      <bIsWeighted>0</bIsWeighted>
      <QtyInPackage>לא ידוע</QtyInPackage>
      <ItemPrice>19.90</ItemPrice>
      <UnitOfMeasurePrice>0.0497</UnitOfMeasurePrice>
      <AllowDiscount>1</AllowDiscount>
      <ItemStatus>1</ItemStatus>
      <ItemId>248101</ItemId>
    </Item>
    <Item>
      <PriceUpdateDate>2025-08-19 09:35:18</PriceUpdateDate>
      <ItemCode>5200133120933</ItemCode>
      <ItemType>1</ItemType>
      <ItemName>גליליות וופלים וניל</ItemName>
      <ManufacturerName>לא ידוע</ManufacturerName>
      <ManufactureCountry>לא ידוע</ManufactureCountry>
      <ManufacturerItemDescription>גליליות וופלים וניל</ManufacturerItemDescription>
      <UnitQty>לא ידוע</UnitQty>
      <Quantity>400.00</Quantity>
      <UnitOfMeasure>לא ידוע</UnitOfMeasure>
      <bIsWeighted>0</bIsWeighted>
      <QtyInPackage>לא ידוע</QtyInPackage>
      <ItemPrice>19.90</ItemPrice>
      <UnitOfMeasurePrice>0.0497</UnitOfMeasurePrice>
      <AllowDiscount>1</AllowDiscount>
      <ItemStatus>1</ItemStatus>
      <ItemId>248102</ItemId>
    </Item>
    <Item>
      <PriceUpdateDate>2024-06-26 08:01:19</PriceUpdateDate>
      <ItemCode>7613036965248</ItemCode>
      <ItemType>1</ItemType>
      <ItemName>פריסקיז פאוצ' הודו ב</ItemName>
      <ManufacturerName>לא ידוע</ManufacturerName>
      <ManufactureCountry>לא ידוע</ManufactureCountry>
      <ManufacturerItemDescription>פריסקיז פאוצ' הודו ב</ManufacturerItemDescription>
      <UnitQty>לא ידוע</UnitQty>
      <Quantity>85.00</Quantity>
      <UnitOfMeasure>לא ידוע</UnitOfMeasure>
      <bIsWeighted>0</bIsWeighted>
      <QtyInPackage>לא ידוע</QtyInPackage>
      <ItemPrice>5.90</ItemPrice>
      <UnitOfMeasurePrice>0.0694</UnitOfMeasurePrice>
      <AllowDiscount>1</AllowDiscount>
      <ItemStatus>1</ItemStatus>
      <ItemId>248132</ItemId>
    </Item>
    <Item>
      <PriceUpdateDate>2025-08-20 09:03:24</PriceUpdateDate>
      <ItemCode>5000159555692</ItemCode>
      <ItemType>1</ItemType>
      <ItemName>מלטיזרס 135 גרם</ItemName>
      <ManufacturerName>לא ידוע</ManufacturerName>
      <ManufactureCountry>לא ידוע</ManufactureCountry>
      <ManufacturerItemDescription>מלטיזרס 135 גרם</ManufacturerItemDescription>
      <UnitQty>יחידה   </UnitQty>
      <Quantity>0.00</Quantity>
      <UnitOfMeasure>יחידה   </UnitOfMeasure>
      <bIsWeighted>0</bIsWeighted>
      <QtyInPackage>לא ידוע</QtyInPackage>
      <ItemPrice>17.90</ItemPrice>
      <UnitOfMeasurePrice>0.0000</UnitOfMeasurePrice>
      <AllowDiscount>1</AllowDiscount>
      <ItemStatus>1</ItemStatus>
      <ItemId>248186</ItemId>
    </Item>
    <Item>
      <PriceUpdateDate>2025-08-20 09:03:25</PriceUpdateDate>
      <ItemCode>5000159560474</ItemCode>
      <ItemType>1</ItemType>
      <ItemName>מלטיזרס 37 גרם</ItemName>
      <ManufacturerName>לא ידוע</ManufacturerName>
      <ManufactureCountry>לא ידוע</ManufactureCountry>
      <ManufacturerItemDescription>מלטיזרס 37 גרם</ManufacturerItemDescription>
      <UnitQty>לא ידוע</UnitQty>
      <Quantity>37.00</Quantity>
      <UnitOfMeasure>לא ידוע</UnitOfMeasure>
      <bIsWeighted>0</bIsWeighted>
      <QtyInPackage>לא ידוע</QtyInPackage>
      <ItemPrice>6.50</ItemPrice>
      <UnitOfMeasurePrice>0.1757</UnitOfMeasurePrice>
      <AllowDiscount>1</AllowDiscount>
      <ItemStatus>1</ItemStatus>
      <ItemId>248187</ItemId>
    </Item>
    <Item>
      <PriceUpdateDate>2025-12-05 11:14:13</PriceUpdateDate>
      <ItemCode>7290001053683</ItemCode>
      <ItemType>1</ItemType>
      <ItemName>סטייק אנטריקוט צרכני</ItemName>
      <ManufacturerName>לא ידוע</ManufacturerName>
      <ManufactureCountry>לא ידוע</ManufactureCountry>
      <ManufacturerItemDescription>סטייק אנטריקוט צרכני</ManufacturerItemDescription>
      <UnitQty>קילוגרמים</UnitQty>
      <Quantity>1.00</Quantity>
      <UnitOfMeasure>ק"ג</UnitOfMeasure>
      <bIsWeighted>1</bIsWeighted>
      <QtyInPackage>לא ידוע</QtyInPackage>
      <ItemPrice>84.90</ItemPrice>
      <UnitOfMeasurePrice>84.9000</UnitOfMeasurePrice>
      <AllowDiscount>1</AllowDiscount>
      <ItemStatus>1</ItemStatus>
      <ItemId>248196</ItemId>
    </Item>
    <Item>
      <PriceUpdateDate>2025-08-27 12:27:35</PriceUpdateDate>
      <ItemCode>3666140029478</ItemCode>
      <ItemType>1</ItemType>
      <ItemName>יין רוזה דה פאייל 75</ItemName>
      <ManufacturerName>לא ידוע</ManufacturerName>
      <ManufactureCountry>לא ידוע</ManufactureCountry>
      <ManufacturerItemDescription>יין רוזה דה פאייל 75</ManufacturerItemDescription>
      <UnitQty>לא ידוע</UnitQty>
      <Quantity>750.00</Quantity>
      <UnitOfMeasure>לא ידוע</UnitOfMeasure>
      <bIsWeighted>0</bIsWeighted>
      <QtyInPackage>לא ידוע</QtyInPackage>
      <ItemPrice>80.90</ItemPrice>
      <UnitOfMeasurePrice>0.1079</UnitOfMeasurePrice>
      <AllowDiscount>1</AllowDiscount>
      <ItemStatus>1</ItemStatus>
      <ItemId>248218</ItemId>
    </Item>
    <Item>
      <PriceUpdateDate>2025-08-26 16:06:42</PriceUpdateDate>
      <ItemCode>8445291298729</ItemCode>
      <ItemType>1</ItemType>
      <ItemName>טומי מיונז אמיתי 170</ItemName>
      <ManufacturerName>לא ידוע</ManufacturerName>
      <ManufactureCountry>לא ידוע</ManufactureCountry>
      <ManufacturerItemDescription>טומי מיונז אמיתי 170</ManufacturerItemDescription>
      <UnitQty>לא ידוע</UnitQty>
      <Quantity>170.00</Quantity>
      <UnitOfMeasure>לא ידוע</UnitOfMeasure>
      <bIsWeighted>0</bIsWeighted>
      <QtyInPackage>לא ידוע</QtyInPackage>
      <ItemPrice>16.90</ItemPrice>
      <UnitOfMeasurePrice>0.0994</UnitOfMeasurePrice>
      <AllowDiscount>1</AllowDiscount>
      <ItemStatus>1</ItemStatus>
      <ItemId>248241</ItemId>
    </Item>
    <Item>
      <PriceUpdateDate>2025-09-04 11:41:10</PriceUpdateDate>
      <ItemCode>7290109354972</ItemCode>
      <ItemType>1</ItemType>
      <ItemName>פתיבר ללא גלוטן קלאס</ItemName>
      <ManufacturerName>לא ידוע</ManufacturerName>
      <ManufactureCountry>לא ידוע</ManufactureCountry>
      <ManufacturerItemDescription>פתיבר ללא גלוטן קלאס</ManufacturerItemDescription>
      <UnitQty>לא ידוע</UnitQty>
      <Quantity>200.00</Quantity>
      <UnitOfMeasure>לא ידוע</UnitOfMeasure>
      <bIsWeighted>0</bIsWeighted>
      <QtyInPackage>לא ידוע</QtyInPackage>
      <ItemPrice>13.90</ItemPrice>
      <UnitOfMeasurePrice>0.0695</UnitOfMeasurePrice>
      <AllowDiscount>1</AllowDiscount>
      <ItemStatus>1</ItemStatus>
      <ItemId>248269</ItemId>
    </Item>
    <Item>
      <PriceUpdateDate>2025-08-26 16:05:26</PriceUpdateDate>
      <ItemCode>7290115202847</ItemCode>
      <ItemType>1</ItemType>
      <ItemName>מנה חמה פאוצ נודלס ס</ItemName>
      <ManufacturerName>לא ידוע</ManufacturerName>
      <ManufactureCountry>לא ידוע</ManufactureCountry>
      <ManufacturerItemDescription>מנה חמה פאוצ נודלס ס</ManufacturerItemDescription>
      <UnitQty>יחידה   </UnitQty>
      <Quantity>0.00</Quantity>
      <UnitOfMeasure>יחידה   </UnitOfMeasure>
      <bIsWeighted>0</bIsWeighted>
      <QtyInPackage>לא ידוע</QtyInPackage>
      <ItemPrice>7.90</ItemPrice>
      <UnitOfMeasurePrice>0.0000</UnitOfMeasurePrice>
      <AllowDiscount>1</AllowDiscount>
      <ItemStatus>1</ItemStatus>
      <ItemId>248273</ItemId>
    </Item>
    <Item>
      <PriceUpdateDate>2025-11-02 11:36:12</PriceUpdateDate>
      <ItemCode>7290109923550</ItemCode>
      <ItemType>1</ItemType>
      <ItemName>אסטוניש אבקת הפלא מס</ItemName>
      <ManufacturerName>לא ידוע</ManufacturerName>
      <ManufactureCountry>לא ידוע</ManufactureCountry>
      <ManufacturerItemDescription>אסטוניש אבקת הפלא מס</ManufacturerItemDescription>
      <UnitQty>לא ידוע</UnitQty>
      <Quantity>625.00</Quantity>
      <UnitOfMeasure>לא ידוע</UnitOfMeasure>
      <bIsWeighted>0</bIsWeighted>
      <QtyInPackage>לא ידוע</QtyInPackage>
      <ItemPrice>24.90</ItemPrice>
      <UnitOfMeasurePrice>0.0398</UnitOfMeasurePrice>
      <AllowDiscount>1</AllowDiscount>
      <ItemStatus>1</ItemStatus>
      <ItemId>248306</ItemId>
    </Item>
    <Item>
      <PriceUpdateDate>2025-09-07 10:43:32</PriceUpdateDate>
      <ItemCode>7290109923987</ItemCode>
      <ItemType>1</ItemType>
      <ItemName>אסטוניש פרימיום בקרם</ItemName>
      <ManufacturerName>לא ידוע</ManufacturerName>
      <ManufactureCountry>לא ידוע</ManufactureCountry>
      <ManufacturerItemDescription>אסטוניש פרימיום בקרם</ManufacturerItemDescription>
      <UnitQty>לא ידוע</UnitQty>
      <Quantity>500.00</Quantity>
      <UnitOfMeasure>לא ידוע</UnitOfMeasure>
      <bIsWeighted>0</bIsWeighted>
      <QtyInPackage>לא ידוע</QtyInPackage>
      <ItemPrice>21.90</ItemPrice>
      <UnitOfMeasurePrice>0.0438</UnitOfMeasurePrice>
      <AllowDiscount>1</AllowDiscount>
      <ItemStatus>1</ItemStatus>
      <ItemId>248308</ItemId>
    </Item>
    <Item>
      <PriceUpdateDate>2025-09-07 10:43:33</PriceUpdateDate>
      <ItemCode>7290109924038</ItemCode>
      <ItemType>1</ItemType>
      <ItemName>אסטוניש רסס כבס אוקס</ItemName>
      <ManufacturerName>קריות זול</ManufacturerName>
      <ManufactureCountry>לא ידוע</ManufactureCountry>
      <ManufacturerItemDescription>אסטוניש רסס כבס אוקס</ManufacturerItemDescription>
      <UnitQty>לא ידוע</UnitQty>
      <Quantity>750.00</Quantity>
      <UnitOfMeasure>לא ידוע</UnitOfMeasure>
      <bIsWeighted>0</bIsWeighted>
      <QtyInPackage>לא ידוע</QtyInPackage>
      <ItemPrice>21.90</ItemPrice>
      <UnitOfMeasurePrice>0.0292</UnitOfMeasurePrice>
      <AllowDiscount>1</AllowDiscount>
      <ItemStatus>1</ItemStatus>
      <ItemId>248311</ItemId>
    </Item>
    <Item>
      <PriceUpdateDate>2025-09-07 10:43:31</PriceUpdateDate>
      <ItemCode>7290109923888</ItemCode>
      <ItemType>1</ItemType>
      <ItemName>סבוני אסלה בשרשרת בר</ItemName>
      <ManufacturerName>לא ידוע</ManufacturerName>
      <ManufactureCountry>לא ידוע</ManufactureCountry>
      <ManufacturerItemDescription>סבוני אסלה בשרשרת בר</ManufacturerItemDescription>
      <UnitQty>יחידה   </UnitQty>
      <Quantity>0.00</Quantity>
      <UnitOfMeasure>יחידה   </UnitOfMeasure>
      <bIsWeighted>0</bIsWeighted>
      <QtyInPackage>לא ידוע</QtyInPackage>
      <ItemPrice>14.90</ItemPrice>
      <UnitOfMeasurePrice>0.0000</UnitOfMeasurePrice>
      <AllowDiscount>1</AllowDiscount>
      <ItemStatus>1</ItemStatus>
      <ItemId>248314</ItemId>
    </Item>
    <Item>
      <PriceUpdateDate>2025-09-07 10:43:31</PriceUpdateDate>
      <ItemCode>7290109923895</ItemCode>
      <ItemType>1</ItemType>
      <ItemName>סבוני אסלה בשרשרת בר</ItemName>
      <ManufacturerName>לא ידוע</ManufacturerName>
      <ManufactureCountry>לא ידוע</ManufactureCountry>
      <ManufacturerItemDescription>סבוני אסלה בשרשרת בר</ManufacturerItemDescription>
      <UnitQty>יחידה   </UnitQty>
      <Quantity>0.00</Quantity>
      <UnitOfMeasure>יחידה   </UnitOfMeasure>
      <bIsWeighted>0</bIsWeighted>
      <QtyInPackage>לא ידוע</QtyInPackage>
      <ItemPrice>14.90</ItemPrice>
      <UnitOfMeasurePrice>0.0000</UnitOfMeasurePrice>
      <AllowDiscount>1</AllowDiscount>
      <ItemStatus>1</ItemStatus>
      <ItemId>248315</ItemId>
    </Item>
    <Item>
      <PriceUpdateDate>2025-09-08 07:57:36</PriceUpdateDate>
      <ItemCode>8420822132444</ItemCode>
      <ItemType>1</ItemType>
      <ItemName>סופר מסיר כתמים KH-7</ItemName>
      <ManufacturerName>קריות זול</ManufacturerName>
      <ManufactureCountry>לא ידוע</ManufactureCountry>
      <ManufacturerItemDescription>סופר מסיר כתמים KH-7</ManufacturerItemDescription>
      <UnitQty>לא ידוע</UnitQty>
      <Quantity>750.00</Quantity>
      <UnitOfMeasure>לא ידוע</UnitOfMeasure>
      <bIsWeighted>0</bIsWeighted>
      <QtyInPackage>לא ידוע</QtyInPackage>
      <ItemPrice>26.90</ItemPrice>
      <UnitOfMeasurePrice>0.0359</UnitOfMeasurePrice>
      <AllowDiscount>1</AllowDiscount>
      <ItemStatus>1</ItemStatus>
      <ItemId>248316</ItemId>
    </Item>
    <Item>
      <PriceUpdateDate>2025-09-07 10:43:27</PriceUpdateDate>
      <ItemCode>7290109923178</ItemCode>
      <ItemType>1</ItemType>
      <ItemName>אסטוניש טבליות הפלא</ItemName>
      <ManufacturerName>לא ידוע</ManufacturerName>
      <ManufactureCountry>לא ידוע</ManufactureCountry>
      <ManufacturerItemDescription>אסטוניש טבליות הפלא</ManufacturerItemDescription>
      <UnitQty>לא ידוע</UnitQty>
      <Quantity>200.00</Quantity>
      <UnitOfMeasure>לא ידוע</UnitOfMeasure>
      <bIsWeighted>0</bIsWeighted>
      <QtyInPackage>לא ידוע</QtyInPackage>
      <ItemPrice>21.90</ItemPrice>
      <UnitOfMeasurePrice>0.1095</UnitOfMeasurePrice>
      <AllowDiscount>1</AllowDiscount>
      <ItemStatus>1</ItemStatus>
      <ItemId>248328</ItemId>
    </Item>
    <Item>
      <PriceUpdateDate>2025-09-03 13:38:24</PriceUpdateDate>
      <ItemCode>7290119377152</ItemCode>
      <ItemType>1</ItemType>
      <ItemName>אצבעות שוקולד סוכריו</ItemName>
      <ManufacturerName>לא ידוע</ManufacturerName>
      <ManufactureCountry>לא ידוע</ManufactureCountry>
      <ManufacturerItemDescription>אצבעות שוקולד סוכריו</ManufacturerItemDescription>
      <UnitQty>לא ידוע</UnitQty>
      <Quantity>252.00</Quantity>
      <UnitOfMeasure>לא ידוע</UnitOfMeasure>
      <bIsWeighted>0</bIsWeighted>
      <QtyInPackage>לא ידוע</QtyInPackage>
      <ItemPrice>25.90</ItemPrice>
      <UnitOfMeasurePrice>0.1028</UnitOfMeasurePrice>
      <AllowDiscount>1</AllowDiscount>
      <ItemStatus>1</ItemStatus>
      <ItemId>248331</ItemId>
    </Item>
    <Item>
      <PriceUpdateDate>2025-09-03 13:38:20</PriceUpdateDate>
      <ItemCode>7290119374045</ItemCode>
      <ItemType>1</ItemType>
      <ItemName>קפסולות טורקי למכונו</ItemName>
      <ManufacturerName>לא ידוע</ManufacturerName>
      <ManufactureCountry>לא ידוע</ManufactureCountry>
      <ManufacturerItemDescription>קפסולות טורקי למכונו</ManufacturerItemDescription>
      <UnitQty>לא ידוע</UnitQty>
      <Quantity>50.00</Quantity>
      <UnitOfMeasure>לא ידוע</UnitOfMeasure>
      <bIsWeighted>0</bIsWeighted>
      <QtyInPackage>לא ידוע</QtyInPackage>
      <ItemPrice>21.90</ItemPrice>
      <UnitOfMeasurePrice>0.4380</UnitOfMeasurePrice>
      <AllowDiscount>1</AllowDiscount>
      <ItemStatus>1</ItemStatus>
      <ItemId>248334</ItemId>
    </Item>
    <Item>
      <PriceUpdateDate>2025-09-08 07:59:43</PriceUpdateDate>
      <ItemCode>7290120870055</ItemCode>
      <ItemType>1</ItemType>
      <ItemName>טרו קונפיטורת דובדבן</ItemName>
      <ManufacturerName>לא ידוע</ManufacturerName>
      <ManufactureCountry>לא ידוע</ManufactureCountry>
      <ManufacturerItemDescription>טרו קונפיטורת דובדבן</ManufacturerItemDescription>
      <UnitQty>לא ידוע</UnitQty>
      <Quantity>250.00</Quantity>
      <UnitOfMeasure>לא ידוע</UnitOfMeasure>
      <bIsWeighted>0</bIsWeighted>
      <QtyInPackage>לא ידוע</QtyInPackage>
      <ItemPrice>19.90</ItemPrice>
      <UnitOfMeasurePrice>0.0796</UnitOfMeasurePrice>
      <AllowDiscount>1</AllowDiscount>
      <ItemStatus>1</ItemStatus>
      <ItemId>248338</ItemId>
    </Item>
    <Item>
      <PriceUpdateDate>2025-09-09 13:20:47</PriceUpdateDate>
      <ItemCode>7290113560475</ItemCode>
      <ItemType>1</ItemType>
      <ItemName>פרודונטקס שיקום חניכ</ItemName>
      <ManufacturerName>לא ידוע</ManufacturerName>
      <ManufactureCountry>לא ידוע</ManufactureCountry>
      <ManufacturerItemDescription>פרודונטקס שיקום חניכ</ManufacturerItemDescription>
      <UnitQty>לא ידוע</UnitQty>
      <Quantity>75.00</Quantity>
      <UnitOfMeasure>לא ידוע</UnitOfMeasure>
      <bIsWeighted>0</bIsWeighted>
      <QtyInPackage>לא ידוע</QtyInPackage>
      <ItemPrice>36.90</ItemPrice>
      <UnitOfMeasurePrice>0.4920</UnitOfMeasurePrice>
      <AllowDiscount>1</AllowDiscount>
      <ItemStatus>1</ItemStatus>
      <ItemId>248340</ItemId>
    </Item>
    <Item>
      <PriceUpdateDate>2025-12-17 12:37:02</PriceUpdateDate>
      <ItemCode>7290119375233</ItemCode>
      <ItemType>1</ItemType>
      <ItemName>סימפוניה 16% עם זיתי</ItemName>
      <ManufacturerName>לא ידוע</ManufacturerName>
      <ManufactureCountry>לא ידוע</ManufactureCountry>
      <ManufacturerItemDescription>סימפוניה 16% עם זיתי</ManufacturerItemDescription>
      <UnitQty>לא ידוע</UnitQty>
      <Quantity>200.00</Quantity>
      <UnitOfMeasure>לא ידוע</UnitOfMeasure>
      <bIsWeighted>0</bIsWeighted>
      <QtyInPackage>לא ידוע</QtyInPackage>
      <ItemPrice>13.90</ItemPrice>
      <UnitOfMeasurePrice>0.0695</UnitOfMeasurePrice>
      <AllowDiscount>1</AllowDiscount>
      <ItemStatus>1</ItemStatus>
      <ItemId>248355</ItemId>
    </Item>
    <Item>
      <PriceUpdateDate>2025-08-26 11:14:35</PriceUpdateDate>
      <ItemCode>7290119377480</ItemCode>
      <ItemType>1</ItemType>
      <ItemName>פרו קראנצ' במתיקות מ</ItemName>
      <ManufacturerName>לא ידוע</ManufacturerName>
      <ManufactureCountry>לא ידוע</ManufactureCountry>
      <ManufacturerItemDescription>פרו קראנצ' במתיקות מ</ManufacturerItemDescription>
      <UnitQty>לא ידוע</UnitQty>
      <Quantity>173.00</Quantity>
      <UnitOfMeasure>לא ידוע</UnitOfMeasure>
      <bIsWeighted>0</bIsWeighted>
      <QtyInPackage>לא ידוע</QtyInPackage>
      <ItemPrice>8.10</ItemPrice>
      <UnitOfMeasurePrice>0.0468</UnitOfMeasurePrice>
      <AllowDiscount>1</AllowDiscount>
      <ItemStatus>1</ItemStatus>
      <ItemId>248357</ItemId>
    </Item>
    <Item>
      <PriceUpdateDate>2025-09-07 08:01:24</PriceUpdateDate>
      <ItemCode>8005110171215</ItemCode>
      <ItemType>1</ItemType>
      <ItemName>עגבניות חתוכות במיץ</ItemName>
      <ManufacturerName>לא ידוע</ManufacturerName>
      <ManufactureCountry>לא ידוע</ManufactureCountry>
      <ManufacturerItemDescription>עגבניות חתוכות במיץ</ManufacturerItemDescription>
      <UnitQty>יחידה   </UnitQty>
      <Quantity>0.00</Quantity>
      <UnitOfMeasure>יחידה   </UnitOfMeasure>
      <bIsWeighted>0</bIsWeighted>
      <QtyInPackage>לא ידוע</QtyInPackage>
      <ItemPrice>18.90</ItemPrice>
      <UnitOfMeasurePrice>0.0000</UnitOfMeasurePrice>
      <AllowDiscount>1</AllowDiscount>
      <ItemStatus>1</ItemStatus>
      <ItemId>248382</ItemId>
    </Item>
    <Item>
      <PriceUpdateDate>2025-09-03 11:28:27</PriceUpdateDate>
      <ItemCode>7290116535777</ItemCode>
      <ItemType>1</ItemType>
      <ItemName>נמס בכוס קנור סחלב 5</ItemName>
      <ManufacturerName>לא ידוע</ManufacturerName>
      <ManufactureCountry>לא ידוע</ManufactureCountry>
      <ManufacturerItemDescription>נמס בכוס קנור סחלב 5</ManufacturerItemDescription>
      <UnitQty>לא ידוע</UnitQty>
      <Quantity>50.00</Quantity>
      <UnitOfMeasure>לא ידוע</UnitOfMeasure>
      <bIsWeighted>0</bIsWeighted>
      <QtyInPackage>לא ידוע</QtyInPackage>
      <ItemPrice>9.20</ItemPrice>
      <UnitOfMeasurePrice>0.1840</UnitOfMeasurePrice>
      <AllowDiscount>1</AllowDiscount>
      <ItemStatus>1</ItemStatus>
      <ItemId>248406</ItemId>
    </Item>
    <Item>
      <PriceUpdateDate>2025-09-03 11:28:32</PriceUpdateDate>
      <ItemCode>7290116536255</ItemCode>
      <ItemType>1</ItemType>
      <ItemName>עוגי 500 גרם</ItemName>
      <ManufacturerName>לא ידוע</ManufacturerName>
      <ManufactureCountry>לא ידוע</ManufactureCountry>
      <ManufacturerItemDescription>עוגי 500 גרם</ManufacturerItemDescription>
      <UnitQty>לא ידוע</UnitQty>
      <Quantity>500.00</Quantity>
      <UnitOfMeasure>לא ידוע</UnitOfMeasure>
      <bIsWeighted>0</bIsWeighted>
      <QtyInPackage>לא ידוע</QtyInPackage>
      <ItemPrice>29.90</ItemPrice>
      <UnitOfMeasurePrice>0.0598</UnitOfMeasurePrice>
      <AllowDiscount>1</AllowDiscount>
      <ItemStatus>1</ItemStatus>
      <ItemId>248408</ItemId>
    </Item>
    <Item>
      <PriceUpdateDate>2025-09-03 11:28:31</PriceUpdateDate>
      <ItemCode>7290116536002</ItemCode>
      <ItemType>1</ItemType>
      <ItemName>רוטב שום ודבש קנור 3</ItemName>
      <ManufacturerName>קריות זול</ManufacturerName>
      <ManufactureCountry>לא ידוע</ManufactureCountry>
      <ManufacturerItemDescription>רוטב שום ודבש קנור 3</ManufacturerItemDescription>
      <UnitQty>לא ידוע</UnitQty>
      <Quantity>340.00</Quantity>
      <UnitOfMeasure>לא ידוע</UnitOfMeasure>
      <bIsWeighted>0</bIsWeighted>
      <QtyInPackage>לא ידוע</QtyInPackage>
      <ItemPrice>17.90</ItemPrice>
      <UnitOfMeasurePrice>0.0526</UnitOfMeasurePrice>
      <AllowDiscount>1</AllowDiscount>
      <ItemStatus>1</ItemStatus>
      <ItemId>248413</ItemId>
    </Item>
    <Item>
      <PriceUpdateDate>2025-08-31 10:00:43</PriceUpdateDate>
      <ItemCode>7290018091937</ItemCode>
      <ItemType>1</ItemType>
      <ItemName>מאמאמיה פיצה עם תירס</ItemName>
      <ManufacturerName>קריות זול</ManufacturerName>
      <ManufactureCountry>לא ידוע</ManufactureCountry>
      <ManufacturerItemDescription>מאמאמיה פיצה עם תירס</ManufacturerItemDescription>
      <UnitQty>לא ידוע</UnitQty>
      <Quantity>480.00</Quantity>
      <UnitOfMeasure>לא ידוע</UnitOfMeasure>
      <bIsWeighted>0</bIsWeighted>
      <QtyInPackage>לא ידוע</QtyInPackage>
      <ItemPrice>28.90</ItemPrice>
      <UnitOfMeasurePrice>0.0602</UnitOfMeasurePrice>
      <AllowDiscount>1</AllowDiscount>
      <ItemStatus>1</ItemStatus>
      <ItemId>248461</ItemId>
    </Item>
    <Item>
      <PriceUpdateDate>2025-08-26 11:49:22</PriceUpdateDate>
      <ItemCode>7290116934242</ItemCode>
      <ItemType>1</ItemType>
      <ItemName>ג'לי תנובה בטעם אננס</ItemName>
      <ManufacturerName>קריות זול</ManufacturerName>
      <ManufactureCountry>לא ידוע</ManufactureCountry>
      <ManufacturerItemDescription>ג'לי תנובה בטעם אננס</ManufacturerItemDescription>
      <UnitQty>לא ידוע</UnitQty>
      <Quantity>125.00</Quantity>
      <UnitOfMeasure>לא ידוע</UnitOfMeasure>
      <bIsWeighted>0</bIsWeighted>
      <QtyInPackage>לא ידוע</QtyInPackage>
      <ItemPrice>3.50</ItemPrice>
      <UnitOfMeasurePrice>0.0280</UnitOfMeasurePrice>
      <AllowDiscount>1</AllowDiscount>
      <ItemStatus>1</ItemStatus>
      <ItemId>248464</ItemId>
    </Item>
    <Item>
      <PriceUpdateDate>2025-08-31 10:20:04</PriceUpdateDate>
      <ItemCode>7290018790595</ItemCode>
      <ItemType>1</ItemType>
      <ItemName>מאנצ'י בייגלה שמיניו</ItemName>
      <ManufacturerName>לא ידוע</ManufacturerName>
      <ManufactureCountry>לא ידוע</ManufactureCountry>
      <ManufacturerItemDescription>מאנצ'י בייגלה שמיניו</ManufacturerItemDescription>
      <UnitQty>לא ידוע</UnitQty>
      <Quantity>300.00</Quantity>
      <UnitOfMeasure>לא ידוע</UnitOfMeasure>
      <bIsWeighted>0</bIsWeighted>
      <QtyInPackage>לא ידוע</QtyInPackage>
      <ItemPrice>7.50</ItemPrice>
      <UnitOfMeasurePrice>0.0250</UnitOfMeasurePrice>
      <AllowDiscount>1</AllowDiscount>
      <ItemStatus>1</ItemStatus>
      <ItemId>248472</ItemId>
    </Item>
    <Item>
      <PriceUpdateDate>2025-08-28 07:18:10</PriceUpdateDate>
      <ItemCode>7290014462342</ItemCode>
      <ItemType>1</ItemType>
      <ItemName>אבוקדו האס בשל</ItemName>
      <ManufacturerName>לא ידוע</ManufacturerName>
      <ManufactureCountry>ישראל</ManufactureCountry>
      <ManufacturerItemDescription>אבוקדו האס בשל</ManufacturerItemDescription>
      <UnitQty>יחידה   </UnitQty>
      <Quantity>0.00</Quantity>
      <UnitOfMeasure>יחידה   </UnitOfMeasure>
      <bIsWeighted>0</bIsWeighted>
      <QtyInPackage>לא ידוע</QtyInPackage>
      <ItemPrice>9.90</ItemPrice>
      <UnitOfMeasurePrice>0.0000</UnitOfMeasurePrice>
      <AllowDiscount>1</AllowDiscount>
      <ItemStatus>1</ItemStatus>
      <ItemId>248508</ItemId>
    </Item>
    <Item>
      <PriceUpdateDate>2025-11-23 07:46:10</PriceUpdateDate>
      <ItemCode>7290110579487</ItemCode>
      <ItemType>1</ItemType>
      <ItemName>פולי אספרסו בלנד הבי</ItemName>
      <ManufacturerName>לא ידוע</ManufacturerName>
      <ManufactureCountry>לא ידוע</ManufactureCountry>
      <ManufacturerItemDescription>פולי אספרסו בלנד הבי</ManufacturerItemDescription>
      <UnitQty>לא ידוע</UnitQty>
      <Quantity>450.00</Quantity>
      <UnitOfMeasure>לא ידוע</UnitOfMeasure>
      <bIsWeighted>0</bIsWeighted>
      <QtyInPackage>לא ידוע</QtyInPackage>
      <ItemPrice>39.90</ItemPrice>
      <UnitOfMeasurePrice>0.0887</UnitOfMeasurePrice>
      <AllowDiscount>1</AllowDiscount>
      <ItemStatus>1</ItemStatus>
      <ItemId>248527</ItemId>
    </Item>
    <Item>
      <PriceUpdateDate>2025-11-23 07:46:09</PriceUpdateDate>
      <ItemCode>7290110578558</ItemCode>
      <ItemType>1</ItemType>
      <ItemName>פולי אספרסו עוצמה 10</ItemName>
      <ManufacturerName>לא ידוע</ManufacturerName>
      <ManufactureCountry>לא ידוע</ManufactureCountry>
      <ManufacturerItemDescription>פולי אספרסו עוצמה 10</ManufacturerItemDescription>
      <UnitQty>לא ידוע</UnitQty>
      <Quantity>450.00</Quantity>
      <UnitOfMeasure>לא ידוע</UnitOfMeasure>
      <bIsWeighted>0</bIsWeighted>
      <QtyInPackage>לא ידוע</QtyInPackage>
      <ItemPrice>39.90</ItemPrice>
      <UnitOfMeasurePrice>0.0887</UnitOfMeasurePrice>
      <AllowDiscount>1</AllowDiscount>
      <ItemStatus>1</ItemStatus>
      <ItemId>248528</ItemId>
    </Item>
    <Item>
      <PriceUpdateDate>2025-11-23 07:46:10</PriceUpdateDate>
      <ItemCode>7290110579784</ItemCode>
      <ItemType>1</ItemType>
      <ItemName>פולי אספרסו עוצמה 14</ItemName>
      <ManufacturerName>לא ידוע</ManufacturerName>
      <ManufactureCountry>לא ידוע</ManufactureCountry>
      <ManufacturerItemDescription>פולי אספרסו עוצמה 14</ManufacturerItemDescription>
      <UnitQty>לא ידוע</UnitQty>
      <Quantity>450.00</Quantity>
      <UnitOfMeasure>לא ידוע</UnitOfMeasure>
      <bIsWeighted>0</bIsWeighted>
      <QtyInPackage>לא ידוע</QtyInPackage>
      <ItemPrice>39.90</ItemPrice>
      <UnitOfMeasurePrice>0.0887</UnitOfMeasurePrice>
      <AllowDiscount>1</AllowDiscount>
      <ItemStatus>1</ItemStatus>
      <ItemId>248529</ItemId>
    </Item>
    <Item>
      <PriceUpdateDate>2025-08-26 16:05:52</PriceUpdateDate>
      <ItemCode>7290118423881</ItemCode>
      <ItemType>1</ItemType>
      <ItemName>טבעול נאגטס תירס ברב</ItemName>
      <ManufacturerName>קריות זול</ManufacturerName>
      <ManufactureCountry>לא ידוע</ManufactureCountry>
      <ManufacturerItemDescription>טבעול נאגטס תירס ברב</ManufacturerItemDescription>
      <UnitQty>לא ידוע</UnitQty>
      <Quantity>460.00</Quantity>
      <UnitOfMeasure>לא ידוע</UnitOfMeasure>
      <bIsWeighted>0</bIsWeighted>
      <QtyInPackage>לא ידוע</QtyInPackage>
      <ItemPrice>39.90</ItemPrice>
      <UnitOfMeasurePrice>0.0867</UnitOfMeasurePrice>
      <AllowDiscount>1</AllowDiscount>
      <ItemStatus>1</ItemStatus>
      <ItemId>248536</ItemId>
    </Item>
    <Item>
      <PriceUpdateDate>2025-08-31 08:44:51</PriceUpdateDate>
      <ItemCode>7290013145871</ItemCode>
      <ItemType>1</ItemType>
      <ItemName>שמרים יבשים 55 גרם</ItemName>
      <ManufacturerName>לא ידוע</ManufacturerName>
      <ManufactureCountry>לא ידוע</ManufactureCountry>
      <ManufacturerItemDescription>שמרים יבשים 55 גרם</ManufacturerItemDescription>
      <UnitQty>לא ידוע</UnitQty>
      <Quantity>55.00</Quantity>
      <UnitOfMeasure>לא ידוע</UnitOfMeasure>
      <bIsWeighted>0</bIsWeighted>
      <QtyInPackage>לא ידוע</QtyInPackage>
      <ItemPrice>12.90</ItemPrice>
      <UnitOfMeasurePrice>0.2345</UnitOfMeasurePrice>
      <AllowDiscount>1</AllowDiscount>
      <ItemStatus>1</ItemStatus>
      <ItemId>248547</ItemId>
    </Item>
    <Item>
      <PriceUpdateDate>2025-09-04 11:56:57</PriceUpdateDate>
      <ItemCode>5061013942249</ItemCode>
      <ItemType>1</ItemType>
      <ItemName>מונסטר אנרגי פח גולד</ItemName>
      <ManufacturerName>לא ידוע</ManufacturerName>
      <ManufactureCountry>לא ידוע</ManufactureCountry>
      <ManufacturerItemDescription>מונסטר אנרגי פח גולד</ManufacturerItemDescription>
      <UnitQty>לא ידוע</UnitQty>
      <Quantity>500.00</Quantity>
      <UnitOfMeasure>לא ידוע</UnitOfMeasure>
      <bIsWeighted>0</bIsWeighted>
      <QtyInPackage>לא ידוע</QtyInPackage>
      <ItemPrice>10.50</ItemPrice>
      <UnitOfMeasurePrice>0.0210</UnitOfMeasurePrice>
      <AllowDiscount>1</AllowDiscount>
      <ItemStatus>1</ItemStatus>
      <ItemId>248558</ItemId>
    </Item>
    <Item>
      <PriceUpdateDate>2025-09-04 12:00:29</PriceUpdateDate>
      <ItemCode>7290110117689</ItemCode>
      <ItemType>1</ItemType>
      <ItemName>ספרייט לימון נענע זי</ItemName>
      <ManufacturerName>לא ידוע</ManufacturerName>
      <ManufactureCountry>לא ידוע</ManufactureCountry>
      <ManufacturerItemDescription>ספרייט לימון נענע זי</ManufacturerItemDescription>
      <UnitQty>לא ידוע</UnitQty>
      <Quantity>1500.00</Quantity>
      <UnitOfMeasure>לא ידוע</UnitOfMeasure>
      <bIsWeighted>0</bIsWeighted>
      <QtyInPackage>לא ידוע</QtyInPackage>
      <ItemPrice>9.20</ItemPrice>
      <UnitOfMeasurePrice>0.0061</UnitOfMeasurePrice>
      <AllowDiscount>1</AllowDiscount>
      <ItemStatus>1</ItemStatus>
      <ItemId>248560</ItemId>
    </Item>
    <Item>
      <PriceUpdateDate>2025-08-31 10:18:36</PriceUpdateDate>
      <ItemCode>7290016144093</ItemCode>
      <ItemType>1</ItemType>
      <ItemName>קמח לחם לבן מנופה 1</ItemName>
      <ManufacturerName>לא ידוע</ManufacturerName>
      <ManufactureCountry>לא ידוע</ManufactureCountry>
      <ManufacturerItemDescription>קמח לחם לבן מנופה 1</ManufacturerItemDescription>
      <UnitQty>לא ידוע</UnitQty>
      <Quantity>1000.00</Quantity>
      <UnitOfMeasure>לא ידוע</UnitOfMeasure>
      <bIsWeighted>0</bIsWeighted>
      <QtyInPackage>לא ידוע</QtyInPackage>
      <ItemPrice>9.90</ItemPrice>
      <UnitOfMeasurePrice>0.0099</UnitOfMeasurePrice>
      <AllowDiscount>1</AllowDiscount>
      <ItemStatus>1</ItemStatus>
      <ItemId>248561</ItemId>
    </Item>
    <Item>
      <PriceUpdateDate>2025-09-04 08:55:01</PriceUpdateDate>
      <ItemCode>7290011498955</ItemCode>
      <ItemType>1</ItemType>
      <ItemName>חמאת בוטנים 300 גרם</ItemName>
      <ManufacturerName>לא ידוע</ManufacturerName>
      <ManufactureCountry>לא ידוע</ManufactureCountry>
      <ManufacturerItemDescription>חמאת בוטנים 300 גרם</ManufacturerItemDescription>
      <UnitQty>לא ידוע</UnitQty>
      <Quantity>300.00</Quantity>
      <UnitOfMeasure>לא ידוע</UnitOfMeasure>
      <bIsWeighted>0</bIsWeighted>
      <QtyInPackage>לא ידוע</QtyInPackage>
      <ItemPrice>16.90</ItemPrice>
      <UnitOfMeasurePrice>0.0563</UnitOfMeasurePrice>
      <AllowDiscount>1</AllowDiscount>
      <ItemStatus>1</ItemStatus>
      <ItemId>248574</ItemId>
    </Item>
    <Item>
      <PriceUpdateDate>2025-12-11 09:01:03</PriceUpdateDate>
      <ItemCode>7290011498894</ItemCode>
      <ItemType>1</ItemType>
      <ItemName>מארז חטיפי תמר במילו</ItemName>
      <ManufacturerName>לא ידוע</ManufacturerName>
      <ManufactureCountry>לא ידוע</ManufactureCountry>
      <ManufacturerItemDescription>מארז חטיפי תמר במילו</ManufacturerItemDescription>
      <UnitQty>לא ידוע</UnitQty>
      <Quantity>150.00</Quantity>
      <UnitOfMeasure>לא ידוע</UnitOfMeasure>
      <bIsWeighted>0</bIsWeighted>
      <QtyInPackage>לא ידוע</QtyInPackage>
      <ItemPrice>20.90</ItemPrice>
      <UnitOfMeasurePrice>0.1393</UnitOfMeasurePrice>
      <AllowDiscount>1</AllowDiscount>
      <ItemStatus>1</ItemStatus>
      <ItemId>248578</ItemId>
    </Item>
    <Item>
      <PriceUpdateDate>2025-09-04 08:54:58</PriceUpdateDate>
      <ItemCode>7290011498283</ItemCode>
      <ItemType>1</ItemType>
      <ItemName>חמאת בוטנים 700 גרם</ItemName>
      <ManufacturerName>לא ידוע</ManufacturerName>
      <ManufactureCountry>לא ידוע</ManufactureCountry>
      <ManufacturerItemDescription>חמאת בוטנים 700 גרם</ManufacturerItemDescription>
      <UnitQty>לא ידוע</UnitQty>
      <Quantity>700.00</Quantity>
      <UnitOfMeasure>לא ידוע</UnitOfMeasure>
      <bIsWeighted>0</bIsWeighted>
      <QtyInPackage>לא ידוע</QtyInPackage>
      <ItemPrice>29.90</ItemPrice>
      <UnitOfMeasurePrice>0.0427</UnitOfMeasurePrice>
      <AllowDiscount>1</AllowDiscount>
      <ItemStatus>1</ItemStatus>
      <ItemId>248584</ItemId>
    </Item>
    <Item>
      <PriceUpdateDate>2025-09-07 08:06:52</PriceUpdateDate>
      <ItemCode>7290019078494</ItemCode>
      <ItemType>1</ItemType>
      <ItemName>מארז מרציפן נטו ללא</ItemName>
      <ManufacturerName>לא ידוע</ManufacturerName>
      <ManufactureCountry>לא ידוע</ManufactureCountry>
      <ManufacturerItemDescription>מארז מרציפן נטו ללא</ManufacturerItemDescription>
      <UnitQty>לא ידוע</UnitQty>
      <Quantity>0.00</Quantity>
      <UnitOfMeasure>לא ידוע</UnitOfMeasure>
      <bIsWeighted>0</bIsWeighted>
      <QtyInPackage>לא ידוע</QtyInPackage>
      <ItemPrice>31.90</ItemPrice>
      <UnitOfMeasurePrice>0.0000</UnitOfMeasurePrice>
      <AllowDiscount>1</AllowDiscount>
      <ItemStatus>1</ItemStatus>
      <ItemId>248588</ItemId>
    </Item>
    <Item>
      <PriceUpdateDate>2025-06-26 09:35:06</PriceUpdateDate>
      <ItemCode>7290000336299</ItemCode>
      <ItemType>1</ItemType>
      <ItemName>גאמפ רימונדה 1.5 ליט</ItemName>
      <ManufacturerName>לא ידוע</ManufacturerName>
      <ManufactureCountry>לא ידוע</ManufactureCountry>
      <ManufacturerItemDescription>גאמפ רימונדה 1.5 ליט</ManufacturerItemDescription>
      <UnitQty>לא ידוע</UnitQty>
      <Quantity>1500.00</Quantity>
      <UnitOfMeasure>לא ידוע</UnitOfMeasure>
      <bIsWeighted>0</bIsWeighted>
      <QtyInPackage>לא ידוע</QtyInPackage>
      <ItemPrice>8.90</ItemPrice>
      <UnitOfMeasurePrice>0.0059</UnitOfMeasurePrice>
      <AllowDiscount>1</AllowDiscount>
      <ItemStatus>1</ItemStatus>
      <ItemId>254387</ItemId>
    </Item>
    <Item>
      <PriceUpdateDate>2025-09-07 08:06:51</PriceUpdateDate>
      <ItemCode>7290016146004</ItemCode>
      <ItemType>1</ItemType>
      <ItemName>קמח שקד מולבן 300 גר</ItemName>
      <ManufacturerName>לא ידוע</ManufacturerName>
      <ManufactureCountry>לא ידוע</ManufactureCountry>
      <ManufacturerItemDescription>קמח שקד מולבן 300 גר</ManufacturerItemDescription>
      <UnitQty>לא ידוע</UnitQty>
      <Quantity>500.00</Quantity>
      <UnitOfMeasure>לא ידוע</UnitOfMeasure>
      <bIsWeighted>0</bIsWeighted>
      <QtyInPackage>לא ידוע</QtyInPackage>
      <ItemPrice>29.90</ItemPrice>
      <UnitOfMeasurePrice>0.0598</UnitOfMeasurePrice>
      <AllowDiscount>1</AllowDiscount>
      <ItemStatus>1</ItemStatus>
      <ItemId>248605</ItemId>
    </Item>
    <Item>
      <PriceUpdateDate>2025-12-03 09:32:41</PriceUpdateDate>
      <ItemCode>7290016146103</ItemCode>
      <ItemType>1</ItemType>
      <ItemName>סילאן טבעי לחיץ 500</ItemName>
      <ManufacturerName>לא ידוע</ManufacturerName>
      <ManufactureCountry>לא ידוע</ManufactureCountry>
      <ManufacturerItemDescription>סילאן טבעי לחיץ 500</ManufacturerItemDescription>
      <UnitQty>לא ידוע</UnitQty>
      <Quantity>500.00</Quantity>
      <UnitOfMeasure>לא ידוע</UnitOfMeasure>
      <bIsWeighted>0</bIsWeighted>
      <QtyInPackage>לא ידוע</QtyInPackage>
      <ItemPrice>20.90</ItemPrice>
      <UnitOfMeasurePrice>0.0418</UnitOfMeasurePrice>
      <AllowDiscount>1</AllowDiscount>
      <ItemStatus>1</ItemStatus>
      <ItemId>248606</ItemId>
    </Item>
    <Item>
      <PriceUpdateDate>2025-05-07 12:51:44</PriceUpdateDate>
      <ItemCode>90446269</ItemCode>
      <ItemType>1</ItemType>
      <ItemName>רד בול משקה אנרגיה א</ItemName>
      <ManufacturerName>לא ידוע</ManufacturerName>
      <ManufactureCountry>לא ידוע</ManufactureCountry>
      <ManufacturerItemDescription>רד בול משקה אנרגיה א</ManufacturerItemDescription>
      <UnitQty>לא ידוע</UnitQty>
      <Quantity>250.00</Quantity>
      <UnitOfMeasure>לא ידוע</UnitOfMeasure>
      <bIsWeighted>0</bIsWeighted>
      <QtyInPackage>לא ידוע</QtyInPackage>
      <ItemPrice>7.20</ItemPrice>
      <UnitOfMeasurePrice>0.0288</UnitOfMeasurePrice>
      <AllowDiscount>1</AllowDiscount>
      <ItemStatus>1</ItemStatus>
      <ItemId>248637</ItemId>
    </Item>
    <Item>
      <PriceUpdateDate>2025-05-07 12:51:59</PriceUpdateDate>
      <ItemCode>90456961</ItemCode>
      <ItemType>1</ItemType>
      <ItemName>רד בול משקה אנרגיה ת</ItemName>
      <ManufacturerName>לא ידוע</ManufacturerName>
      <ManufactureCountry>לא ידוע</ManufactureCountry>
      <ManufacturerItemDescription>רד בול משקה אנרגיה ת</ManufacturerItemDescription>
      <UnitQty>לא ידוע</UnitQty>
      <Quantity>250.00</Quantity>
      <UnitOfMeasure>לא ידוע</UnitOfMeasure>
      <bIsWeighted>0</bIsWeighted>
      <QtyInPackage>לא ידוע</QtyInPackage>
      <ItemPrice>7.20</ItemPrice>
      <UnitOfMeasurePrice>0.0288</UnitOfMeasurePrice>
      <AllowDiscount>1</AllowDiscount>
      <ItemStatus>1</ItemStatus>
      <ItemId>248638</ItemId>
    </Item>
    <Item>
      <PriceUpdateDate>2024-12-31 12:21:11</PriceUpdateDate>
      <ItemCode>7290119772292</ItemCode>
      <ItemType>1</ItemType>
      <ItemName>עין גדי מים מינרלים</ItemName>
      <ManufacturerName>לא ידוע</ManufacturerName>
      <ManufactureCountry>לא ידוע</ManufactureCountry>
      <ManufacturerItemDescription>עין גדי מים מינרלים</ManufacturerItemDescription>
      <UnitQty>לא ידוע</UnitQty>
      <Quantity>500.00</Quantity>
      <UnitOfMeasure>לא ידוע</UnitOfMeasure>
      <bIsWeighted>0</bIsWeighted>
      <QtyInPackage>לא ידוע</QtyInPackage>
      <ItemPrice>4.00</ItemPrice>
      <UnitOfMeasurePrice>0.0080</UnitOfMeasurePrice>
      <AllowDiscount>1</AllowDiscount>
      <ItemStatus>1</ItemStatus>
      <ItemId>248639</ItemId>
    </Item>
    <Item>
      <PriceUpdateDate>2025-08-31 09:57:40</PriceUpdateDate>
      <ItemCode>7290019587798</ItemCode>
      <ItemType>1</ItemType>
      <ItemName>פירורי לחם פנקו 300</ItemName>
      <ManufacturerName>לא ידוע</ManufacturerName>
      <ManufactureCountry>לא ידוע</ManufactureCountry>
      <ManufacturerItemDescription>פירורי לחם פנקו 300</ManufacturerItemDescription>
      <UnitQty>לא ידוע</UnitQty>
      <Quantity>300.00</Quantity>
      <UnitOfMeasure>לא ידוע</UnitOfMeasure>
      <bIsWeighted>0</bIsWeighted>
      <QtyInPackage>לא ידוע</QtyInPackage>
      <ItemPrice>9.50</ItemPrice>
      <UnitOfMeasurePrice>0.0317</UnitOfMeasurePrice>
      <AllowDiscount>1</AllowDiscount>
      <ItemStatus>1</ItemStatus>
      <ItemId>251466</ItemId>
    </Item>
    <Item>
      <PriceUpdateDate>2025-09-03 07:19:51</PriceUpdateDate>
      <ItemCode>7290019816331</ItemCode>
      <ItemType>1</ItemType>
      <ItemName>קראנץ' סנדוויץ וופל</ItemName>
      <ManufacturerName>לא ידוע</ManufacturerName>
      <ManufactureCountry>לא ידוע</ManufactureCountry>
      <ManufacturerItemDescription>קראנץ' סנדוויץ וופל</ManufacturerItemDescription>
      <UnitQty>לא ידוע</UnitQty>
      <Quantity>95.00</Quantity>
      <UnitOfMeasure>לא ידוע</UnitOfMeasure>
      <bIsWeighted>0</bIsWeighted>
      <QtyInPackage>לא ידוע</QtyInPackage>
      <ItemPrice>13.90</ItemPrice>
      <UnitOfMeasurePrice>0.1463</UnitOfMeasurePrice>
      <AllowDiscount>1</AllowDiscount>
      <ItemStatus>1</ItemStatus>
      <ItemId>252078</ItemId>
    </Item>
    <Item>
      <PriceUpdateDate>2025-09-03 11:44:31</PriceUpdateDate>
      <ItemCode>7290019790075</ItemCode>
      <ItemType>1</ItemType>
      <ItemName>לאבנה בקר טבעי 5% 25</ItemName>
      <ManufacturerName>לא ידוע</ManufacturerName>
      <ManufactureCountry>לא ידוע</ManufactureCountry>
      <ManufacturerItemDescription>לאבנה בקר טבעי 5% 25</ManufacturerItemDescription>
      <UnitQty>לא ידוע</UnitQty>
      <Quantity>250.00</Quantity>
      <UnitOfMeasure>לא ידוע</UnitOfMeasure>
      <bIsWeighted>0</bIsWeighted>
      <QtyInPackage>לא ידוע</QtyInPackage>
      <ItemPrice>17.90</ItemPrice>
      <UnitOfMeasurePrice>0.0716</UnitOfMeasurePrice>
      <AllowDiscount>1</AllowDiscount>
      <ItemStatus>1</ItemStatus>
      <ItemId>252154</ItemId>
    </Item>
    <Item>
      <PriceUpdateDate>2025-09-01 10:08:22</PriceUpdateDate>
      <ItemCode>7290013195258</ItemCode>
      <ItemType>1</ItemType>
      <ItemName>קרפיון טחון 500 גרם</ItemName>
      <ManufacturerName>לא ידוע</ManufacturerName>
      <ManufactureCountry>לא ידוע</ManufactureCountry>
      <ManufacturerItemDescription>קרפיון טחון 500 גרם</ManufacturerItemDescription>
      <UnitQty>לא ידוע</UnitQty>
      <Quantity>500.00</Quantity>
      <UnitOfMeasure>לא ידוע</UnitOfMeasure>
      <bIsWeighted>0</bIsWeighted>
      <QtyInPackage>לא ידוע</QtyInPackage>
      <ItemPrice>55.90</ItemPrice>
      <UnitOfMeasurePrice>0.1118</UnitOfMeasurePrice>
      <AllowDiscount>1</AllowDiscount>
      <ItemStatus>1</ItemStatus>
      <ItemId>248656</ItemId>
    </Item>
    <Item>
      <PriceUpdateDate>2025-08-31 08:44:55</PriceUpdateDate>
      <ItemCode>7290013146816</ItemCode>
      <ItemType>1</ItemType>
      <ItemName>אבקת סוכר שקית 400 ג</ItemName>
      <ManufacturerName>לא ידוע</ManufacturerName>
      <ManufactureCountry>לא ידוע</ManufactureCountry>
      <ManufacturerItemDescription>אבקת סוכר שקית 400 ג</ManufacturerItemDescription>
      <UnitQty>לא ידוע</UnitQty>
      <Quantity>400.00</Quantity>
      <UnitOfMeasure>לא ידוע</UnitOfMeasure>
      <bIsWeighted>0</bIsWeighted>
      <QtyInPackage>לא ידוע</QtyInPackage>
      <ItemPrice>9.50</ItemPrice>
      <UnitOfMeasurePrice>0.0238</UnitOfMeasurePrice>
      <AllowDiscount>1</AllowDiscount>
      <ItemStatus>1</ItemStatus>
      <ItemId>248663</ItemId>
    </Item>
    <Item>
      <PriceUpdateDate>2025-08-31 08:44:37</PriceUpdateDate>
      <ItemCode>7290013144157</ItemCode>
      <ItemType>1</ItemType>
      <ItemName>סחלב 130גר</ItemName>
      <ManufacturerName>לא ידוע</ManufacturerName>
      <ManufactureCountry>לא ידוע</ManufactureCountry>
      <ManufacturerItemDescription>סחלב 130גר</ManufacturerItemDescription>
      <UnitQty>יחידה   </UnitQty>
      <Quantity>0.00</Quantity>
      <UnitOfMeasure>יחידה   </UnitOfMeasure>
      <bIsWeighted>0</bIsWeighted>
      <QtyInPackage>לא ידוע</QtyInPackage>
      <ItemPrice>12.90</ItemPrice>
      <UnitOfMeasurePrice>0.0000</UnitOfMeasurePrice>
      <AllowDiscount>1</AllowDiscount>
      <ItemStatus>1</ItemStatus>
      <ItemId>248665</ItemId>
    </Item>
    <Item>
      <PriceUpdateDate>2025-08-31 08:44:38</PriceUpdateDate>
      <ItemCode>7290013144232</ItemCode>
      <ItemType>1</ItemType>
      <ItemName>פודינג וניל צרפתי מי</ItemName>
      <ManufacturerName>לא ידוע</ManufacturerName>
      <ManufactureCountry>לא ידוע</ManufactureCountry>
      <ManufacturerItemDescription>פודינג וניל צרפתי מי</ManufacturerItemDescription>
      <UnitQty>יחידה   </UnitQty>
      <Quantity>0.00</Quantity>
      <UnitOfMeasure>יחידה   </UnitOfMeasure>
      <bIsWeighted>0</bIsWeighted>
      <QtyInPackage>לא ידוע</QtyInPackage>
      <ItemPrice>6.50</ItemPrice>
      <UnitOfMeasurePrice>0.0000</UnitOfMeasurePrice>
      <AllowDiscount>1</AllowDiscount>
      <ItemStatus>1</ItemStatus>
      <ItemId>248666</ItemId>
    </Item>
    <Item>
      <PriceUpdateDate>2025-08-31 08:44:38</PriceUpdateDate>
      <ItemCode>7290013144249</ItemCode>
      <ItemType>1</ItemType>
      <ItemName>פודינג שוקולד 95גר</ItemName>
      <ManufacturerName>לא ידוע</ManufacturerName>
      <ManufactureCountry>לא ידוע</ManufactureCountry>
      <ManufacturerItemDescription>פודינג שוקולד 95גר</ManufacturerItemDescription>
      <UnitQty>לא ידוע</UnitQty>
      <Quantity>95.00</Quantity>
      <UnitOfMeasure>לא ידוע</UnitOfMeasure>
      <bIsWeighted>0</bIsWeighted>
      <QtyInPackage>לא ידוע</QtyInPackage>
      <ItemPrice>6.50</ItemPrice>
      <UnitOfMeasurePrice>0.0684</UnitOfMeasurePrice>
      <AllowDiscount>1</AllowDiscount>
      <ItemStatus>1</ItemStatus>
      <ItemId>248667</ItemId>
    </Item>
    <Item>
      <PriceUpdateDate>2025-08-31 08:44:40</PriceUpdateDate>
      <ItemCode>7290013144393</ItemCode>
      <ItemType>1</ItemType>
      <ItemName>תמצית וניל 50 גרם</ItemName>
      <ManufacturerName>לא ידוע</ManufacturerName>
      <ManufactureCountry>לא ידוע</ManufactureCountry>
      <ManufacturerItemDescription>תמצית וניל 50 גרם</ManufacturerItemDescription>
      <UnitQty>לא ידוע</UnitQty>
      <Quantity>50.00</Quantity>
      <UnitOfMeasure>לא ידוע</UnitOfMeasure>
      <bIsWeighted>0</bIsWeighted>
      <QtyInPackage>לא ידוע</QtyInPackage>
      <ItemPrice>6.90</ItemPrice>
      <UnitOfMeasurePrice>0.1380</UnitOfMeasurePrice>
      <AllowDiscount>1</AllowDiscount>
      <ItemStatus>1</ItemStatus>
      <ItemId>248670</ItemId>
    </Item>
    <Item>
      <PriceUpdateDate>2025-08-31 08:44:46</PriceUpdateDate>
      <ItemCode>7290013145178</ItemCode>
      <ItemType>1</ItemType>
      <ItemName>קוקוס טחון לבן 100 ג</ItemName>
      <ManufacturerName>לא ידוע</ManufacturerName>
      <ManufactureCountry>לא ידוע</ManufactureCountry>
      <ManufacturerItemDescription>קוקוס טחון לבן 100 ג</ManufacturerItemDescription>
      <UnitQty>לא ידוע</UnitQty>
      <Quantity>100.00</Quantity>
      <UnitOfMeasure>לא ידוע</UnitOfMeasure>
      <bIsWeighted>0</bIsWeighted>
      <QtyInPackage>לא ידוע</QtyInPackage>
      <ItemPrice>7.50</ItemPrice>
      <UnitOfMeasurePrice>0.0750</UnitOfMeasurePrice>
      <AllowDiscount>1</AllowDiscount>
      <ItemStatus>1</ItemStatus>
      <ItemId>248680</ItemId>
    </Item>
    <Item>
      <PriceUpdateDate>2025-08-31 08:44:46</PriceUpdateDate>
      <ItemCode>7290013145192</ItemCode>
      <ItemType>1</ItemType>
      <ItemName>שומשום 100 גרם</ItemName>
      <ManufacturerName>לא ידוע</ManufacturerName>
      <ManufactureCountry>לא ידוע</ManufactureCountry>
      <ManufacturerItemDescription>שומשום 100 גרם</ManufacturerItemDescription>
      <UnitQty>לא ידוע</UnitQty>
      <Quantity>100.00</Quantity>
      <UnitOfMeasure>לא ידוע</UnitOfMeasure>
      <bIsWeighted>0</bIsWeighted>
      <QtyInPackage>לא ידוע</QtyInPackage>
      <ItemPrice>6.50</ItemPrice>
      <UnitOfMeasurePrice>0.0650</UnitOfMeasurePrice>
      <AllowDiscount>1</AllowDiscount>
      <ItemStatus>1</ItemStatus>
      <ItemId>248681</ItemId>
    </Item>
    <Item>
      <PriceUpdateDate>2025-08-31 08:44:46</PriceUpdateDate>
      <ItemCode>7290013145246</ItemCode>
      <ItemType>1</ItemType>
      <ItemName>מימונס גרעין חמניה מ</ItemName>
      <ManufacturerName>לא ידוע</ManufacturerName>
      <ManufactureCountry>לא ידוע</ManufactureCountry>
      <ManufacturerItemDescription>מימונס גרעין חמניה מ</ManufacturerItemDescription>
      <UnitQty>יחידה   </UnitQty>
      <Quantity>0.00</Quantity>
      <UnitOfMeasure>יחידה   </UnitOfMeasure>
      <bIsWeighted>0</bIsWeighted>
      <QtyInPackage>לא ידוע</QtyInPackage>
      <ItemPrice>7.50</ItemPrice>
      <UnitOfMeasurePrice>0.0000</UnitOfMeasurePrice>
      <AllowDiscount>1</AllowDiscount>
      <ItemStatus>1</ItemStatus>
      <ItemId>248683</ItemId>
    </Item>
    <Item>
      <PriceUpdateDate>2025-11-05 12:05:27</PriceUpdateDate>
      <ItemCode>7290108358872</ItemCode>
      <ItemType>1</ItemType>
      <ItemName>סנו סושי ניילון עם ג</ItemName>
      <ManufacturerName>לא ידוע</ManufacturerName>
      <ManufactureCountry>לא ידוע</ManufactureCountry>
      <ManufacturerItemDescription>סנו סושי ניילון עם ג</ManufacturerItemDescription>
      <UnitQty>יחידה   </UnitQty>
      <Quantity>0.00</Quantity>
      <UnitOfMeasure>יחידה   </UnitOfMeasure>
      <bIsWeighted>0</bIsWeighted>
      <QtyInPackage>לא ידוע</QtyInPackage>
      <ItemPrice>11.90</ItemPrice>
      <UnitOfMeasurePrice>0.0000</UnitOfMeasurePrice>
      <AllowDiscount>1</AllowDiscount>
      <ItemStatus>1</ItemStatus>
      <ItemId>256359</ItemId>
    </Item>
    <Item>
      <PriceUpdateDate>2025-08-31 08:44:48</PriceUpdateDate>
      <ItemCode>7290013145529</ItemCode>
      <ItemType>1</ItemType>
      <ItemName>סוכריות צבעוניות לקי</ItemName>
      <ManufacturerName>לא ידוע</ManufacturerName>
      <ManufactureCountry>לא ידוע</ManufactureCountry>
      <ManufacturerItemDescription>סוכריות צבעוניות לקי</ManufacturerItemDescription>
      <UnitQty>לא ידוע</UnitQty>
      <Quantity>90.00</Quantity>
      <UnitOfMeasure>לא ידוע</UnitOfMeasure>
      <bIsWeighted>0</bIsWeighted>
      <QtyInPackage>לא ידוע</QtyInPackage>
      <ItemPrice>8.50</ItemPrice>
      <UnitOfMeasurePrice>0.0944</UnitOfMeasurePrice>
      <AllowDiscount>1</AllowDiscount>
      <ItemStatus>1</ItemStatus>
      <ItemId>248687</ItemId>
    </Item>
    <Item>
      <PriceUpdateDate>2025-08-31 08:44:50</PriceUpdateDate>
      <ItemCode>7290013145840</ItemCode>
      <ItemType>1</ItemType>
      <ItemName>סוכר וניל 10 יח</ItemName>
      <ManufacturerName>לא ידוע</ManufacturerName>
      <ManufactureCountry>לא ידוע</ManufactureCountry>
      <ManufacturerItemDescription>סוכר וניל 10 יח</ManufacturerItemDescription>
      <UnitQty>יחידה   </UnitQty>
      <Quantity>0.00</Quantity>
      <UnitOfMeasure>יחידה   </UnitOfMeasure>
      <bIsWeighted>0</bIsWeighted>
      <QtyInPackage>לא ידוע</QtyInPackage>
      <ItemPrice>4.00</ItemPrice>
      <UnitOfMeasurePrice>0.0000</UnitOfMeasurePrice>
      <AllowDiscount>1</AllowDiscount>
      <ItemStatus>1</ItemStatus>
      <ItemId>248693</ItemId>
    </Item>
    <Item>
      <PriceUpdateDate>2025-08-31 08:44:50</PriceUpdateDate>
      <ItemCode>7290013145857</ItemCode>
      <ItemType>1</ItemType>
      <ItemName>אבקת אפיה 10 יח</ItemName>
      <ManufacturerName>לא ידוע</ManufacturerName>
      <ManufactureCountry>לא ידוע</ManufactureCountry>
      <ManufacturerItemDescription>אבקת אפיה 10 יח</ManufacturerItemDescription>
      <UnitQty>יחידה   </UnitQty>
      <Quantity>0.00</Quantity>
      <UnitOfMeasure>יחידה   </UnitOfMeasure>
      <bIsWeighted>0</bIsWeighted>
      <QtyInPackage>לא ידוע</QtyInPackage>
      <ItemPrice>4.00</ItemPrice>
      <UnitOfMeasurePrice>0.0000</UnitOfMeasurePrice>
      <AllowDiscount>1</AllowDiscount>
      <ItemStatus>1</ItemStatus>
      <ItemId>248694</ItemId>
    </Item>
    <Item>
      <PriceUpdateDate>2025-08-31 08:44:51</PriceUpdateDate>
      <ItemCode>7290013145901</ItemCode>
      <ItemType>1</ItemType>
      <ItemName>סודה לשתיה 100 גרם</ItemName>
      <ManufacturerName>לא ידוע</ManufacturerName>
      <ManufactureCountry>לא ידוע</ManufactureCountry>
      <ManufacturerItemDescription>סודה לשתיה 100 גרם</ManufacturerItemDescription>
      <UnitQty>יחידה   </UnitQty>
      <Quantity>0.00</Quantity>
      <UnitOfMeasure>יחידה   </UnitOfMeasure>
      <bIsWeighted>0</bIsWeighted>
      <QtyInPackage>לא ידוע</QtyInPackage>
      <ItemPrice>4.00</ItemPrice>
      <UnitOfMeasurePrice>0.0000</UnitOfMeasurePrice>
      <AllowDiscount>1</AllowDiscount>
      <ItemStatus>1</ItemStatus>
      <ItemId>248695</ItemId>
    </Item>
    <Item>
      <PriceUpdateDate>2025-08-31 08:44:51</PriceUpdateDate>
      <ItemCode>7290013145949</ItemCode>
      <ItemType>1</ItemType>
      <ItemName>אבקת סוכר אריזת פטנט</ItemName>
      <ManufacturerName>לא ידוע</ManufacturerName>
      <ManufactureCountry>לא ידוע</ManufactureCountry>
      <ManufacturerItemDescription>אבקת סוכר אריזת פטנט</ManufacturerItemDescription>
      <UnitQty>לא ידוע</UnitQty>
      <Quantity>250.00</Quantity>
      <UnitOfMeasure>לא ידוע</UnitOfMeasure>
      <bIsWeighted>0</bIsWeighted>
      <QtyInPackage>לא ידוע</QtyInPackage>
      <ItemPrice>20.90</ItemPrice>
      <UnitOfMeasurePrice>0.0836</UnitOfMeasurePrice>
      <AllowDiscount>1</AllowDiscount>
      <ItemStatus>1</ItemStatus>
      <ItemId>248696</ItemId>
    </Item>
    <Item>
      <PriceUpdateDate>2025-08-31 08:44:52</PriceUpdateDate>
      <ItemCode>7290013145963</ItemCode>
      <ItemType>1</ItemType>
      <ItemName>שמרים יבשים בואקום</ItemName>
      <ManufacturerName>לא ידוע</ManufacturerName>
      <ManufactureCountry>לא ידוע</ManufactureCountry>
      <ManufacturerItemDescription>שמרים יבשים בואקום</ManufacturerItemDescription>
      <UnitQty>יחידה   </UnitQty>
      <Quantity>0.00</Quantity>
      <UnitOfMeasure>יחידה   </UnitOfMeasure>
      <bIsWeighted>0</bIsWeighted>
      <QtyInPackage>לא ידוע</QtyInPackage>
      <ItemPrice>10.00</ItemPrice>
      <UnitOfMeasurePrice>0.0000</UnitOfMeasurePrice>
      <AllowDiscount>1</AllowDiscount>
      <ItemStatus>1</ItemStatus>
      <ItemId>248697</ItemId>
    </Item>
    <Item>
      <PriceUpdateDate>2025-08-31 08:44:52</PriceUpdateDate>
      <ItemCode>7290013145970</ItemCode>
      <ItemType>1</ItemType>
      <ItemName>קורנפלור 200 גרם</ItemName>
      <ManufacturerName>לא ידוע</ManufacturerName>
      <ManufactureCountry>לא ידוע</ManufactureCountry>
      <ManufacturerItemDescription>קורנפלור 200 גרם</ManufacturerItemDescription>
      <UnitQty>יחידה   </UnitQty>
      <Quantity>0.00</Quantity>
      <UnitOfMeasure>יחידה   </UnitOfMeasure>
      <bIsWeighted>0</bIsWeighted>
      <QtyInPackage>לא ידוע</QtyInPackage>
      <ItemPrice>6.90</ItemPrice>
      <UnitOfMeasurePrice>0.0000</UnitOfMeasurePrice>
      <AllowDiscount>1</AllowDiscount>
      <ItemStatus>1</ItemStatus>
      <ItemId>248698</ItemId>
    </Item>
    <Item>
      <PriceUpdateDate>2025-10-21 10:20:21</PriceUpdateDate>
      <ItemCode>7290018989814</ItemCode>
      <ItemType>1</ItemType>
      <ItemName>טבעות זיתים ירוקים 5</ItemName>
      <ManufacturerName>לא ידוע</ManufacturerName>
      <ManufactureCountry>לא ידוע</ManufactureCountry>
      <ManufacturerItemDescription>טבעות זיתים ירוקים 5</ManufacturerItemDescription>
      <UnitQty>לא ידוע</UnitQty>
      <Quantity>550.00</Quantity>
      <UnitOfMeasure>לא ידוע</UnitOfMeasure>
      <bIsWeighted>0</bIsWeighted>
      <QtyInPackage>לא ידוע</QtyInPackage>
      <ItemPrice>14.90</ItemPrice>
      <UnitOfMeasurePrice>0.0271</UnitOfMeasurePrice>
      <AllowDiscount>1</AllowDiscount>
      <ItemStatus>1</ItemStatus>
      <ItemId>256184</ItemId>
    </Item>
    <Item>
      <PriceUpdateDate>2025-05-19 11:46:34</PriceUpdateDate>
      <ItemCode>7290116934457</ItemCode>
      <ItemType>1</ItemType>
      <ItemName>יוגורט יופלה טופ שבר</ItemName>
      <ManufacturerName>לא ידוע</ManufacturerName>
      <ManufactureCountry>לא ידוע</ManufactureCountry>
      <ManufacturerItemDescription>יוגורט יופלה טופ שבר</ManufacturerItemDescription>
      <UnitQty>לא ידוע</UnitQty>
      <Quantity>158.00</Quantity>
      <UnitOfMeasure>לא ידוע</UnitOfMeasure>
      <bIsWeighted>0</bIsWeighted>
      <QtyInPackage>לא ידוע</QtyInPackage>
      <ItemPrice>6.10</ItemPrice>
      <UnitOfMeasurePrice>0.0386</UnitOfMeasurePrice>
      <AllowDiscount>1</AllowDiscount>
      <ItemStatus>1</ItemStatus>
      <ItemId>250144</ItemId>
    </Item>
    <Item>
      <PriceUpdateDate>2025-08-31 08:44:55</PriceUpdateDate>
      <ItemCode>7290013146854</ItemCode>
      <ItemType>1</ItemType>
      <ItemName>קוקוס לבן 400 גרם</ItemName>
      <ManufacturerName>לא ידוע</ManufacturerName>
      <ManufactureCountry>לא ידוע</ManufactureCountry>
      <ManufacturerItemDescription>קוקוס לבן 400 גרם</ManufacturerItemDescription>
      <UnitQty>יחידה   </UnitQty>
      <Quantity>0.00</Quantity>
      <UnitOfMeasure>יחידה   </UnitOfMeasure>
      <bIsWeighted>0</bIsWeighted>
      <QtyInPackage>לא ידוע</QtyInPackage>
      <ItemPrice>17.90</ItemPrice>
      <UnitOfMeasurePrice>0.0000</UnitOfMeasurePrice>
      <AllowDiscount>1</AllowDiscount>
      <ItemStatus>1</ItemStatus>
      <ItemId>248707</ItemId>
    </Item>
    <Item>
      <PriceUpdateDate>2025-08-31 08:44:53</PriceUpdateDate>
      <ItemCode>7290013146304</ItemCode>
      <ItemType>1</ItemType>
      <ItemName>קורנפלור 500 גרם</ItemName>
      <ManufacturerName>לא ידוע</ManufacturerName>
      <ManufactureCountry>לא ידוע</ManufactureCountry>
      <ManufacturerItemDescription>קורנפלור 500 גרם</ManufacturerItemDescription>
      <UnitQty>לא ידוע</UnitQty>
      <Quantity>500.00</Quantity>
      <UnitOfMeasure>לא ידוע</UnitOfMeasure>
      <bIsWeighted>0</bIsWeighted>
      <QtyInPackage>לא ידוע</QtyInPackage>
      <ItemPrice>9.50</ItemPrice>
      <UnitOfMeasurePrice>0.0190</UnitOfMeasurePrice>
      <AllowDiscount>1</AllowDiscount>
      <ItemStatus>1</ItemStatus>
      <ItemId>248721</ItemId>
    </Item>
    <Item>
      <PriceUpdateDate>2025-08-31 08:44:43</PriceUpdateDate>
      <ItemCode>7290013145031</ItemCode>
      <ItemType>1</ItemType>
      <ItemName>מימונס ברס אגוזי לוז</ItemName>
      <ManufacturerName>לא ידוע</ManufacturerName>
      <ManufactureCountry>לא ידוע</ManufactureCountry>
      <ManufacturerItemDescription>מימונס ברס אגוזי לוז</ManufacturerItemDescription>
      <UnitQty>לא ידוע</UnitQty>
      <Quantity>100.00</Quantity>
      <UnitOfMeasure>לא ידוע</UnitOfMeasure>
      <bIsWeighted>0</bIsWeighted>
      <QtyInPackage>לא ידוע</QtyInPackage>
      <ItemPrice>16.90</ItemPrice>
      <UnitOfMeasurePrice>0.1690</UnitOfMeasurePrice>
      <AllowDiscount>1</AllowDiscount>
      <ItemStatus>1</ItemStatus>
      <ItemId>248765</ItemId>
    </Item>
    <Item>
      <PriceUpdateDate>2025-08-31 08:44:51</PriceUpdateDate>
      <ItemCode>7290013145956</ItemCode>
      <ItemType>1</ItemType>
      <ItemName>שמרים יבשים מימונס 5</ItemName>
      <ManufacturerName>לא ידוע</ManufacturerName>
      <ManufactureCountry>לא ידוע</ManufactureCountry>
      <ManufacturerItemDescription>שמרים יבשים מימונס 5</ManufacturerItemDescription>
      <UnitQty>לא ידוע</UnitQty>
      <Quantity>500.00</Quantity>
      <UnitOfMeasure>לא ידוע</UnitOfMeasure>
      <bIsWeighted>0</bIsWeighted>
      <QtyInPackage>לא ידוע</QtyInPackage>
      <ItemPrice>17.90</ItemPrice>
      <UnitOfMeasurePrice>0.0358</UnitOfMeasurePrice>
      <AllowDiscount>1</AllowDiscount>
      <ItemStatus>1</ItemStatus>
      <ItemId>248768</ItemId>
    </Item>
    <Item>
      <PriceUpdateDate>2025-09-04 12:00:30</PriceUpdateDate>
      <ItemCode>7290110117825</ItemCode>
      <ItemType>1</ItemType>
      <ItemName>נורדיק מוגז מנגו נענ</ItemName>
      <ManufacturerName>לא ידוע</ManufacturerName>
      <ManufactureCountry>לא ידוע</ManufactureCountry>
      <ManufacturerItemDescription>נורדיק מוגז מנגו נענ</ManufacturerItemDescription>
      <UnitQty>לא ידוע</UnitQty>
      <Quantity>1000.00</Quantity>
      <UnitOfMeasure>לא ידוע</UnitOfMeasure>
      <bIsWeighted>0</bIsWeighted>
      <QtyInPackage>לא ידוע</QtyInPackage>
      <ItemPrice>7.10</ItemPrice>
      <UnitOfMeasurePrice>0.0071</UnitOfMeasurePrice>
      <AllowDiscount>1</AllowDiscount>
      <ItemStatus>1</ItemStatus>
      <ItemId>248790</ItemId>
    </Item>
    <Item>
      <PriceUpdateDate>2025-09-08 07:57:10</PriceUpdateDate>
      <ItemCode>7610211130804</ItemCode>
      <ItemType>1</ItemType>
      <ItemName>הרמזית 800 טבליות</ItemName>
      <ManufacturerName>לא ידוע</ManufacturerName>
      <ManufactureCountry>לא ידוע</ManufactureCountry>
      <ManufacturerItemDescription>הרמזית 800 טבליות</ManufacturerItemDescription>
      <UnitQty>לא ידוע</UnitQty>
      <Quantity>800.00</Quantity>
      <UnitOfMeasure>לא ידוע</UnitOfMeasure>
      <bIsWeighted>0</bIsWeighted>
      <QtyInPackage>לא ידוע</QtyInPackage>
      <ItemPrice>29.90</ItemPrice>
      <UnitOfMeasurePrice>0.0374</UnitOfMeasurePrice>
      <AllowDiscount>1</AllowDiscount>
      <ItemStatus>1</ItemStatus>
      <ItemId>248800</ItemId>
    </Item>
    <Item>
      <PriceUpdateDate>2025-09-08 07:57:53</PriceUpdateDate>
      <ItemCode>7290117389300</ItemCode>
      <ItemType>1</ItemType>
      <ItemName>מאסטר שף תבשיל אישי</ItemName>
      <ManufacturerName>לא ידוע</ManufacturerName>
      <ManufactureCountry>לא ידוע</ManufactureCountry>
      <ManufacturerItemDescription>מאסטר שף תבשיל אישי</ManufacturerItemDescription>
      <UnitQty>לא ידוע</UnitQty>
      <Quantity>60.00</Quantity>
      <UnitOfMeasure>לא ידוע</UnitOfMeasure>
      <bIsWeighted>0</bIsWeighted>
      <QtyInPackage>לא ידוע</QtyInPackage>
      <ItemPrice>7.90</ItemPrice>
      <UnitOfMeasurePrice>0.1317</UnitOfMeasurePrice>
      <AllowDiscount>1</AllowDiscount>
      <ItemStatus>1</ItemStatus>
      <ItemId>248804</ItemId>
    </Item>
    <Item>
      <PriceUpdateDate>2025-08-31 10:21:44</PriceUpdateDate>
      <ItemCode>7290019926016</ItemCode>
      <ItemType>1</ItemType>
      <ItemName>האופה שימורי אפונה י</ItemName>
      <ManufacturerName>לא ידוע</ManufacturerName>
      <ManufactureCountry>לא ידוע</ManufactureCountry>
      <ManufacturerItemDescription>האופה שימורי אפונה י</ManufacturerItemDescription>
      <UnitQty>לא ידוע</UnitQty>
      <Quantity>550.00</Quantity>
      <UnitOfMeasure>לא ידוע</UnitOfMeasure>
      <bIsWeighted>0</bIsWeighted>
      <QtyInPackage>לא ידוע</QtyInPackage>
      <ItemPrice>10.90</ItemPrice>
      <UnitOfMeasurePrice>0.0198</UnitOfMeasurePrice>
      <AllowDiscount>1</AllowDiscount>
      <ItemStatus>1</ItemStatus>
      <ItemId>248815</ItemId>
    </Item>
    <Item>
      <PriceUpdateDate>2025-08-31 14:06:02</PriceUpdateDate>
      <ItemCode>7290019926061</ItemCode>
      <ItemType>1</ItemType>
      <ItemName>האופה שימורי אפונה ו</ItemName>
      <ManufacturerName>לא ידוע</ManufacturerName>
      <ManufactureCountry>לא ידוע</ManufactureCountry>
      <ManufacturerItemDescription>האופה שימורי אפונה ו</ManufacturerItemDescription>
      <UnitQty>לא ידוע</UnitQty>
      <Quantity>550.00</Quantity>
      <UnitOfMeasure>לא ידוע</UnitOfMeasure>
      <bIsWeighted>0</bIsWeighted>
      <QtyInPackage>לא ידוע</QtyInPackage>
      <ItemPrice>10.90</ItemPrice>
      <UnitOfMeasurePrice>0.0198</UnitOfMeasurePrice>
      <AllowDiscount>1</AllowDiscount>
      <ItemStatus>1</ItemStatus>
      <ItemId>248816</ItemId>
    </Item>
    <Item>
      <PriceUpdateDate>2025-08-31 14:06:04</PriceUpdateDate>
      <ItemCode>7290019926900</ItemCode>
      <ItemType>1</ItemType>
      <ItemName>האופה שימורי שעועית</ItemName>
      <ManufacturerName>לא ידוע</ManufacturerName>
      <ManufactureCountry>לא ידוע</ManufactureCountry>
      <ManufacturerItemDescription>האופה שימורי שעועית</ManufacturerItemDescription>
      <UnitQty>לא ידוע</UnitQty>
      <Quantity>550.00</Quantity>
      <UnitOfMeasure>לא ידוע</UnitOfMeasure>
      <bIsWeighted>0</bIsWeighted>
      <QtyInPackage>לא ידוע</QtyInPackage>
      <ItemPrice>10.90</ItemPrice>
      <UnitOfMeasurePrice>0.0198</UnitOfMeasurePrice>
      <AllowDiscount>1</AllowDiscount>
      <ItemStatus>1</ItemStatus>
      <ItemId>248818</ItemId>
    </Item>
    <Item>
      <PriceUpdateDate>2025-09-01 08:21:58</PriceUpdateDate>
      <ItemCode>7290019333180</ItemCode>
      <ItemType>1</ItemType>
      <ItemName>בית השיטה ירקות מעור</ItemName>
      <ManufacturerName>לא ידוע</ManufacturerName>
      <ManufactureCountry>לא ידוע</ManufactureCountry>
      <ManufacturerItemDescription>בית השיטה ירקות מעור</ManufacturerItemDescription>
      <UnitQty>לא ידוע</UnitQty>
      <Quantity>320.00</Quantity>
      <UnitOfMeasure>לא ידוע</UnitOfMeasure>
      <bIsWeighted>0</bIsWeighted>
      <QtyInPackage>לא ידוע</QtyInPackage>
      <ItemPrice>18.90</ItemPrice>
      <UnitOfMeasurePrice>0.0591</UnitOfMeasurePrice>
      <AllowDiscount>1</AllowDiscount>
      <ItemStatus>1</ItemStatus>
      <ItemId>248834</ItemId>
    </Item>
    <Item>
      <PriceUpdateDate>2025-09-01 08:21:59</PriceUpdateDate>
      <ItemCode>7290019333302</ItemCode>
      <ItemType>1</ItemType>
      <ItemName>מלפפון בחומץ קרונישו</ItemName>
      <ManufacturerName>לא ידוע</ManufacturerName>
      <ManufactureCountry>לא ידוע</ManufactureCountry>
      <ManufacturerItemDescription>מלפפון בחומץ קרונישו</ManufacturerItemDescription>
      <UnitQty>לא ידוע</UnitQty>
      <Quantity>290.00</Quantity>
      <UnitOfMeasure>לא ידוע</UnitOfMeasure>
      <bIsWeighted>0</bIsWeighted>
      <QtyInPackage>לא ידוע</QtyInPackage>
      <ItemPrice>14.90</ItemPrice>
      <UnitOfMeasurePrice>0.0514</UnitOfMeasurePrice>
      <AllowDiscount>1</AllowDiscount>
      <ItemStatus>1</ItemStatus>
      <ItemId>248835</ItemId>
    </Item>
    <Item>
      <PriceUpdateDate>2025-08-26 11:54:54</PriceUpdateDate>
      <ItemCode>8006040380180</ItemCode>
      <ItemType>1</ItemType>
      <ItemName>משקה שקדים קלאסי 1 ל</ItemName>
      <ManufacturerName>לא ידוע</ManufacturerName>
      <ManufactureCountry>לא ידוע</ManufactureCountry>
      <ManufacturerItemDescription>משקה שקדים קלאסי 1 ל</ManufacturerItemDescription>
      <UnitQty>לא ידוע</UnitQty>
      <Quantity>1000.00</Quantity>
      <UnitOfMeasure>לא ידוע</UnitOfMeasure>
      <bIsWeighted>0</bIsWeighted>
      <QtyInPackage>לא ידוע</QtyInPackage>
      <ItemPrice>14.90</ItemPrice>
      <UnitOfMeasurePrice>0.0149</UnitOfMeasurePrice>
      <AllowDiscount>1</AllowDiscount>
      <ItemStatus>1</ItemStatus>
      <ItemId>248838</ItemId>
    </Item>
    <Item>
      <PriceUpdateDate>2025-09-02 11:45:52</PriceUpdateDate>
      <ItemCode>7290003154005</ItemCode>
      <ItemType>1</ItemType>
      <ItemName>שוקולד צ'יפס 150גרם</ItemName>
      <ManufacturerName>לא ידוע</ManufacturerName>
      <ManufactureCountry>לא ידוע</ManufactureCountry>
      <ManufacturerItemDescription>שוקולד צ'יפס 150גרם</ManufacturerItemDescription>
      <UnitQty>לא ידוע</UnitQty>
      <Quantity>150.00</Quantity>
      <UnitOfMeasure>לא ידוע</UnitOfMeasure>
      <bIsWeighted>0</bIsWeighted>
      <QtyInPackage>לא ידוע</QtyInPackage>
      <ItemPrice>21.90</ItemPrice>
      <UnitOfMeasurePrice>0.1460</UnitOfMeasurePrice>
      <AllowDiscount>1</AllowDiscount>
      <ItemStatus>1</ItemStatus>
      <ItemId>248841</ItemId>
    </Item>
    <Item>
      <PriceUpdateDate>2025-08-26 11:54:54</PriceUpdateDate>
      <ItemCode>8006040380203</ItemCode>
      <ItemType>1</ItemType>
      <ItemName>משקה בטעם חלב 1 ליטר</ItemName>
      <ManufacturerName>לא ידוע</ManufacturerName>
      <ManufactureCountry>לא ידוע</ManufactureCountry>
      <ManufacturerItemDescription>משקה בטעם חלב 1 ליטר</ManufacturerItemDescription>
      <UnitQty>לא ידוע</UnitQty>
      <Quantity>1000.00</Quantity>
      <UnitOfMeasure>לא ידוע</UnitOfMeasure>
      <bIsWeighted>0</bIsWeighted>
      <QtyInPackage>לא ידוע</QtyInPackage>
      <ItemPrice>14.90</ItemPrice>
      <UnitOfMeasurePrice>0.0149</UnitOfMeasurePrice>
      <AllowDiscount>1</AllowDiscount>
      <ItemStatus>1</ItemStatus>
      <ItemId>248847</ItemId>
    </Item>
    <Item>
      <PriceUpdateDate>2025-07-01 16:32:55</PriceUpdateDate>
      <ItemCode>7290118426202</ItemCode>
      <ItemType>1</ItemType>
      <ItemName>ביסלי גריל במבה מיקס</ItemName>
      <ManufacturerName>לא ידוע</ManufacturerName>
      <ManufactureCountry>לא ידוע</ManufactureCountry>
      <ManufacturerItemDescription>ביסלי גריל במבה מיקס</ManufacturerItemDescription>
      <UnitQty>לא ידוע</UnitQty>
      <Quantity>70.00</Quantity>
      <UnitOfMeasure>לא ידוע</UnitOfMeasure>
      <bIsWeighted>0</bIsWeighted>
      <QtyInPackage>לא ידוע</QtyInPackage>
      <ItemPrice>6.90</ItemPrice>
      <UnitOfMeasurePrice>0.0986</UnitOfMeasurePrice>
      <AllowDiscount>1</AllowDiscount>
      <ItemStatus>1</ItemStatus>
      <ItemId>248862</ItemId>
    </Item>
    <Item>
      <PriceUpdateDate>2025-07-01 16:32:55</PriceUpdateDate>
      <ItemCode>7290118426226</ItemCode>
      <ItemType>1</ItemType>
      <ItemName>ביסלי בצל במבה מיקס</ItemName>
      <ManufacturerName>לא ידוע</ManufacturerName>
      <ManufactureCountry>לא ידוע</ManufactureCountry>
      <ManufacturerItemDescription>ביסלי בצל במבה מיקס</ManufacturerItemDescription>
      <UnitQty>לא ידוע</UnitQty>
      <Quantity>70.00</Quantity>
      <UnitOfMeasure>לא ידוע</UnitOfMeasure>
      <bIsWeighted>0</bIsWeighted>
      <QtyInPackage>לא ידוע</QtyInPackage>
      <ItemPrice>6.90</ItemPrice>
      <UnitOfMeasurePrice>0.0986</UnitOfMeasurePrice>
      <AllowDiscount>1</AllowDiscount>
      <ItemStatus>1</ItemStatus>
      <ItemId>248863</ItemId>
    </Item>
    <Item>
      <PriceUpdateDate>2025-07-01 16:32:55</PriceUpdateDate>
      <ItemCode>7290118426240</ItemCode>
      <ItemType>1</ItemType>
      <ItemName>ביסלי ברביקיו במבה מ</ItemName>
      <ManufacturerName>לא ידוע</ManufacturerName>
      <ManufactureCountry>לא ידוע</ManufactureCountry>
      <ManufacturerItemDescription>ביסלי ברביקיו במבה מ</ManufacturerItemDescription>
      <UnitQty>לא ידוע</UnitQty>
      <Quantity>70.00</Quantity>
      <UnitOfMeasure>לא ידוע</UnitOfMeasure>
      <bIsWeighted>0</bIsWeighted>
      <QtyInPackage>לא ידוע</QtyInPackage>
      <ItemPrice>6.90</ItemPrice>
      <UnitOfMeasurePrice>0.0986</UnitOfMeasurePrice>
      <AllowDiscount>1</AllowDiscount>
      <ItemStatus>1</ItemStatus>
      <ItemId>248864</ItemId>
    </Item>
    <Item>
      <PriceUpdateDate>2025-09-03 11:28:29</PriceUpdateDate>
      <ItemCode>7290116535838</ItemCode>
      <ItemType>1</ItemType>
      <ItemName>שמפו פינוק שיער ארוך</ItemName>
      <ManufacturerName>קריות זול</ManufacturerName>
      <ManufactureCountry>לא ידוע</ManufactureCountry>
      <ManufacturerItemDescription>שמפו פינוק שיער ארוך</ManufacturerItemDescription>
      <UnitQty>לא ידוע</UnitQty>
      <Quantity>410.00</Quantity>
      <UnitOfMeasure>לא ידוע</UnitOfMeasure>
      <bIsWeighted>0</bIsWeighted>
      <QtyInPackage>לא ידוע</QtyInPackage>
      <ItemPrice>21.90</ItemPrice>
      <UnitOfMeasurePrice>0.0534</UnitOfMeasurePrice>
      <AllowDiscount>1</AllowDiscount>
      <ItemStatus>1</ItemStatus>
      <ItemId>249021</ItemId>
    </Item>
    <Item>
      <PriceUpdateDate>2025-09-03 11:28:33</PriceUpdateDate>
      <ItemCode>7290116536262</ItemCode>
      <ItemType>1</ItemType>
      <ItemName>בדין אקסטרא פלוס כחו</ItemName>
      <ManufacturerName>לא ידוע</ManufacturerName>
      <ManufactureCountry>לא ידוע</ManufactureCountry>
      <ManufacturerItemDescription>בדין אקסטרא פלוס כחו</ManufacturerItemDescription>
      <UnitQty>לא ידוע</UnitQty>
      <Quantity>960.00</Quantity>
      <UnitOfMeasure>לא ידוע</UnitOfMeasure>
      <bIsWeighted>0</bIsWeighted>
      <QtyInPackage>לא ידוע</QtyInPackage>
      <ItemPrice>20.90</ItemPrice>
      <UnitOfMeasurePrice>0.0218</UnitOfMeasurePrice>
      <AllowDiscount>1</AllowDiscount>
      <ItemStatus>1</ItemStatus>
      <ItemId>249028</ItemId>
    </Item>
    <Item>
      <PriceUpdateDate>2025-09-03 11:28:33</PriceUpdateDate>
      <ItemCode>7290116536279</ItemCode>
      <ItemType>1</ItemType>
      <ItemName>בדין אקסטרא פלוס ורו</ItemName>
      <ManufacturerName>לא ידוע</ManufacturerName>
      <ManufactureCountry>לא ידוע</ManufactureCountry>
      <ManufacturerItemDescription>בדין אקסטרא פלוס ורו</ManufacturerItemDescription>
      <UnitQty>לא ידוע</UnitQty>
      <Quantity>960.00</Quantity>
      <UnitOfMeasure>לא ידוע</UnitOfMeasure>
      <bIsWeighted>0</bIsWeighted>
      <QtyInPackage>לא ידוע</QtyInPackage>
      <ItemPrice>20.90</ItemPrice>
      <UnitOfMeasurePrice>0.0218</UnitOfMeasurePrice>
      <AllowDiscount>1</AllowDiscount>
      <ItemStatus>1</ItemStatus>
      <ItemId>249029</ItemId>
    </Item>
    <Item>
      <PriceUpdateDate>2025-09-03 11:28:34</PriceUpdateDate>
      <ItemCode>7290116536316</ItemCode>
      <ItemType>1</ItemType>
      <ItemName>בדין אקסטרא פלוס ביי</ItemName>
      <ManufacturerName>לא ידוע</ManufacturerName>
      <ManufactureCountry>לא ידוע</ManufactureCountry>
      <ManufacturerItemDescription>בדין אקסטרא פלוס ביי</ManufacturerItemDescription>
      <UnitQty>לא ידוע</UnitQty>
      <Quantity>960.00</Quantity>
      <UnitOfMeasure>לא ידוע</UnitOfMeasure>
      <bIsWeighted>0</bIsWeighted>
      <QtyInPackage>לא ידוע</QtyInPackage>
      <ItemPrice>20.90</ItemPrice>
      <UnitOfMeasurePrice>0.0218</UnitOfMeasurePrice>
      <AllowDiscount>1</AllowDiscount>
      <ItemStatus>1</ItemStatus>
      <ItemId>249030</ItemId>
    </Item>
    <Item>
      <PriceUpdateDate>2025-05-06 15:44:07</PriceUpdateDate>
      <ItemCode>7290116536323</ItemCode>
      <ItemType>1</ItemType>
      <ItemName>בדין אקסטרא בייבי צה</ItemName>
      <ManufacturerName>לא ידוע</ManufacturerName>
      <ManufactureCountry>לא ידוע</ManufactureCountry>
      <ManufacturerItemDescription>בדין אקסטרא בייבי צה</ManufacturerItemDescription>
      <UnitQty>לא ידוע</UnitQty>
      <Quantity>960.00</Quantity>
      <UnitOfMeasure>לא ידוע</UnitOfMeasure>
      <bIsWeighted>0</bIsWeighted>
      <QtyInPackage>לא ידוע</QtyInPackage>
      <ItemPrice>19.90</ItemPrice>
      <UnitOfMeasurePrice>0.0207</UnitOfMeasurePrice>
      <AllowDiscount>1</AllowDiscount>
      <ItemStatus>1</ItemStatus>
      <ItemId>249031</ItemId>
    </Item>
    <Item>
      <PriceUpdateDate>2025-05-06 15:44:08</PriceUpdateDate>
      <ItemCode>7290116536347</ItemCode>
      <ItemType>1</ItemType>
      <ItemName>בדין אקסטרא  פלוס פי</ItemName>
      <ManufacturerName>לא ידוע</ManufacturerName>
      <ManufactureCountry>לא ידוע</ManufactureCountry>
      <ManufacturerItemDescription>בדין אקסטרא  פלוס פי</ManufacturerItemDescription>
      <UnitQty>לא ידוע</UnitQty>
      <Quantity>960.00</Quantity>
      <UnitOfMeasure>לא ידוע</UnitOfMeasure>
      <bIsWeighted>0</bIsWeighted>
      <QtyInPackage>לא ידוע</QtyInPackage>
      <ItemPrice>19.90</ItemPrice>
      <UnitOfMeasurePrice>0.0207</UnitOfMeasurePrice>
      <AllowDiscount>1</AllowDiscount>
      <ItemStatus>1</ItemStatus>
      <ItemId>249032</ItemId>
    </Item>
    <Item>
      <PriceUpdateDate>2025-08-28 10:19:05</PriceUpdateDate>
      <ItemCode>7290117265635</ItemCode>
      <ItemType>1</ItemType>
      <ItemName>טורטייה 560 גרם</ItemName>
      <ManufacturerName>לא ידוע</ManufacturerName>
      <ManufactureCountry>לא ידוע</ManufactureCountry>
      <ManufacturerItemDescription>טורטייה 560 גרם</ManufacturerItemDescription>
      <UnitQty>לא ידוע</UnitQty>
      <Quantity>560.00</Quantity>
      <UnitOfMeasure>לא ידוע</UnitOfMeasure>
      <bIsWeighted>0</bIsWeighted>
      <QtyInPackage>לא ידוע</QtyInPackage>
      <ItemPrice>12.90</ItemPrice>
      <UnitOfMeasurePrice>0.0230</UnitOfMeasurePrice>
      <AllowDiscount>1</AllowDiscount>
      <ItemStatus>1</ItemStatus>
      <ItemId>249048</ItemId>
    </Item>
    <Item>
      <PriceUpdateDate>2025-09-07 10:41:33</PriceUpdateDate>
      <ItemCode>7290108353259</ItemCode>
      <ItemType>1</ItemType>
      <ItemName>כיף שמפו ומרכך 2 ב1</ItemName>
      <ManufacturerName>לא ידוע</ManufacturerName>
      <ManufactureCountry>לא ידוע</ManufactureCountry>
      <ManufacturerItemDescription>כיף שמפו ומרכך 2 ב1</ManufacturerItemDescription>
      <UnitQty>לא ידוע</UnitQty>
      <Quantity>700.00</Quantity>
      <UnitOfMeasure>לא ידוע</UnitOfMeasure>
      <bIsWeighted>0</bIsWeighted>
      <QtyInPackage>לא ידוע</QtyInPackage>
      <ItemPrice>13.90</ItemPrice>
      <UnitOfMeasurePrice>0.0199</UnitOfMeasurePrice>
      <AllowDiscount>1</AllowDiscount>
      <ItemStatus>1</ItemStatus>
      <ItemId>249061</ItemId>
    </Item>
    <Item>
      <PriceUpdateDate>2025-11-04 12:33:34</PriceUpdateDate>
      <ItemCode>7290108357899</ItemCode>
      <ItemType>1</ItemType>
      <ItemName>כיף אל סבון כותון טא</ItemName>
      <ManufacturerName>לא ידוע</ManufacturerName>
      <ManufactureCountry>לא ידוע</ManufactureCountry>
      <ManufacturerItemDescription>כיף אל סבון כותון טא</ManufacturerItemDescription>
      <UnitQty>לא ידוע</UnitQty>
      <Quantity>1000.00</Quantity>
      <UnitOfMeasure>לא ידוע</UnitOfMeasure>
      <bIsWeighted>0</bIsWeighted>
      <QtyInPackage>לא ידוע</QtyInPackage>
      <ItemPrice>14.90</ItemPrice>
      <UnitOfMeasurePrice>0.0149</UnitOfMeasurePrice>
      <AllowDiscount>1</AllowDiscount>
      <ItemStatus>1</ItemStatus>
      <ItemId>249074</ItemId>
    </Item>
    <Item>
      <PriceUpdateDate>2025-08-20 09:49:49</PriceUpdateDate>
      <ItemCode>7290006960740</ItemCode>
      <ItemType>1</ItemType>
      <ItemName>גיוזה במילוי עוף 300</ItemName>
      <ManufacturerName>לא ידוע</ManufacturerName>
      <ManufactureCountry>לא ידוע</ManufactureCountry>
      <ManufacturerItemDescription>גיוזה במילוי עוף 300</ManufacturerItemDescription>
      <UnitQty>לא ידוע</UnitQty>
      <Quantity>300.00</Quantity>
      <UnitOfMeasure>לא ידוע</UnitOfMeasure>
      <bIsWeighted>0</bIsWeighted>
      <QtyInPackage>לא ידוע</QtyInPackage>
      <ItemPrice>34.90</ItemPrice>
      <UnitOfMeasurePrice>0.1163</UnitOfMeasurePrice>
      <AllowDiscount>1</AllowDiscount>
      <ItemStatus>1</ItemStatus>
      <ItemId>249147</ItemId>
    </Item>
    <Item>
      <PriceUpdateDate>2025-08-31 10:00:01</PriceUpdateDate>
      <ItemCode>7290019870487</ItemCode>
      <ItemType>1</ItemType>
      <ItemName>לוקיטוס שטיחים חמוצי</ItemName>
      <ManufacturerName>לא ידוע</ManufacturerName>
      <ManufactureCountry>לא ידוע</ManufactureCountry>
      <ManufacturerItemDescription>לוקיטוס שטיחים חמוצי</ManufacturerItemDescription>
      <UnitQty>לא ידוע</UnitQty>
      <Quantity>180.00</Quantity>
      <UnitOfMeasure>לא ידוע</UnitOfMeasure>
      <bIsWeighted>0</bIsWeighted>
      <QtyInPackage>לא ידוע</QtyInPackage>
      <ItemPrice>11.90</ItemPrice>
      <UnitOfMeasurePrice>0.0661</UnitOfMeasurePrice>
      <AllowDiscount>1</AllowDiscount>
      <ItemStatus>1</ItemStatus>
      <ItemId>249156</ItemId>
    </Item>
    <Item>
      <PriceUpdateDate>2025-04-20 07:59:43</PriceUpdateDate>
      <ItemCode>7290121160230</ItemCode>
      <ItemType>1</ItemType>
      <ItemName>מאסטר שף פירורי פנקו</ItemName>
      <ManufacturerName>לא ידוע</ManufacturerName>
      <ManufactureCountry>לא ידוע</ManufactureCountry>
      <ManufacturerItemDescription>מאסטר שף פירורי פנקו</ManufacturerItemDescription>
      <UnitQty>לא ידוע</UnitQty>
      <Quantity>240.00</Quantity>
      <UnitOfMeasure>לא ידוע</UnitOfMeasure>
      <bIsWeighted>0</bIsWeighted>
      <QtyInPackage>לא ידוע</QtyInPackage>
      <ItemPrice>9.90</ItemPrice>
      <UnitOfMeasurePrice>0.0413</UnitOfMeasurePrice>
      <AllowDiscount>1</AllowDiscount>
      <ItemStatus>1</ItemStatus>
      <ItemId>249163</ItemId>
    </Item>
    <Item>
      <PriceUpdateDate>2025-11-02 11:35:53</PriceUpdateDate>
      <ItemCode>8710502447006</ItemCode>
      <ItemType>1</ItemType>
      <ItemName>מרבה עוגיות שוקולד צ</ItemName>
      <ManufacturerName>קריות זול</ManufacturerName>
      <ManufactureCountry>לא ידוע</ManufactureCountry>
      <ManufacturerItemDescription>מרבה עוגיות שוקולד צ</ManufacturerItemDescription>
      <UnitQty>לא ידוע</UnitQty>
      <Quantity>160.00</Quantity>
      <UnitOfMeasure>לא ידוע</UnitOfMeasure>
      <bIsWeighted>0</bIsWeighted>
      <QtyInPackage>לא ידוע</QtyInPackage>
      <ItemPrice>15.90</ItemPrice>
      <UnitOfMeasurePrice>0.0994</UnitOfMeasurePrice>
      <AllowDiscount>1</AllowDiscount>
      <ItemStatus>1</ItemStatus>
      <ItemId>249165</ItemId>
    </Item>
    <Item>
      <PriceUpdateDate>2025-08-26 10:33:59</PriceUpdateDate>
      <ItemCode>7290018989562</ItemCode>
      <ItemType>1</ItemType>
      <ItemName>פרחי כרובית קפואים 7</ItemName>
      <ManufacturerName>לא ידוע</ManufacturerName>
      <ManufactureCountry>לא ידוע</ManufactureCountry>
      <ManufacturerItemDescription>פרחי כרובית קפואים 7</ManufacturerItemDescription>
      <UnitQty>לא ידוע</UnitQty>
      <Quantity>700.00</Quantity>
      <UnitOfMeasure>לא ידוע</UnitOfMeasure>
      <bIsWeighted>0</bIsWeighted>
      <QtyInPackage>לא ידוע</QtyInPackage>
      <ItemPrice>23.90</ItemPrice>
      <UnitOfMeasurePrice>0.0341</UnitOfMeasurePrice>
      <AllowDiscount>1</AllowDiscount>
      <ItemStatus>1</ItemStatus>
      <ItemId>249173</ItemId>
    </Item>
    <Item>
      <PriceUpdateDate>2025-09-08 07:54:26</PriceUpdateDate>
      <ItemCode>7290016580228</ItemCode>
      <ItemType>1</ItemType>
      <ItemName>תבנית אפייה נייר אינ</ItemName>
      <ManufacturerName>לא ידוע</ManufacturerName>
      <ManufactureCountry>לא ידוע</ManufactureCountry>
      <ManufacturerItemDescription>תבנית אפייה נייר אינ</ManufacturerItemDescription>
      <UnitQty>לא ידוע</UnitQty>
      <Quantity>6.00</Quantity>
      <UnitOfMeasure>לא ידוע</UnitOfMeasure>
      <bIsWeighted>0</bIsWeighted>
      <QtyInPackage>לא ידוע</QtyInPackage>
      <ItemPrice>11.90</ItemPrice>
      <UnitOfMeasurePrice>1.9833</UnitOfMeasurePrice>
      <AllowDiscount>1</AllowDiscount>
      <ItemStatus>1</ItemStatus>
      <ItemId>249192</ItemId>
    </Item>
    <Item>
      <PriceUpdateDate>2024-12-17 07:33:02</PriceUpdateDate>
      <ItemCode>7290001567043</ItemCode>
      <ItemType>1</ItemType>
      <ItemName>פסטרמה מעודנת על גחל</ItemName>
      <ManufacturerName>לא ידוע</ManufacturerName>
      <ManufactureCountry>לא ידוע</ManufactureCountry>
      <ManufacturerItemDescription>פסטרמה מעודנת על גחל</ManufacturerItemDescription>
      <UnitQty>קילוגרמים</UnitQty>
      <Quantity>1.00</Quantity>
      <UnitOfMeasure>ק"ג</UnitOfMeasure>
      <bIsWeighted>1</bIsWeighted>
      <QtyInPackage>לא ידוע</QtyInPackage>
      <ItemPrice>69.00</ItemPrice>
      <UnitOfMeasurePrice>69.0000</UnitOfMeasurePrice>
      <AllowDiscount>1</AllowDiscount>
      <ItemStatus>1</ItemStatus>
      <ItemId>131490</ItemId>
    </Item>
    <Item>
      <PriceUpdateDate>2025-08-27 11:29:56</PriceUpdateDate>
      <ItemCode>7290018564806</ItemCode>
      <ItemType>1</ItemType>
      <ItemName>פיצה מרגריטה 370 גרם</ItemName>
      <ManufacturerName>לא ידוע</ManufacturerName>
      <ManufactureCountry>לא ידוע</ManufactureCountry>
      <ManufacturerItemDescription>פיצה מרגריטה 370 גרם</ManufacturerItemDescription>
      <UnitQty>לא ידוע</UnitQty>
      <Quantity>370.00</Quantity>
      <UnitOfMeasure>לא ידוע</UnitOfMeasure>
      <bIsWeighted>0</bIsWeighted>
      <QtyInPackage>לא ידוע</QtyInPackage>
      <ItemPrice>20.90</ItemPrice>
      <UnitOfMeasurePrice>0.0565</UnitOfMeasurePrice>
      <AllowDiscount>1</AllowDiscount>
      <ItemStatus>1</ItemStatus>
      <ItemId>250923</ItemId>
    </Item>
    <Item>
      <PriceUpdateDate>2025-03-03 16:05:28</PriceUpdateDate>
      <ItemCode>7290006214003</ItemCode>
      <ItemType>1</ItemType>
      <ItemName>חלבה ממולאת תפזורת</ItemName>
      <ManufacturerName>לא ידוע</ManufacturerName>
      <ManufactureCountry>לא ידוע</ManufactureCountry>
      <ManufacturerItemDescription>חלבה ממולאת תפזורת</ManufacturerItemDescription>
      <UnitQty>קילוגרמים</UnitQty>
      <Quantity>1.00</Quantity>
      <UnitOfMeasure>ק"ג</UnitOfMeasure>
      <bIsWeighted>1</bIsWeighted>
      <QtyInPackage>לא ידוע</QtyInPackage>
      <ItemPrice>60.00</ItemPrice>
      <UnitOfMeasurePrice>60.0000</UnitOfMeasurePrice>
      <AllowDiscount>1</AllowDiscount>
      <ItemStatus>1</ItemStatus>
      <ItemId>251842</ItemId>
    </Item>
    <Item>
      <PriceUpdateDate>2025-08-19 11:30:59</PriceUpdateDate>
      <ItemCode>7290000318127</ItemCode>
      <ItemType>1</ItemType>
      <ItemName>נקניקיות ביס יחיעם 3</ItemName>
      <ManufacturerName>קריות זול</ManufacturerName>
      <ManufactureCountry>לא ידוע</ManufactureCountry>
      <ManufacturerItemDescription>נקניקיות ביס יחיעם 3</ManufacturerItemDescription>
      <UnitQty>לא ידוע</UnitQty>
      <Quantity>380.00</Quantity>
      <UnitOfMeasure>לא ידוע</UnitOfMeasure>
      <bIsWeighted>0</bIsWeighted>
      <QtyInPackage>לא ידוע</QtyInPackage>
      <ItemPrice>17.50</ItemPrice>
      <UnitOfMeasurePrice>0.0461</UnitOfMeasurePrice>
      <AllowDiscount>1</AllowDiscount>
      <ItemStatus>1</ItemStatus>
      <ItemId>131495</ItemId>
    </Item>
    <Item>
      <PriceUpdateDate>2025-08-19 11:31:02</PriceUpdateDate>
      <ItemCode>7290000318677</ItemCode>
      <ItemType>1</ItemType>
      <ItemName>סלמי סרוולט יחיעם 15</ItemName>
      <ManufacturerName>קריות זול</ManufacturerName>
      <ManufactureCountry>לא ידוע</ManufactureCountry>
      <ManufacturerItemDescription>סלמי סרוולט יחיעם 15</ManufacturerItemDescription>
      <UnitQty>לא ידוע</UnitQty>
      <Quantity>150.00</Quantity>
      <UnitOfMeasure>לא ידוע</UnitOfMeasure>
      <bIsWeighted>0</bIsWeighted>
      <QtyInPackage>לא ידוע</QtyInPackage>
      <ItemPrice>35.90</ItemPrice>
      <UnitOfMeasurePrice>0.2393</UnitOfMeasurePrice>
      <AllowDiscount>1</AllowDiscount>
      <ItemStatus>1</ItemStatus>
      <ItemId>131512</ItemId>
    </Item>
    <Item>
      <PriceUpdateDate>2025-08-19 11:31:03</PriceUpdateDate>
      <ItemCode>7290000318738</ItemCode>
      <ItemType>1</ItemType>
      <ItemName>נקניק עוף יחיעם 450</ItemName>
      <ManufacturerName>קריות זול</ManufacturerName>
      <ManufactureCountry>לא ידוע</ManufactureCountry>
      <ManufacturerItemDescription>נקניק עוף יחיעם 450</ManufacturerItemDescription>
      <UnitQty>לא ידוע</UnitQty>
      <Quantity>450.00</Quantity>
      <UnitOfMeasure>לא ידוע</UnitOfMeasure>
      <bIsWeighted>0</bIsWeighted>
      <QtyInPackage>לא ידוע</QtyInPackage>
      <ItemPrice>17.90</ItemPrice>
      <UnitOfMeasurePrice>0.0398</UnitOfMeasurePrice>
      <AllowDiscount>1</AllowDiscount>
      <ItemStatus>1</ItemStatus>
      <ItemId>131516</ItemId>
    </Item>
    <Item>
      <PriceUpdateDate>2025-08-19 11:31:06</PriceUpdateDate>
      <ItemCode>7290000318943</ItemCode>
      <ItemType>1</ItemType>
      <ItemName>פסטרמה של פעם 200 גר</ItemName>
      <ManufacturerName>קריות זול</ManufacturerName>
      <ManufactureCountry>לא ידוע</ManufactureCountry>
      <ManufacturerItemDescription>פסטרמה של פעם 200 גר</ManufacturerItemDescription>
      <UnitQty>לא ידוע</UnitQty>
      <Quantity>200.00</Quantity>
      <UnitOfMeasure>לא ידוע</UnitOfMeasure>
      <bIsWeighted>0</bIsWeighted>
      <QtyInPackage>לא ידוע</QtyInPackage>
      <ItemPrice>28.90</ItemPrice>
      <UnitOfMeasurePrice>0.1445</UnitOfMeasurePrice>
      <AllowDiscount>1</AllowDiscount>
      <ItemStatus>1</ItemStatus>
      <ItemId>131523</ItemId>
    </Item>
    <Item>
      <PriceUpdateDate>2025-08-19 11:31:10</PriceUpdateDate>
      <ItemCode>7290000319124</ItemCode>
      <ItemType>1</ItemType>
      <ItemName>סלמי סרוולט 250 גרם</ItemName>
      <ManufacturerName>קריות זול</ManufacturerName>
      <ManufactureCountry>לא ידוע</ManufactureCountry>
      <ManufacturerItemDescription>סלמי סרוולט 250 גרם</ManufacturerItemDescription>
      <UnitQty>לא ידוע</UnitQty>
      <Quantity>250.00</Quantity>
      <UnitOfMeasure>לא ידוע</UnitOfMeasure>
      <bIsWeighted>0</bIsWeighted>
      <QtyInPackage>לא ידוע</QtyInPackage>
      <ItemPrice>46.90</ItemPrice>
      <UnitOfMeasurePrice>0.1876</UnitOfMeasurePrice>
      <AllowDiscount>1</AllowDiscount>
      <ItemStatus>1</ItemStatus>
      <ItemId>131528</ItemId>
    </Item>
    <Item>
      <PriceUpdateDate>2025-08-19 11:31:10</PriceUpdateDate>
      <ItemCode>7290000319131</ItemCode>
      <ItemType>1</ItemType>
      <ItemName>נקניקיות עוף יחיעם 4</ItemName>
      <ManufacturerName>קריות זול</ManufacturerName>
      <ManufactureCountry>לא ידוע</ManufactureCountry>
      <ManufacturerItemDescription>נקניקיות עוף יחיעם 4</ManufacturerItemDescription>
      <UnitQty>לא ידוע</UnitQty>
      <Quantity>400.00</Quantity>
      <UnitOfMeasure>לא ידוע</UnitOfMeasure>
      <bIsWeighted>0</bIsWeighted>
      <QtyInPackage>לא ידוע</QtyInPackage>
      <ItemPrice>17.50</ItemPrice>
      <UnitOfMeasurePrice>0.0438</UnitOfMeasurePrice>
      <AllowDiscount>1</AllowDiscount>
      <ItemStatus>1</ItemStatus>
      <ItemId>131529</ItemId>
    </Item>
    <Item>
      <PriceUpdateDate>2025-08-19 11:31:16</PriceUpdateDate>
      <ItemCode>7290000319803</ItemCode>
      <ItemType>1</ItemType>
      <ItemName>קבנוס קלאסי יחיעם 12</ItemName>
      <ManufacturerName>לא ידוע</ManufacturerName>
      <ManufactureCountry>לא ידוע</ManufactureCountry>
      <ManufacturerItemDescription>קבנוס קלאסי יחיעם 12</ManufacturerItemDescription>
      <UnitQty>לא ידוע</UnitQty>
      <Quantity>125.00</Quantity>
      <UnitOfMeasure>לא ידוע</UnitOfMeasure>
      <bIsWeighted>0</bIsWeighted>
      <QtyInPackage>לא ידוע</QtyInPackage>
      <ItemPrice>20.90</ItemPrice>
      <UnitOfMeasurePrice>0.1672</UnitOfMeasurePrice>
      <AllowDiscount>1</AllowDiscount>
      <ItemStatus>1</ItemStatus>
      <ItemId>131554</ItemId>
    </Item>
    <Item>
      <PriceUpdateDate>2025-08-19 11:31:17</PriceUpdateDate>
      <ItemCode>7290000319834</ItemCode>
      <ItemType>1</ItemType>
      <ItemName>קבנוס פפרוני קלאסי י</ItemName>
      <ManufacturerName>לא ידוע</ManufacturerName>
      <ManufactureCountry>לא ידוע</ManufactureCountry>
      <ManufacturerItemDescription>קבנוס פפרוני קלאסי י</ManufacturerItemDescription>
      <UnitQty>לא ידוע</UnitQty>
      <Quantity>125.00</Quantity>
      <UnitOfMeasure>לא ידוע</UnitOfMeasure>
      <bIsWeighted>0</bIsWeighted>
      <QtyInPackage>לא ידוע</QtyInPackage>
      <ItemPrice>19.90</ItemPrice>
      <UnitOfMeasurePrice>0.1592</UnitOfMeasurePrice>
      <AllowDiscount>1</AllowDiscount>
      <ItemStatus>1</ItemStatus>
      <ItemId>131556</ItemId>
    </Item>
    <Item>
      <PriceUpdateDate>2025-08-19 11:31:20</PriceUpdateDate>
      <ItemCode>7290001121238</ItemCode>
      <ItemType>1</ItemType>
      <ItemName>נקניק קורנדביף 180 ג</ItemName>
      <ManufacturerName>לא ידוע</ManufacturerName>
      <ManufactureCountry>לא ידוע</ManufactureCountry>
      <ManufacturerItemDescription>נקניק קורנדביף 180 ג</ManufacturerItemDescription>
      <UnitQty>לא ידוע</UnitQty>
      <Quantity>180.00</Quantity>
      <UnitOfMeasure>לא ידוע</UnitOfMeasure>
      <bIsWeighted>0</bIsWeighted>
      <QtyInPackage>לא ידוע</QtyInPackage>
      <ItemPrice>35.90</ItemPrice>
      <UnitOfMeasurePrice>0.1994</UnitOfMeasurePrice>
      <AllowDiscount>1</AllowDiscount>
      <ItemStatus>1</ItemStatus>
      <ItemId>131564</ItemId>
    </Item>
    <Item>
      <PriceUpdateDate>2025-09-08 07:54:26</PriceUpdateDate>
      <ItemCode>7290016580259</ItemCode>
      <ItemType>1</ItemType>
      <ItemName>תבנית אפייה נייר עגו</ItemName>
      <ManufacturerName>לא ידוע</ManufacturerName>
      <ManufactureCountry>לא ידוע</ManufactureCountry>
      <ManufacturerItemDescription>תבנית אפייה נייר עגו</ManufacturerItemDescription>
      <UnitQty>לא ידוע</UnitQty>
      <Quantity>3.00</Quantity>
      <UnitOfMeasure>לא ידוע</UnitOfMeasure>
      <bIsWeighted>0</bIsWeighted>
      <QtyInPackage>לא ידוע</QtyInPackage>
      <ItemPrice>9.90</ItemPrice>
      <UnitOfMeasurePrice>3.3000</UnitOfMeasurePrice>
      <AllowDiscount>1</AllowDiscount>
      <ItemStatus>1</ItemStatus>
      <ItemId>249193</ItemId>
    </Item>
    <Item>
      <PriceUpdateDate>2025-09-08 07:54:44</PriceUpdateDate>
      <ItemCode>7290019168225</ItemCode>
      <ItemType>1</ItemType>
      <ItemName>מיכל פופקורן 26 אוז</ItemName>
      <ManufacturerName>לא ידוע</ManufacturerName>
      <ManufactureCountry>לא ידוע</ManufactureCountry>
      <ManufacturerItemDescription>מיכל פופקורן 26 אוז</ManufacturerItemDescription>
      <UnitQty>לא ידוע</UnitQty>
      <Quantity>8.00</Quantity>
      <UnitOfMeasure>לא ידוע</UnitOfMeasure>
      <bIsWeighted>0</bIsWeighted>
      <QtyInPackage>לא ידוע</QtyInPackage>
      <ItemPrice>9.90</ItemPrice>
      <UnitOfMeasurePrice>1.2375</UnitOfMeasurePrice>
      <AllowDiscount>1</AllowDiscount>
      <ItemStatus>1</ItemStatus>
      <ItemId>249196</ItemId>
    </Item>
    <Item>
      <PriceUpdateDate>2025-09-08 07:58:36</PriceUpdateDate>
      <ItemCode>8718951579590</ItemCode>
      <ItemType>1</ItemType>
      <ItemName>מרידול משחת שיניים פ</ItemName>
      <ManufacturerName>לא ידוע</ManufacturerName>
      <ManufactureCountry>לא ידוע</ManufactureCountry>
      <ManufacturerItemDescription>מרידול משחת שיניים פ</ManufacturerItemDescription>
      <UnitQty>לא ידוע</UnitQty>
      <Quantity>75.00</Quantity>
      <UnitOfMeasure>לא ידוע</UnitOfMeasure>
      <bIsWeighted>0</bIsWeighted>
      <QtyInPackage>לא ידוע</QtyInPackage>
      <ItemPrice>29.90</ItemPrice>
      <UnitOfMeasurePrice>0.3987</UnitOfMeasurePrice>
      <AllowDiscount>1</AllowDiscount>
      <ItemStatus>1</ItemStatus>
      <ItemId>249238</ItemId>
    </Item>
    <Item>
      <PriceUpdateDate>2024-09-02 17:52:24</PriceUpdateDate>
      <ItemCode>7290003914012</ItemCode>
      <ItemType>1</ItemType>
      <ItemName>שוקיים עוף טרי</ItemName>
      <ManufacturerName>לא ידוע</ManufacturerName>
      <ManufactureCountry>ישראל</ManufactureCountry>
      <ManufacturerItemDescription>שוקיים עוף טרי</ManufacturerItemDescription>
      <UnitQty>קילוגרמים</UnitQty>
      <Quantity>1.00</Quantity>
      <UnitOfMeasure>ק"ג</UnitOfMeasure>
      <bIsWeighted>1</bIsWeighted>
      <QtyInPackage>לא ידוע</QtyInPackage>
      <ItemPrice>35.90</ItemPrice>
      <UnitOfMeasurePrice>35.9000</UnitOfMeasurePrice>
      <AllowDiscount>1</AllowDiscount>
      <ItemStatus>1</ItemStatus>
      <ItemId>249250</ItemId>
    </Item>
    <Item>
      <PriceUpdateDate>2025-08-31 09:24:32</PriceUpdateDate>
      <ItemCode>6440003100095</ItemCode>
      <ItemType>1</ItemType>
      <ItemName>וודקה פינלנדיה 700 מ</ItemName>
      <ManufacturerName>לא ידוע</ManufacturerName>
      <ManufactureCountry>לא ידוע</ManufactureCountry>
      <ManufacturerItemDescription>וודקה פינלנדיה 700 מ</ManufacturerItemDescription>
      <UnitQty>לא ידוע</UnitQty>
      <Quantity>700.00</Quantity>
      <UnitOfMeasure>לא ידוע</UnitOfMeasure>
      <bIsWeighted>0</bIsWeighted>
      <QtyInPackage>לא ידוע</QtyInPackage>
      <ItemPrice>85.90</ItemPrice>
      <UnitOfMeasurePrice>0.1227</UnitOfMeasurePrice>
      <AllowDiscount>1</AllowDiscount>
      <ItemStatus>1</ItemStatus>
      <ItemId>249256</ItemId>
    </Item>
    <Item>
      <PriceUpdateDate>2025-09-08 07:56:57</PriceUpdateDate>
      <ItemCode>7290017386041</ItemCode>
      <ItemType>1</ItemType>
      <ItemName>חמאת בוטנים קלאסית כ</ItemName>
      <ManufacturerName>לא ידוע</ManufacturerName>
      <ManufactureCountry>לא ידוע</ManufactureCountry>
      <ManufacturerItemDescription>חמאת בוטנים קלאסית כ</ManufacturerItemDescription>
      <UnitQty>לא ידוע</UnitQty>
      <Quantity>510.00</Quantity>
      <UnitOfMeasure>לא ידוע</UnitOfMeasure>
      <bIsWeighted>0</bIsWeighted>
      <QtyInPackage>לא ידוע</QtyInPackage>
      <ItemPrice>15.90</ItemPrice>
      <UnitOfMeasurePrice>0.0312</UnitOfMeasurePrice>
      <AllowDiscount>1</AllowDiscount>
      <ItemStatus>1</ItemStatus>
      <ItemId>249442</ItemId>
    </Item>
    <Item>
      <PriceUpdateDate>2025-08-19 08:21:34</PriceUpdateDate>
      <ItemCode>4003754256422</ItemCode>
      <ItemType>1</ItemType>
      <ItemName>סרגל לבבות מרציפן שו</ItemName>
      <ManufacturerName>לא ידוע</ManufacturerName>
      <ManufactureCountry>לא ידוע</ManufactureCountry>
      <ManufacturerItemDescription>סרגל לבבות מרציפן שו</ManufacturerItemDescription>
      <UnitQty>לא ידוע</UnitQty>
      <Quantity>50.00</Quantity>
      <UnitOfMeasure>לא ידוע</UnitOfMeasure>
      <bIsWeighted>0</bIsWeighted>
      <QtyInPackage>לא ידוע</QtyInPackage>
      <ItemPrice>12.90</ItemPrice>
      <UnitOfMeasurePrice>0.2580</UnitOfMeasurePrice>
      <AllowDiscount>1</AllowDiscount>
      <ItemStatus>1</ItemStatus>
      <ItemId>249493</ItemId>
    </Item>
    <Item>
      <PriceUpdateDate>2025-12-29 15:03:41</PriceUpdateDate>
      <ItemCode>4003754236141</ItemCode>
      <ItemType>1</ItemType>
      <ItemName>טבלת מרציפן מצופה שו</ItemName>
      <ManufacturerName>לא ידוע</ManufacturerName>
      <ManufactureCountry>לא ידוע</ManufactureCountry>
      <ManufacturerItemDescription>טבלת מרציפן מצופה שו</ManufacturerItemDescription>
      <UnitQty>לא ידוע</UnitQty>
      <Quantity>140.00</Quantity>
      <UnitOfMeasure>לא ידוע</UnitOfMeasure>
      <bIsWeighted>0</bIsWeighted>
      <QtyInPackage>לא ידוע</QtyInPackage>
      <ItemPrice>18.90</ItemPrice>
      <UnitOfMeasurePrice>0.1350</UnitOfMeasurePrice>
      <AllowDiscount>1</AllowDiscount>
      <ItemStatus>1</ItemStatus>
      <ItemId>249507</ItemId>
    </Item>
    <Item>
      <PriceUpdateDate>2025-08-19 08:33:24</PriceUpdateDate>
      <ItemCode>5206759020718</ItemCode>
      <ItemType>1</ItemType>
      <ItemName>סוכריות גלי 700 גר</ItemName>
      <ManufacturerName>פריטי המותג של יאיר</ManufacturerName>
      <ManufactureCountry>לא ידוע</ManufactureCountry>
      <ManufacturerItemDescription>סוכריות גלי 700 גר</ManufacturerItemDescription>
      <UnitQty>לא ידוע</UnitQty>
      <Quantity>700.00</Quantity>
      <UnitOfMeasure>לא ידוע</UnitOfMeasure>
      <bIsWeighted>0</bIsWeighted>
      <QtyInPackage>לא ידוע</QtyInPackage>
      <ItemPrice>20.90</ItemPrice>
      <UnitOfMeasurePrice>0.0299</UnitOfMeasurePrice>
      <AllowDiscount>1</AllowDiscount>
      <ItemStatus>1</ItemStatus>
      <ItemId>249531</ItemId>
    </Item>
    <Item>
      <PriceUpdateDate>2025-09-08 07:55:14</PriceUpdateDate>
      <ItemCode>7290019401353</ItemCode>
      <ItemType>1</ItemType>
      <ItemName>חטיף פרוטאין מקס בטע</ItemName>
      <ManufacturerName>פרוטאין מקס</ManufacturerName>
      <ManufactureCountry>לא ידוע</ManufactureCountry>
      <ManufacturerItemDescription>חטיף פרוטאין מקס בטע</ManufacturerItemDescription>
      <UnitQty>לא ידוע</UnitQty>
      <Quantity>62.00</Quantity>
      <UnitOfMeasure>לא ידוע</UnitOfMeasure>
      <bIsWeighted>0</bIsWeighted>
      <QtyInPackage>לא ידוע</QtyInPackage>
      <ItemPrice>15.90</ItemPrice>
      <UnitOfMeasurePrice>0.2565</UnitOfMeasurePrice>
      <AllowDiscount>1</AllowDiscount>
      <ItemStatus>1</ItemStatus>
      <ItemId>249538</ItemId>
    </Item>
    <Item>
      <PriceUpdateDate>2025-09-08 07:59:48</PriceUpdateDate>
      <ItemCode>9001395710018</ItemCode>
      <ItemType>1</ItemType>
      <ItemName>בננית 150 גרם</ItemName>
      <ManufacturerName>לא ידוע</ManufacturerName>
      <ManufactureCountry>לא ידוע</ManufactureCountry>
      <ManufacturerItemDescription>בננית 150 גרם</ManufacturerItemDescription>
      <UnitQty>לא ידוע</UnitQty>
      <Quantity>150.00</Quantity>
      <UnitOfMeasure>לא ידוע</UnitOfMeasure>
      <bIsWeighted>0</bIsWeighted>
      <QtyInPackage>לא ידוע</QtyInPackage>
      <ItemPrice>14.90</ItemPrice>
      <UnitOfMeasurePrice>0.0993</UnitOfMeasurePrice>
      <AllowDiscount>1</AllowDiscount>
      <ItemStatus>1</ItemStatus>
      <ItemId>249541</ItemId>
    </Item>
    <Item>
      <PriceUpdateDate>2025-09-08 07:58:38</PriceUpdateDate>
      <ItemCode>8718951650855</ItemCode>
      <ItemType>1</ItemType>
      <ItemName>אג'קס שירותים מרענן</ItemName>
      <ManufacturerName>קריות זול</ManufacturerName>
      <ManufactureCountry>לא ידוע</ManufactureCountry>
      <ManufacturerItemDescription>אג'קס שירותים מרענן</ManufacturerItemDescription>
      <UnitQty>לא ידוע</UnitQty>
      <Quantity>750.00</Quantity>
      <UnitOfMeasure>לא ידוע</UnitOfMeasure>
      <bIsWeighted>0</bIsWeighted>
      <QtyInPackage>לא ידוע</QtyInPackage>
      <ItemPrice>19.90</ItemPrice>
      <UnitOfMeasurePrice>0.0265</UnitOfMeasurePrice>
      <AllowDiscount>1</AllowDiscount>
      <ItemStatus>1</ItemStatus>
      <ItemId>249589</ItemId>
    </Item>
    <Item>
      <PriceUpdateDate>2025-11-06 09:44:23</PriceUpdateDate>
      <ItemCode>4009300019251</ItemCode>
      <ItemType>1</ItemType>
      <ItemName>פומפדור חליטת חורף ט</ItemName>
      <ManufacturerName>קריות זול</ManufacturerName>
      <ManufactureCountry>לא ידוע</ManufactureCountry>
      <ManufacturerItemDescription>פומפדור חליטת חורף ט</ManufacturerItemDescription>
      <UnitQty>יחידה   </UnitQty>
      <Quantity>0.00</Quantity>
      <UnitOfMeasure>יחידה   </UnitOfMeasure>
      <bIsWeighted>0</bIsWeighted>
      <QtyInPackage>לא ידוע</QtyInPackage>
      <ItemPrice>15.90</ItemPrice>
      <UnitOfMeasurePrice>0.0000</UnitOfMeasurePrice>
      <AllowDiscount>1</AllowDiscount>
      <ItemStatus>1</ItemStatus>
      <ItemId>249593</ItemId>
    </Item>
    <Item>
      <PriceUpdateDate>2025-09-08 07:58:17</PriceUpdateDate>
      <ItemCode>8076809584920</ItemCode>
      <ItemType>1</ItemType>
      <ItemName>ברילה טורטיליוני  50</ItemName>
      <ManufacturerName>לא ידוע</ManufacturerName>
      <ManufactureCountry>לא ידוע</ManufactureCountry>
      <ManufacturerItemDescription>ברילה טורטיליוני  50</ManufacturerItemDescription>
      <UnitQty>לא ידוע</UnitQty>
      <Quantity>500.00</Quantity>
      <UnitOfMeasure>לא ידוע</UnitOfMeasure>
      <bIsWeighted>0</bIsWeighted>
      <QtyInPackage>לא ידוע</QtyInPackage>
      <ItemPrice>9.90</ItemPrice>
      <UnitOfMeasurePrice>0.0198</UnitOfMeasurePrice>
      <AllowDiscount>1</AllowDiscount>
      <ItemStatus>1</ItemStatus>
      <ItemId>249595</ItemId>
    </Item>
    <Item>
      <PriceUpdateDate>2025-07-17 16:25:21</PriceUpdateDate>
      <ItemCode>7290119379934</ItemCode>
      <ItemType>1</ItemType>
      <ItemName>ממרח אבוקדו אחלה 200</ItemName>
      <ManufacturerName>לא ידוע</ManufacturerName>
      <ManufactureCountry>לא ידוע</ManufactureCountry>
      <ManufacturerItemDescription>ממרח אבוקדו אחלה 200</ManufacturerItemDescription>
      <UnitQty>לא ידוע</UnitQty>
      <Quantity>200.00</Quantity>
      <UnitOfMeasure>לא ידוע</UnitOfMeasure>
      <bIsWeighted>0</bIsWeighted>
      <QtyInPackage>לא ידוע</QtyInPackage>
      <ItemPrice>18.50</ItemPrice>
      <UnitOfMeasurePrice>0.0925</UnitOfMeasurePrice>
      <AllowDiscount>1</AllowDiscount>
      <ItemStatus>1</ItemStatus>
      <ItemId>249660</ItemId>
    </Item>
    <Item>
      <PriceUpdateDate>2025-08-31 10:26:13</PriceUpdateDate>
      <ItemCode>7290109923765</ItemCode>
      <ItemType>1</ItemType>
      <ItemName>הפי סבון אסלה מבושם</ItemName>
      <ManufacturerName>לא ידוע</ManufacturerName>
      <ManufactureCountry>לא ידוע</ManufactureCountry>
      <ManufacturerItemDescription>הפי סבון אסלה מבושם</ManufacturerItemDescription>
      <UnitQty>לא ידוע</UnitQty>
      <Quantity>110.00</Quantity>
      <UnitOfMeasure>לא ידוע</UnitOfMeasure>
      <bIsWeighted>0</bIsWeighted>
      <QtyInPackage>לא ידוע</QtyInPackage>
      <ItemPrice>13.90</ItemPrice>
      <UnitOfMeasurePrice>0.1264</UnitOfMeasurePrice>
      <AllowDiscount>1</AllowDiscount>
      <ItemStatus>1</ItemStatus>
      <ItemId>249663</ItemId>
    </Item>
    <Item>
      <PriceUpdateDate>2025-08-31 10:00:59</PriceUpdateDate>
      <ItemCode>7290111356520</ItemCode>
      <ItemType>1</ItemType>
      <ItemName>יוגטה סוכריות טופי ח</ItemName>
      <ManufacturerName>לא ידוע</ManufacturerName>
      <ManufactureCountry>לא ידוע</ManufactureCountry>
      <ManufacturerItemDescription>יוגטה סוכריות טופי ח</ManufacturerItemDescription>
      <UnitQty>לא ידוע</UnitQty>
      <Quantity>700.00</Quantity>
      <UnitOfMeasure>לא ידוע</UnitOfMeasure>
      <bIsWeighted>0</bIsWeighted>
      <QtyInPackage>לא ידוע</QtyInPackage>
      <ItemPrice>21.90</ItemPrice>
      <UnitOfMeasurePrice>0.0313</UnitOfMeasurePrice>
      <AllowDiscount>1</AllowDiscount>
      <ItemStatus>1</ItemStatus>
      <ItemId>249710</ItemId>
    </Item>
    <Item>
      <PriceUpdateDate>2025-09-03 11:28:55</PriceUpdateDate>
      <ItemCode>8710847973970</ItemCode>
      <ItemType>1</ItemType>
      <ItemName>דאב תחליב רחצה אלוור</ItemName>
      <ManufacturerName>לא ידוע</ManufacturerName>
      <ManufactureCountry>לא ידוע</ManufactureCountry>
      <ManufacturerItemDescription>דאב תחליב רחצה אלוור</ManufacturerItemDescription>
      <UnitQty>לא ידוע</UnitQty>
      <Quantity>750.00</Quantity>
      <UnitOfMeasure>לא ידוע</UnitOfMeasure>
      <bIsWeighted>0</bIsWeighted>
      <QtyInPackage>לא ידוע</QtyInPackage>
      <ItemPrice>25.90</ItemPrice>
      <UnitOfMeasurePrice>0.0345</UnitOfMeasurePrice>
      <AllowDiscount>1</AllowDiscount>
      <ItemStatus>1</ItemStatus>
      <ItemId>249717</ItemId>
    </Item>
    <Item>
      <PriceUpdateDate>2025-09-03 11:29:08</PriceUpdateDate>
      <ItemCode>8720181222672</ItemCode>
      <ItemType>1</ItemType>
      <ItemName>דאב תחליב רחצה קוקוס</ItemName>
      <ManufacturerName>לא ידוע</ManufacturerName>
      <ManufactureCountry>לא ידוע</ManufactureCountry>
      <ManufacturerItemDescription>דאב תחליב רחצה קוקוס</ManufacturerItemDescription>
      <UnitQty>לא ידוע</UnitQty>
      <Quantity>750.00</Quantity>
      <UnitOfMeasure>לא ידוע</UnitOfMeasure>
      <bIsWeighted>0</bIsWeighted>
      <QtyInPackage>לא ידוע</QtyInPackage>
      <ItemPrice>25.90</ItemPrice>
      <UnitOfMeasurePrice>0.0345</UnitOfMeasurePrice>
      <AllowDiscount>1</AllowDiscount>
      <ItemStatus>1</ItemStatus>
      <ItemId>249725</ItemId>
    </Item>
    <Item>
      <PriceUpdateDate>2024-10-30 12:37:19</PriceUpdateDate>
      <ItemCode>7290019693963</ItemCode>
      <ItemType>1</ItemType>
      <ItemName>תפו"א למיקרו</ItemName>
      <ManufacturerName>לא ידוע</ManufacturerName>
      <ManufactureCountry>ישראל</ManufactureCountry>
      <ManufacturerItemDescription>תפו"א למיקרו</ManufacturerItemDescription>
      <UnitQty>יחידה   </UnitQty>
      <Quantity>0.00</Quantity>
      <UnitOfMeasure>יחידה   </UnitOfMeasure>
      <bIsWeighted>0</bIsWeighted>
      <QtyInPackage>לא ידוע</QtyInPackage>
      <ItemPrice>7.90</ItemPrice>
      <UnitOfMeasurePrice>0.0000</UnitOfMeasurePrice>
      <AllowDiscount>1</AllowDiscount>
      <ItemStatus>1</ItemStatus>
      <ItemId>249801</ItemId>
    </Item>
    <Item>
      <PriceUpdateDate>2025-09-04 12:00:28</PriceUpdateDate>
      <ItemCode>7290110117573</ItemCode>
      <ItemType>1</ItemType>
      <ItemName>פיוז תה בטעם תפוח קי</ItemName>
      <ManufacturerName>לא ידוע</ManufacturerName>
      <ManufactureCountry>לא ידוע</ManufactureCountry>
      <ManufacturerItemDescription>פיוז תה בטעם תפוח קי</ManufacturerItemDescription>
      <UnitQty>לא ידוע</UnitQty>
      <Quantity>1500.00</Quantity>
      <UnitOfMeasure>לא ידוע</UnitOfMeasure>
      <bIsWeighted>0</bIsWeighted>
      <QtyInPackage>לא ידוע</QtyInPackage>
      <ItemPrice>9.40</ItemPrice>
      <UnitOfMeasurePrice>0.0063</UnitOfMeasurePrice>
      <AllowDiscount>1</AllowDiscount>
      <ItemStatus>1</ItemStatus>
      <ItemId>249802</ItemId>
    </Item>
    <Item>
      <PriceUpdateDate>2025-08-19 11:31:21</PriceUpdateDate>
      <ItemCode>7290001121658</ItemCode>
      <ItemType>1</ItemType>
      <ItemName>קבנוס עוף 125 גרם</ItemName>
      <ManufacturerName>לא ידוע</ManufacturerName>
      <ManufactureCountry>לא ידוע</ManufactureCountry>
      <ManufacturerItemDescription>קבנוס עוף 125 גרם</ManufacturerItemDescription>
      <UnitQty>לא ידוע</UnitQty>
      <Quantity>125.00</Quantity>
      <UnitOfMeasure>לא ידוע</UnitOfMeasure>
      <bIsWeighted>0</bIsWeighted>
      <QtyInPackage>לא ידוע</QtyInPackage>
      <ItemPrice>19.90</ItemPrice>
      <UnitOfMeasurePrice>0.1592</UnitOfMeasurePrice>
      <AllowDiscount>1</AllowDiscount>
      <ItemStatus>1</ItemStatus>
      <ItemId>249818</ItemId>
    </Item>
    <Item>
      <PriceUpdateDate>2025-08-19 11:31:22</PriceUpdateDate>
      <ItemCode>7290001121665</ItemCode>
      <ItemType>1</ItemType>
      <ItemName>קבנוס צ'ילי חריף 125</ItemName>
      <ManufacturerName>לא ידוע</ManufacturerName>
      <ManufactureCountry>לא ידוע</ManufactureCountry>
      <ManufacturerItemDescription>קבנוס צ'ילי חריף 125</ManufacturerItemDescription>
      <UnitQty>לא ידוע</UnitQty>
      <Quantity>125.00</Quantity>
      <UnitOfMeasure>לא ידוע</UnitOfMeasure>
      <bIsWeighted>0</bIsWeighted>
      <QtyInPackage>לא ידוע</QtyInPackage>
      <ItemPrice>19.90</ItemPrice>
      <UnitOfMeasurePrice>0.1592</UnitOfMeasurePrice>
      <AllowDiscount>1</AllowDiscount>
      <ItemStatus>1</ItemStatus>
      <ItemId>249819</ItemId>
    </Item>
    <Item>
      <PriceUpdateDate>2025-08-21 13:11:36</PriceUpdateDate>
      <ItemCode>7290011530471</ItemCode>
      <ItemType>1</ItemType>
      <ItemName>פולי סויה אדממה -1 ק</ItemName>
      <ManufacturerName>לא ידוע</ManufacturerName>
      <ManufactureCountry>לא ידוע</ManufactureCountry>
      <ManufacturerItemDescription>פולי סויה אדממה -1 ק</ManufacturerItemDescription>
      <UnitQty>לא ידוע</UnitQty>
      <Quantity>1000.00</Quantity>
      <UnitOfMeasure>לא ידוע</UnitOfMeasure>
      <bIsWeighted>0</bIsWeighted>
      <QtyInPackage>לא ידוע</QtyInPackage>
      <ItemPrice>16.90</ItemPrice>
      <UnitOfMeasurePrice>0.0169</UnitOfMeasurePrice>
      <AllowDiscount>1</AllowDiscount>
      <ItemStatus>1</ItemStatus>
      <ItemId>249821</ItemId>
    </Item>
    <Item>
      <PriceUpdateDate>2025-09-07 10:42:23</PriceUpdateDate>
      <ItemCode>7290108359794</ItemCode>
      <ItemType>1</ItemType>
      <ItemName>ספארק נוזל לניקוי כל</ItemName>
      <ManufacturerName>לא ידוע</ManufacturerName>
      <ManufactureCountry>לא ידוע</ManufactureCountry>
      <ManufacturerItemDescription>ספארק נוזל לניקוי כל</ManufacturerItemDescription>
      <UnitQty>לא ידוע</UnitQty>
      <Quantity>1000.00</Quantity>
      <UnitOfMeasure>לא ידוע</UnitOfMeasure>
      <bIsWeighted>0</bIsWeighted>
      <QtyInPackage>לא ידוע</QtyInPackage>
      <ItemPrice>13.90</ItemPrice>
      <UnitOfMeasurePrice>0.0139</UnitOfMeasurePrice>
      <AllowDiscount>1</AllowDiscount>
      <ItemStatus>1</ItemStatus>
      <ItemId>249837</ItemId>
    </Item>
    <Item>
      <PriceUpdateDate>2025-08-26 11:49:22</PriceUpdateDate>
      <ItemCode>7290116934280</ItemCode>
      <ItemType>1</ItemType>
      <ItemName>גבינה לבנה תנובה עם</ItemName>
      <ManufacturerName>לא ידוע</ManufacturerName>
      <ManufactureCountry>לא ידוע</ManufactureCountry>
      <ManufacturerItemDescription>גבינה לבנה תנובה עם</ManufacturerItemDescription>
      <UnitQty>לא ידוע</UnitQty>
      <Quantity>250.00</Quantity>
      <UnitOfMeasure>לא ידוע</UnitOfMeasure>
      <bIsWeighted>0</bIsWeighted>
      <QtyInPackage>לא ידוע</QtyInPackage>
      <ItemPrice>7.70</ItemPrice>
      <UnitOfMeasurePrice>0.0308</UnitOfMeasurePrice>
      <AllowDiscount>1</AllowDiscount>
      <ItemStatus>1</ItemStatus>
      <ItemId>249877</ItemId>
    </Item>
    <Item>
      <PriceUpdateDate>2025-08-21 12:19:26</PriceUpdateDate>
      <ItemCode>7290116934303</ItemCode>
      <ItemType>1</ItemType>
      <ItemName>פטה כבשים פיראוס 20%</ItemName>
      <ManufacturerName>קריות זול</ManufacturerName>
      <ManufactureCountry>לא ידוע</ManufactureCountry>
      <ManufacturerItemDescription>פטה כבשים פיראוס 20%</ManufacturerItemDescription>
      <UnitQty>לא ידוע</UnitQty>
      <Quantity>200.00</Quantity>
      <UnitOfMeasure>לא ידוע</UnitOfMeasure>
      <bIsWeighted>0</bIsWeighted>
      <QtyInPackage>לא ידוע</QtyInPackage>
      <ItemPrice>24.90</ItemPrice>
      <UnitOfMeasurePrice>0.1245</UnitOfMeasurePrice>
      <AllowDiscount>1</AllowDiscount>
      <ItemStatus>1</ItemStatus>
      <ItemId>249879</ItemId>
    </Item>
    <Item>
      <PriceUpdateDate>2025-08-31 10:00:35</PriceUpdateDate>
      <ItemCode>7290111935992</ItemCode>
      <ItemType>1</ItemType>
      <ItemName>איטריות מאסטר שף להק</ItemName>
      <ManufacturerName>לא ידוע</ManufacturerName>
      <ManufactureCountry>לא ידוע</ManufactureCountry>
      <ManufacturerItemDescription>איטריות מאסטר שף להק</ManufacturerItemDescription>
      <UnitQty>יחידה   </UnitQty>
      <Quantity>0.00</Quantity>
      <UnitOfMeasure>יחידה   </UnitOfMeasure>
      <bIsWeighted>0</bIsWeighted>
      <QtyInPackage>לא ידוע</QtyInPackage>
      <ItemPrice>11.90</ItemPrice>
      <UnitOfMeasurePrice>0.0000</UnitOfMeasurePrice>
      <AllowDiscount>1</AllowDiscount>
      <ItemStatus>1</ItemStatus>
      <ItemId>249882</ItemId>
    </Item>
    <Item>
      <PriceUpdateDate>2025-09-08 07:57:49</PriceUpdateDate>
      <ItemCode>7290117384572</ItemCode>
      <ItemType>1</ItemType>
      <ItemName>טודיי חטיף חלבון קרם</ItemName>
      <ManufacturerName>סלים דליס</ManufacturerName>
      <ManufactureCountry>לא ידוע</ManufactureCountry>
      <ManufacturerItemDescription>טודיי חטיף חלבון קרם</ManufacturerItemDescription>
      <UnitQty>לא ידוע</UnitQty>
      <Quantity>65.00</Quantity>
      <UnitOfMeasure>לא ידוע</UnitOfMeasure>
      <bIsWeighted>0</bIsWeighted>
      <QtyInPackage>לא ידוע</QtyInPackage>
      <ItemPrice>14.90</ItemPrice>
      <UnitOfMeasurePrice>0.2292</UnitOfMeasurePrice>
      <AllowDiscount>1</AllowDiscount>
      <ItemStatus>1</ItemStatus>
      <ItemId>249893</ItemId>
    </Item>
    <Item>
      <PriceUpdateDate>2025-08-31 10:00:03</PriceUpdateDate>
      <ItemCode>7290019870593</ItemCode>
      <ItemType>1</ItemType>
      <ItemName>סוכריות טופי בטעמי פ</ItemName>
      <ManufacturerName>לא ידוע</ManufacturerName>
      <ManufactureCountry>לא ידוע</ManufactureCountry>
      <ManufacturerItemDescription>סוכריות טופי בטעמי פ</ManufacturerItemDescription>
      <UnitQty>לא ידוע</UnitQty>
      <Quantity>500.00</Quantity>
      <UnitOfMeasure>לא ידוע</UnitOfMeasure>
      <bIsWeighted>0</bIsWeighted>
      <QtyInPackage>לא ידוע</QtyInPackage>
      <ItemPrice>20.90</ItemPrice>
      <UnitOfMeasurePrice>0.0418</UnitOfMeasurePrice>
      <AllowDiscount>1</AllowDiscount>
      <ItemStatus>1</ItemStatus>
      <ItemId>249903</ItemId>
    </Item>
    <Item>
      <PriceUpdateDate>2025-08-19 11:31:24</PriceUpdateDate>
      <ItemCode>7290001121849</ItemCode>
      <ItemType>1</ItemType>
      <ItemName>פסטרמה הודו 100% חומ</ItemName>
      <ManufacturerName>לא ידוע</ManufacturerName>
      <ManufactureCountry>לא ידוע</ManufactureCountry>
      <ManufacturerItemDescription>פסטרמה הודו 100% חומ</ManufacturerItemDescription>
      <UnitQty>לא ידוע</UnitQty>
      <Quantity>250.00</Quantity>
      <UnitOfMeasure>לא ידוע</UnitOfMeasure>
      <bIsWeighted>0</bIsWeighted>
      <QtyInPackage>לא ידוע</QtyInPackage>
      <ItemPrice>35.90</ItemPrice>
      <UnitOfMeasurePrice>0.1436</UnitOfMeasurePrice>
      <AllowDiscount>1</AllowDiscount>
      <ItemStatus>1</ItemStatus>
      <ItemId>131576</ItemId>
    </Item>
    <Item>
      <PriceUpdateDate>2025-08-31 10:12:15</PriceUpdateDate>
      <ItemCode>7290107950206</ItemCode>
      <ItemType>1</ItemType>
      <ItemName>מעדן שטראוס דיאט שוק</ItemName>
      <ManufacturerName>לא ידוע</ManufacturerName>
      <ManufactureCountry>לא ידוע</ManufactureCountry>
      <ManufacturerItemDescription>מעדן שטראוס דיאט שוק</ManufacturerItemDescription>
      <UnitQty>לא ידוע</UnitQty>
      <Quantity>130.00</Quantity>
      <UnitOfMeasure>לא ידוע</UnitOfMeasure>
      <bIsWeighted>0</bIsWeighted>
      <QtyInPackage>לא ידוע</QtyInPackage>
      <ItemPrice>3.90</ItemPrice>
      <UnitOfMeasurePrice>0.0300</UnitOfMeasurePrice>
      <AllowDiscount>1</AllowDiscount>
      <ItemStatus>1</ItemStatus>
      <ItemId>204186</ItemId>
    </Item>
    <Item>
      <PriceUpdateDate>2025-09-02 11:45:14</PriceUpdateDate>
      <ItemCode>7290014046047</ItemCode>
      <ItemType>1</ItemType>
      <ItemName>צמד פסטרמות פפריקה ו</ItemName>
      <ManufacturerName>לא ידוע</ManufacturerName>
      <ManufactureCountry>לא ידוע</ManufactureCountry>
      <ManufacturerItemDescription>צמד פסטרמות פפריקה ו</ManufacturerItemDescription>
      <UnitQty>לא ידוע</UnitQty>
      <Quantity>600.00</Quantity>
      <UnitOfMeasure>לא ידוע</UnitOfMeasure>
      <bIsWeighted>0</bIsWeighted>
      <QtyInPackage>לא ידוע</QtyInPackage>
      <ItemPrice>38.90</ItemPrice>
      <UnitOfMeasurePrice>0.0648</UnitOfMeasurePrice>
      <AllowDiscount>1</AllowDiscount>
      <ItemStatus>1</ItemStatus>
      <ItemId>131601</ItemId>
    </Item>
    <Item>
      <PriceUpdateDate>2025-08-19 11:31:46</PriceUpdateDate>
      <ItemCode>7290014046436</ItemCode>
      <ItemType>1</ItemType>
      <ItemName>נשנושי קבנוס יחיעם 1</ItemName>
      <ManufacturerName>לא ידוע</ManufacturerName>
      <ManufactureCountry>לא ידוע</ManufactureCountry>
      <ManufacturerItemDescription>נשנושי קבנוס יחיעם 1</ManufacturerItemDescription>
      <UnitQty>לא ידוע</UnitQty>
      <Quantity>125.00</Quantity>
      <UnitOfMeasure>לא ידוע</UnitOfMeasure>
      <bIsWeighted>0</bIsWeighted>
      <QtyInPackage>לא ידוע</QtyInPackage>
      <ItemPrice>17.50</ItemPrice>
      <UnitOfMeasurePrice>0.1400</UnitOfMeasurePrice>
      <AllowDiscount>1</AllowDiscount>
      <ItemStatus>1</ItemStatus>
      <ItemId>131602</ItemId>
    </Item>
    <Item>
      <PriceUpdateDate>2025-10-05 09:57:35</PriceUpdateDate>
      <ItemCode>7290014046580</ItemCode>
      <ItemType>1</ItemType>
      <ItemName>פסטרמה מעודנת על גחל</ItemName>
      <ManufacturerName>לא ידוע</ManufacturerName>
      <ManufactureCountry>לא ידוע</ManufactureCountry>
      <ManufacturerItemDescription>פסטרמה מעודנת על גחל</ManufacturerItemDescription>
      <UnitQty>לא ידוע</UnitQty>
      <Quantity>300.00</Quantity>
      <UnitOfMeasure>לא ידוע</UnitOfMeasure>
      <bIsWeighted>0</bIsWeighted>
      <QtyInPackage>לא ידוע</QtyInPackage>
      <ItemPrice>33.90</ItemPrice>
      <UnitOfMeasurePrice>0.1130</UnitOfMeasurePrice>
      <AllowDiscount>1</AllowDiscount>
      <ItemStatus>1</ItemStatus>
      <ItemId>131611</ItemId>
    </Item>
    <Item>
      <PriceUpdateDate>2024-11-08 09:44:29</PriceUpdateDate>
      <ItemCode>50000429240</ItemCode>
      <ItemType>1</ItemType>
      <ItemName>פנסי פיסט נתחי בשר ב</ItemName>
      <ManufacturerName>לא ידוע</ManufacturerName>
      <ManufactureCountry>לא ידוע</ManufactureCountry>
      <ManufacturerItemDescription>פנסי פיסט נתחי בשר ב</ManufacturerItemDescription>
      <UnitQty>לא ידוע</UnitQty>
      <Quantity>85.00</Quantity>
      <UnitOfMeasure>לא ידוע</UnitOfMeasure>
      <bIsWeighted>0</bIsWeighted>
      <QtyInPackage>לא ידוע</QtyInPackage>
      <ItemPrice>6.50</ItemPrice>
      <UnitOfMeasurePrice>0.0765</UnitOfMeasurePrice>
      <AllowDiscount>1</AllowDiscount>
      <ItemStatus>1</ItemStatus>
      <ItemId>249908</ItemId>
    </Item>
    <Item>
      <PriceUpdateDate>2025-09-02 11:46:28</PriceUpdateDate>
      <ItemCode>7290119377510</ItemCode>
      <ItemType>1</ItemType>
      <ItemName>בפלות אגוזים 200 גרם</ItemName>
      <ManufacturerName>לא ידוע</ManufacturerName>
      <ManufactureCountry>לא ידוע</ManufactureCountry>
      <ManufacturerItemDescription>בפלות אגוזים 200 גרם</ManufacturerItemDescription>
      <UnitQty>לא ידוע</UnitQty>
      <Quantity>200.00</Quantity>
      <UnitOfMeasure>לא ידוע</UnitOfMeasure>
      <bIsWeighted>0</bIsWeighted>
      <QtyInPackage>לא ידוע</QtyInPackage>
      <ItemPrice>8.50</ItemPrice>
      <UnitOfMeasurePrice>0.0425</UnitOfMeasurePrice>
      <AllowDiscount>1</AllowDiscount>
      <ItemStatus>1</ItemStatus>
      <ItemId>249930</ItemId>
    </Item>
    <Item>
      <PriceUpdateDate>2025-08-26 10:50:07</PriceUpdateDate>
      <ItemCode>7290000453231</ItemCode>
      <ItemType>1</ItemType>
      <ItemName>שמרים יבשים 100 גרם</ItemName>
      <ManufacturerName>לא ידוע</ManufacturerName>
      <ManufactureCountry>לא ידוע</ManufactureCountry>
      <ManufacturerItemDescription>שמרים יבשים 100 גרם</ManufacturerItemDescription>
      <UnitQty>לא ידוע</UnitQty>
      <Quantity>100.00</Quantity>
      <UnitOfMeasure>לא ידוע</UnitOfMeasure>
      <bIsWeighted>0</bIsWeighted>
      <QtyInPackage>לא ידוע</QtyInPackage>
      <ItemPrice>7.90</ItemPrice>
      <UnitOfMeasurePrice>0.0790</UnitOfMeasurePrice>
      <AllowDiscount>1</AllowDiscount>
      <ItemStatus>1</ItemStatus>
      <ItemId>249934</ItemId>
    </Item>
    <Item>
      <PriceUpdateDate>2025-08-26 11:11:31</PriceUpdateDate>
      <ItemCode>7290019048251</ItemCode>
      <ItemType>1</ItemType>
      <ItemName>פארמה דנט מברשת שיני</ItemName>
      <ManufacturerName>לא ידוע</ManufacturerName>
      <ManufactureCountry>לא ידוע</ManufactureCountry>
      <ManufacturerItemDescription>פארמה דנט מברשת שיני</ManufacturerItemDescription>
      <UnitQty>יחידה   </UnitQty>
      <Quantity>0.00</Quantity>
      <UnitOfMeasure>יחידה   </UnitOfMeasure>
      <bIsWeighted>0</bIsWeighted>
      <QtyInPackage>לא ידוע</QtyInPackage>
      <ItemPrice>10.90</ItemPrice>
      <UnitOfMeasurePrice>0.0000</UnitOfMeasurePrice>
      <AllowDiscount>1</AllowDiscount>
      <ItemStatus>1</ItemStatus>
      <ItemId>249937</ItemId>
    </Item>
    <Item>
      <PriceUpdateDate>2025-08-20 16:33:43</PriceUpdateDate>
      <ItemCode>7290001835357</ItemCode>
      <ItemType>1</ItemType>
      <ItemName>פרמיו מיניס 100ג</ItemName>
      <ManufacturerName>לא ידוע</ManufacturerName>
      <ManufactureCountry>לא ידוע</ManufactureCountry>
      <ManufacturerItemDescription>פרמיו מיניס 100ג</ManufacturerItemDescription>
      <UnitQty>לא ידוע</UnitQty>
      <Quantity>100.00</Quantity>
      <UnitOfMeasure>לא ידוע</UnitOfMeasure>
      <bIsWeighted>0</bIsWeighted>
      <QtyInPackage>לא ידוע</QtyInPackage>
      <ItemPrice>16.90</ItemPrice>
      <UnitOfMeasurePrice>0.1690</UnitOfMeasurePrice>
      <AllowDiscount>1</AllowDiscount>
      <ItemStatus>1</ItemStatus>
      <ItemId>249953</ItemId>
    </Item>
    <Item>
      <PriceUpdateDate>2025-08-31 09:59:36</PriceUpdateDate>
      <ItemCode>7290017712154</ItemCode>
      <ItemType>1</ItemType>
      <ItemName>פרמיו פאוץ עוף לחתול</ItemName>
      <ManufacturerName>לא ידוע</ManufacturerName>
      <ManufactureCountry>לא ידוע</ManufactureCountry>
      <ManufacturerItemDescription>פרמיו פאוץ עוף לחתול</ManufacturerItemDescription>
      <UnitQty>לא ידוע</UnitQty>
      <Quantity>85.00</Quantity>
      <UnitOfMeasure>לא ידוע</UnitOfMeasure>
      <bIsWeighted>0</bIsWeighted>
      <QtyInPackage>לא ידוע</QtyInPackage>
      <ItemPrice>5.90</ItemPrice>
      <UnitOfMeasurePrice>0.0694</UnitOfMeasurePrice>
      <AllowDiscount>1</AllowDiscount>
      <ItemStatus>1</ItemStatus>
      <ItemId>249966</ItemId>
    </Item>
    <Item>
      <PriceUpdateDate>2025-08-31 09:59:36</PriceUpdateDate>
      <ItemCode>7290017712161</ItemCode>
      <ItemType>1</ItemType>
      <ItemName>פרמיו פאוץ סלמון לחת</ItemName>
      <ManufacturerName>לא ידוע</ManufacturerName>
      <ManufactureCountry>לא ידוע</ManufactureCountry>
      <ManufacturerItemDescription>פרמיו פאוץ סלמון לחת</ManufacturerItemDescription>
      <UnitQty>לא ידוע</UnitQty>
      <Quantity>85.00</Quantity>
      <UnitOfMeasure>לא ידוע</UnitOfMeasure>
      <bIsWeighted>0</bIsWeighted>
      <QtyInPackage>לא ידוע</QtyInPackage>
      <ItemPrice>5.90</ItemPrice>
      <UnitOfMeasurePrice>0.0694</UnitOfMeasurePrice>
      <AllowDiscount>1</AllowDiscount>
      <ItemStatus>1</ItemStatus>
      <ItemId>249967</ItemId>
    </Item>
    <Item>
      <PriceUpdateDate>2025-08-31 09:59:38</PriceUpdateDate>
      <ItemCode>7290017712772</ItemCode>
      <ItemType>1</ItemType>
      <ItemName>פרמיו בקר וכבד 100ג'</ItemName>
      <ManufacturerName>לא ידוע</ManufacturerName>
      <ManufactureCountry>לא ידוע</ManufactureCountry>
      <ManufacturerItemDescription>פרמיו בקר וכבד 100ג'</ManufacturerItemDescription>
      <UnitQty>לא ידוע</UnitQty>
      <Quantity>100.00</Quantity>
      <UnitOfMeasure>לא ידוע</UnitOfMeasure>
      <bIsWeighted>0</bIsWeighted>
      <QtyInPackage>לא ידוע</QtyInPackage>
      <ItemPrice>5.90</ItemPrice>
      <UnitOfMeasurePrice>0.0590</UnitOfMeasurePrice>
      <AllowDiscount>1</AllowDiscount>
      <ItemStatus>1</ItemStatus>
      <ItemId>249972</ItemId>
    </Item>
    <Item>
      <PriceUpdateDate>2025-08-31 09:59:38</PriceUpdateDate>
      <ItemCode>7290017712789</ItemCode>
      <ItemType>1</ItemType>
      <ItemName>פרמיו סטירליז עוף 10</ItemName>
      <ManufacturerName>לא ידוע</ManufacturerName>
      <ManufactureCountry>לא ידוע</ManufactureCountry>
      <ManufacturerItemDescription>פרמיו סטירליז עוף 10</ManufacturerItemDescription>
      <UnitQty>לא ידוע</UnitQty>
      <Quantity>100.00</Quantity>
      <UnitOfMeasure>לא ידוע</UnitOfMeasure>
      <bIsWeighted>0</bIsWeighted>
      <QtyInPackage>לא ידוע</QtyInPackage>
      <ItemPrice>5.90</ItemPrice>
      <UnitOfMeasurePrice>0.0590</UnitOfMeasurePrice>
      <AllowDiscount>1</AllowDiscount>
      <ItemStatus>1</ItemStatus>
      <ItemId>249973</ItemId>
    </Item>
    <Item>
      <PriceUpdateDate>2025-08-31 09:59:39</PriceUpdateDate>
      <ItemCode>7290018516065</ItemCode>
      <ItemType>1</ItemType>
      <ItemName>פרמיו דליקט טונה וסל</ItemName>
      <ManufacturerName>לא ידוע</ManufacturerName>
      <ManufactureCountry>לא ידוע</ManufactureCountry>
      <ManufacturerItemDescription>פרמיו דליקט טונה וסל</ManufacturerItemDescription>
      <UnitQty>לא ידוע</UnitQty>
      <Quantity>56.00</Quantity>
      <UnitOfMeasure>לא ידוע</UnitOfMeasure>
      <bIsWeighted>0</bIsWeighted>
      <QtyInPackage>לא ידוע</QtyInPackage>
      <ItemPrice>11.90</ItemPrice>
      <UnitOfMeasurePrice>0.2125</UnitOfMeasurePrice>
      <AllowDiscount>1</AllowDiscount>
      <ItemStatus>1</ItemStatus>
      <ItemId>249977</ItemId>
    </Item>
    <Item>
      <PriceUpdateDate>2025-08-31 09:59:39</PriceUpdateDate>
      <ItemCode>7290018516546</ItemCode>
      <ItemType>1</ItemType>
      <ItemName>דליקט טונה פרמיו 56</ItemName>
      <ManufacturerName>לא ידוע</ManufacturerName>
      <ManufactureCountry>לא ידוע</ManufactureCountry>
      <ManufacturerItemDescription>דליקט טונה פרמיו 56</ManufacturerItemDescription>
      <UnitQty>לא ידוע</UnitQty>
      <Quantity>56.00</Quantity>
      <UnitOfMeasure>לא ידוע</UnitOfMeasure>
      <bIsWeighted>0</bIsWeighted>
      <QtyInPackage>לא ידוע</QtyInPackage>
      <ItemPrice>11.90</ItemPrice>
      <UnitOfMeasurePrice>0.2125</UnitOfMeasurePrice>
      <AllowDiscount>1</AllowDiscount>
      <ItemStatus>1</ItemStatus>
      <ItemId>249978</ItemId>
    </Item>
    <Item>
      <PriceUpdateDate>2025-08-31 09:59:39</PriceUpdateDate>
      <ItemCode>7290018516584</ItemCode>
      <ItemType>1</ItemType>
      <ItemName>דליקט טונה לחתלתול פ</ItemName>
      <ManufacturerName>לא ידוע</ManufacturerName>
      <ManufactureCountry>לא ידוע</ManufactureCountry>
      <ManufacturerItemDescription>דליקט טונה לחתלתול פ</ManufacturerItemDescription>
      <UnitQty>לא ידוע</UnitQty>
      <Quantity>56.00</Quantity>
      <UnitOfMeasure>לא ידוע</UnitOfMeasure>
      <bIsWeighted>0</bIsWeighted>
      <QtyInPackage>לא ידוע</QtyInPackage>
      <ItemPrice>11.90</ItemPrice>
      <UnitOfMeasurePrice>0.2125</UnitOfMeasurePrice>
      <AllowDiscount>1</AllowDiscount>
      <ItemStatus>1</ItemStatus>
      <ItemId>249980</ItemId>
    </Item>
    <Item>
      <PriceUpdateDate>2025-08-21 13:13:34</PriceUpdateDate>
      <ItemCode>7290002857358</ItemCode>
      <ItemType>1</ItemType>
      <ItemName>צ'דר אנגלי כתום 200</ItemName>
      <ManufacturerName>לא ידוע</ManufacturerName>
      <ManufactureCountry>לא ידוע</ManufactureCountry>
      <ManufacturerItemDescription>צ'דר אנגלי כתום 200</ManufacturerItemDescription>
      <UnitQty>לא ידוע</UnitQty>
      <Quantity>200.00</Quantity>
      <UnitOfMeasure>לא ידוע</UnitOfMeasure>
      <bIsWeighted>0</bIsWeighted>
      <QtyInPackage>לא ידוע</QtyInPackage>
      <ItemPrice>20.90</ItemPrice>
      <UnitOfMeasurePrice>0.1045</UnitOfMeasurePrice>
      <AllowDiscount>1</AllowDiscount>
      <ItemStatus>1</ItemStatus>
      <ItemId>249992</ItemId>
    </Item>
    <Item>
      <PriceUpdateDate>2024-11-17 08:00:20</PriceUpdateDate>
      <ItemCode>7290011469078</ItemCode>
      <ItemType>1</ItemType>
      <ItemName>טחינה מלאה הנסיך 450</ItemName>
      <ManufacturerName>לא ידוע</ManufacturerName>
      <ManufactureCountry>לא ידוע</ManufactureCountry>
      <ManufacturerItemDescription>טחינה מלאה הנסיך 450</ManufacturerItemDescription>
      <UnitQty>לא ידוע</UnitQty>
      <Quantity>450.00</Quantity>
      <UnitOfMeasure>לא ידוע</UnitOfMeasure>
      <bIsWeighted>0</bIsWeighted>
      <QtyInPackage>לא ידוע</QtyInPackage>
      <ItemPrice>14.90</ItemPrice>
      <UnitOfMeasurePrice>0.0331</UnitOfMeasurePrice>
      <AllowDiscount>1</AllowDiscount>
      <ItemStatus>1</ItemStatus>
      <ItemId>250000</ItemId>
    </Item>
    <Item>
      <PriceUpdateDate>2025-09-08 07:57:45</PriceUpdateDate>
      <ItemCode>7290114606578</ItemCode>
      <ItemType>1</ItemType>
      <ItemName>מאסטר שף שקדי מרק 40</ItemName>
      <ManufacturerName>לא ידוע</ManufacturerName>
      <ManufactureCountry>לא ידוע</ManufactureCountry>
      <ManufacturerItemDescription>מאסטר שף שקדי מרק 40</ManufacturerItemDescription>
      <UnitQty>לא ידוע</UnitQty>
      <Quantity>400.00</Quantity>
      <UnitOfMeasure>לא ידוע</UnitOfMeasure>
      <bIsWeighted>0</bIsWeighted>
      <QtyInPackage>לא ידוע</QtyInPackage>
      <ItemPrice>11.90</ItemPrice>
      <UnitOfMeasurePrice>0.0298</UnitOfMeasurePrice>
      <AllowDiscount>1</AllowDiscount>
      <ItemStatus>1</ItemStatus>
      <ItemId>250029</ItemId>
    </Item>
    <Item>
      <PriceUpdateDate>2025-11-02 11:36:19</PriceUpdateDate>
      <ItemCode>7290013021618</ItemCode>
      <ItemType>1</ItemType>
      <ItemName>המבורגר אנגוס 300גר</ItemName>
      <ManufacturerName>לא ידוע</ManufacturerName>
      <ManufactureCountry>לא ידוע</ManufactureCountry>
      <ManufacturerItemDescription>המבורגר אנגוס 300גר</ManufacturerItemDescription>
      <UnitQty>לא ידוע</UnitQty>
      <Quantity>300.00</Quantity>
      <UnitOfMeasure>לא ידוע</UnitOfMeasure>
      <bIsWeighted>0</bIsWeighted>
      <QtyInPackage>לא ידוע</QtyInPackage>
      <ItemPrice>25.90</ItemPrice>
      <UnitOfMeasurePrice>0.0863</UnitOfMeasurePrice>
      <AllowDiscount>1</AllowDiscount>
      <ItemStatus>1</ItemStatus>
      <ItemId>250031</ItemId>
    </Item>
    <Item>
      <PriceUpdateDate>2025-08-26 11:17:46</PriceUpdateDate>
      <ItemCode>7290000679167</ItemCode>
      <ItemType>1</ItemType>
      <ItemName>אפקטיב קר קרם ידיים</ItemName>
      <ManufacturerName>לא ידוע</ManufacturerName>
      <ManufactureCountry>לא ידוע</ManufactureCountry>
      <ManufacturerItemDescription>אפקטיב קר קרם ידיים</ManufacturerItemDescription>
      <UnitQty>לא ידוע</UnitQty>
      <Quantity>150.00</Quantity>
      <UnitOfMeasure>לא ידוע</UnitOfMeasure>
      <bIsWeighted>0</bIsWeighted>
      <QtyInPackage>לא ידוע</QtyInPackage>
      <ItemPrice>18.90</ItemPrice>
      <UnitOfMeasurePrice>0.1260</UnitOfMeasurePrice>
      <AllowDiscount>1</AllowDiscount>
      <ItemStatus>1</ItemStatus>
      <ItemId>250043</ItemId>
    </Item>
    <Item>
      <PriceUpdateDate>2025-08-26 11:17:45</PriceUpdateDate>
      <ItemCode>7290000679112</ItemCode>
      <ItemType>1</ItemType>
      <ItemName>ד"ר פישר  אפקטיב קר</ItemName>
      <ManufacturerName>לא ידוע</ManufacturerName>
      <ManufactureCountry>לא ידוע</ManufactureCountry>
      <ManufacturerItemDescription>ד"ר פישר  אפקטיב קר</ManufacturerItemDescription>
      <UnitQty>לא ידוע</UnitQty>
      <Quantity>700.00</Quantity>
      <UnitOfMeasure>לא ידוע</UnitOfMeasure>
      <bIsWeighted>0</bIsWeighted>
      <QtyInPackage>לא ידוע</QtyInPackage>
      <ItemPrice>37.90</ItemPrice>
      <UnitOfMeasurePrice>0.0541</UnitOfMeasurePrice>
      <AllowDiscount>1</AllowDiscount>
      <ItemStatus>1</ItemStatus>
      <ItemId>250044</ItemId>
    </Item>
    <Item>
      <PriceUpdateDate>2025-08-21 11:23:59</PriceUpdateDate>
      <ItemCode>7290100704868</ItemCode>
      <ItemType>1</ItemType>
      <ItemName>גרעיני תירס מתוק  40</ItemName>
      <ManufacturerName>לא ידוע</ManufacturerName>
      <ManufactureCountry>לא ידוע</ManufactureCountry>
      <ManufacturerItemDescription>גרעיני תירס מתוק  40</ManufacturerItemDescription>
      <UnitQty>לא ידוע</UnitQty>
      <Quantity>400.00</Quantity>
      <UnitOfMeasure>לא ידוע</UnitOfMeasure>
      <bIsWeighted>0</bIsWeighted>
      <QtyInPackage>לא ידוע</QtyInPackage>
      <ItemPrice>8.50</ItemPrice>
      <UnitOfMeasurePrice>0.0213</UnitOfMeasurePrice>
      <AllowDiscount>1</AllowDiscount>
      <ItemStatus>1</ItemStatus>
      <ItemId>250045</ItemId>
    </Item>
    <Item>
      <PriceUpdateDate>2025-08-21 11:24:00</PriceUpdateDate>
      <ItemCode>7290100704899</ItemCode>
      <ItemType>1</ItemType>
      <ItemName>גרעיני תירס ללא תוספ</ItemName>
      <ManufacturerName>לא ידוע</ManufacturerName>
      <ManufactureCountry>לא ידוע</ManufactureCountry>
      <ManufacturerItemDescription>גרעיני תירס ללא תוספ</ManufacturerItemDescription>
      <UnitQty>לא ידוע</UnitQty>
      <Quantity>340.00</Quantity>
      <UnitOfMeasure>לא ידוע</UnitOfMeasure>
      <bIsWeighted>0</bIsWeighted>
      <QtyInPackage>לא ידוע</QtyInPackage>
      <ItemPrice>8.50</ItemPrice>
      <UnitOfMeasurePrice>0.0250</UnitOfMeasurePrice>
      <AllowDiscount>1</AllowDiscount>
      <ItemStatus>1</ItemStatus>
      <ItemId>250047</ItemId>
    </Item>
    <Item>
      <PriceUpdateDate>2025-08-21 11:24:00</PriceUpdateDate>
      <ItemCode>7290100704905</ItemCode>
      <ItemType>1</ItemType>
      <ItemName>גרעיני תירס מתוק שלי</ItemName>
      <ManufacturerName>לא ידוע</ManufacturerName>
      <ManufactureCountry>לא ידוע</ManufactureCountry>
      <ManufacturerItemDescription>גרעיני תירס מתוק שלי</ManufacturerItemDescription>
      <UnitQty>לא ידוע</UnitQty>
      <Quantity>555.00</Quantity>
      <UnitOfMeasure>לא ידוע</UnitOfMeasure>
      <bIsWeighted>0</bIsWeighted>
      <QtyInPackage>לא ידוע</QtyInPackage>
      <ItemPrice>17.50</ItemPrice>
      <UnitOfMeasurePrice>0.0315</UnitOfMeasurePrice>
      <AllowDiscount>1</AllowDiscount>
      <ItemStatus>1</ItemStatus>
      <ItemId>250048</ItemId>
    </Item>
    <Item>
      <PriceUpdateDate>2025-09-08 08:00:38</PriceUpdateDate>
      <ItemCode>8700216418287</ItemCode>
      <ItemType>1</ItemType>
      <ItemName>הד&amp;שולדרס שמפו מנטול</ItemName>
      <ManufacturerName>לא ידוע</ManufacturerName>
      <ManufactureCountry>לא ידוע</ManufactureCountry>
      <ManufacturerItemDescription>הד&amp;שולדרס שמפו מנטול</ManufacturerItemDescription>
      <UnitQty>לא ידוע</UnitQty>
      <Quantity>625.00</Quantity>
      <UnitOfMeasure>לא ידוע</UnitOfMeasure>
      <bIsWeighted>0</bIsWeighted>
      <QtyInPackage>לא ידוע</QtyInPackage>
      <ItemPrice>25.90</ItemPrice>
      <UnitOfMeasurePrice>0.0414</UnitOfMeasurePrice>
      <AllowDiscount>1</AllowDiscount>
      <ItemStatus>1</ItemStatus>
      <ItemId>250052</ItemId>
    </Item>
    <Item>
      <PriceUpdateDate>2025-09-08 08:00:39</PriceUpdateDate>
      <ItemCode>8700216418492</ItemCode>
      <ItemType>1</ItemType>
      <ItemName>הד&amp;שולדרס 2 ב1 קלאסי</ItemName>
      <ManufacturerName>לא ידוע</ManufacturerName>
      <ManufactureCountry>לא ידוע</ManufactureCountry>
      <ManufacturerItemDescription>הד&amp;שולדרס 2 ב1 קלאסי</ManufacturerItemDescription>
      <UnitQty>לא ידוע</UnitQty>
      <Quantity>625.00</Quantity>
      <UnitOfMeasure>לא ידוע</UnitOfMeasure>
      <bIsWeighted>0</bIsWeighted>
      <QtyInPackage>לא ידוע</QtyInPackage>
      <ItemPrice>25.90</ItemPrice>
      <UnitOfMeasurePrice>0.0414</UnitOfMeasurePrice>
      <AllowDiscount>1</AllowDiscount>
      <ItemStatus>1</ItemStatus>
      <ItemId>250056</ItemId>
    </Item>
    <Item>
      <PriceUpdateDate>2025-09-08 08:00:42</PriceUpdateDate>
      <ItemCode>8700216593694</ItemCode>
      <ItemType>1</ItemType>
      <ItemName>הד&amp;שולדרס מגע משי  6</ItemName>
      <ManufacturerName>לא ידוע</ManufacturerName>
      <ManufactureCountry>לא ידוע</ManufactureCountry>
      <ManufacturerItemDescription>הד&amp;שולדרס מגע משי  6</ManufacturerItemDescription>
      <UnitQty>לא ידוע</UnitQty>
      <Quantity>625.00</Quantity>
      <UnitOfMeasure>לא ידוע</UnitOfMeasure>
      <bIsWeighted>0</bIsWeighted>
      <QtyInPackage>לא ידוע</QtyInPackage>
      <ItemPrice>25.90</ItemPrice>
      <UnitOfMeasurePrice>0.0414</UnitOfMeasurePrice>
      <AllowDiscount>1</AllowDiscount>
      <ItemStatus>1</ItemStatus>
      <ItemId>250061</ItemId>
    </Item>
    <Item>
      <PriceUpdateDate>2025-09-07 08:01:27</PriceUpdateDate>
      <ItemCode>8850161166204</ItemCode>
      <ItemType>1</ItemType>
      <ItemName>קרם קוקוס 500 מ"ל</ItemName>
      <ManufacturerName>לא ידוע</ManufacturerName>
      <ManufactureCountry>לא ידוע</ManufactureCountry>
      <ManufacturerItemDescription>קרם קוקוס 500 מ"ל</ManufacturerItemDescription>
      <UnitQty>לא ידוע</UnitQty>
      <Quantity>500.00</Quantity>
      <UnitOfMeasure>לא ידוע</UnitOfMeasure>
      <bIsWeighted>0</bIsWeighted>
      <QtyInPackage>לא ידוע</QtyInPackage>
      <ItemPrice>12.50</ItemPrice>
      <UnitOfMeasurePrice>0.0250</UnitOfMeasurePrice>
      <AllowDiscount>1</AllowDiscount>
      <ItemStatus>1</ItemStatus>
      <ItemId>250075</ItemId>
    </Item>
    <Item>
      <PriceUpdateDate>2025-08-21 11:23:39</PriceUpdateDate>
      <ItemCode>7290017142630</ItemCode>
      <ItemType>1</ItemType>
      <ItemName>שמן זית כתית מעולה ק</ItemName>
      <ManufacturerName>לא ידוע</ManufacturerName>
      <ManufactureCountry>לא ידוע</ManufactureCountry>
      <ManufacturerItemDescription>שמן זית כתית מעולה ק</ManufacturerItemDescription>
      <UnitQty>לא ידוע</UnitQty>
      <Quantity>500.00</Quantity>
      <UnitOfMeasure>לא ידוע</UnitOfMeasure>
      <bIsWeighted>0</bIsWeighted>
      <QtyInPackage>לא ידוע</QtyInPackage>
      <ItemPrice>41.90</ItemPrice>
      <UnitOfMeasurePrice>0.0838</UnitOfMeasurePrice>
      <AllowDiscount>1</AllowDiscount>
      <ItemStatus>1</ItemStatus>
      <ItemId>250077</ItemId>
    </Item>
    <Item>
      <PriceUpdateDate>2025-08-21 11:23:39</PriceUpdateDate>
      <ItemCode>7290017142647</ItemCode>
      <ItemType>1</ItemType>
      <ItemName>שמן זית כתית מעולה מ</ItemName>
      <ManufacturerName>לא ידוע</ManufacturerName>
      <ManufactureCountry>לא ידוע</ManufactureCountry>
      <ManufacturerItemDescription>שמן זית כתית מעולה מ</ManufacturerItemDescription>
      <UnitQty>לא ידוע</UnitQty>
      <Quantity>500.00</Quantity>
      <UnitOfMeasure>לא ידוע</UnitOfMeasure>
      <bIsWeighted>0</bIsWeighted>
      <QtyInPackage>לא ידוע</QtyInPackage>
      <ItemPrice>41.90</ItemPrice>
      <UnitOfMeasurePrice>0.0838</UnitOfMeasurePrice>
      <AllowDiscount>1</AllowDiscount>
      <ItemStatus>1</ItemStatus>
      <ItemId>250078</ItemId>
    </Item>
    <Item>
      <PriceUpdateDate>2025-08-26 12:49:18</PriceUpdateDate>
      <ItemCode>7290112005991</ItemCode>
      <ItemType>1</ItemType>
      <ItemName>ויט רצועות פנים לעור</ItemName>
      <ManufacturerName>לא ידוע</ManufacturerName>
      <ManufactureCountry>לא ידוע</ManufactureCountry>
      <ManufacturerItemDescription>ויט רצועות פנים לעור</ManufacturerItemDescription>
      <UnitQty>יחידה   </UnitQty>
      <Quantity>0.00</Quantity>
      <UnitOfMeasure>יחידה   </UnitOfMeasure>
      <bIsWeighted>0</bIsWeighted>
      <QtyInPackage>לא ידוע</QtyInPackage>
      <ItemPrice>34.90</ItemPrice>
      <UnitOfMeasurePrice>0.0000</UnitOfMeasurePrice>
      <AllowDiscount>1</AllowDiscount>
      <ItemStatus>1</ItemStatus>
      <ItemId>250079</ItemId>
    </Item>
    <Item>
      <PriceUpdateDate>2025-09-04 11:42:16</PriceUpdateDate>
      <ItemCode>7290016693546</ItemCode>
      <ItemType>1</ItemType>
      <ItemName>יין עונות קברנה סובנ</ItemName>
      <ManufacturerName>לא ידוע</ManufacturerName>
      <ManufactureCountry>לא ידוע</ManufactureCountry>
      <ManufacturerItemDescription>יין עונות קברנה סובנ</ManufacturerItemDescription>
      <UnitQty>לא ידוע</UnitQty>
      <Quantity>750.00</Quantity>
      <UnitOfMeasure>לא ידוע</UnitOfMeasure>
      <bIsWeighted>0</bIsWeighted>
      <QtyInPackage>לא ידוע</QtyInPackage>
      <ItemPrice>28.90</ItemPrice>
      <UnitOfMeasurePrice>0.0385</UnitOfMeasurePrice>
      <AllowDiscount>1</AllowDiscount>
      <ItemStatus>1</ItemStatus>
      <ItemId>250082</ItemId>
    </Item>
    <Item>
      <PriceUpdateDate>2025-08-19 08:33:56</PriceUpdateDate>
      <ItemCode>16000220935</ItemCode>
      <ItemType>1</ItemType>
      <ItemName>רולאפס עשירייה חמוץ</ItemName>
      <ManufacturerName>לא ידוע</ManufacturerName>
      <ManufactureCountry>לא ידוע</ManufactureCountry>
      <ManufacturerItemDescription>רולאפס עשירייה חמוץ</ManufacturerItemDescription>
      <UnitQty>לא ידוע</UnitQty>
      <Quantity>141.00</Quantity>
      <UnitOfMeasure>לא ידוע</UnitOfMeasure>
      <bIsWeighted>0</bIsWeighted>
      <QtyInPackage>לא ידוע</QtyInPackage>
      <ItemPrice>25.90</ItemPrice>
      <UnitOfMeasurePrice>0.1837</UnitOfMeasurePrice>
      <AllowDiscount>1</AllowDiscount>
      <ItemStatus>1</ItemStatus>
      <ItemId>250094</ItemId>
    </Item>
    <Item>
      <PriceUpdateDate>2025-09-07 08:01:50</PriceUpdateDate>
      <ItemCode>7290119421008</ItemCode>
      <ItemType>1</ItemType>
      <ItemName>סודה לשתיה בצנצנת 50</ItemName>
      <ManufacturerName>לא ידוע</ManufacturerName>
      <ManufactureCountry>לא ידוע</ManufactureCountry>
      <ManufacturerItemDescription>סודה לשתיה בצנצנת 50</ManufacturerItemDescription>
      <UnitQty>לא ידוע</UnitQty>
      <Quantity>500.00</Quantity>
      <UnitOfMeasure>לא ידוע</UnitOfMeasure>
      <bIsWeighted>0</bIsWeighted>
      <QtyInPackage>לא ידוע</QtyInPackage>
      <ItemPrice>13.90</ItemPrice>
      <UnitOfMeasurePrice>0.0278</UnitOfMeasurePrice>
      <AllowDiscount>1</AllowDiscount>
      <ItemStatus>1</ItemStatus>
      <ItemId>250105</ItemId>
    </Item>
    <Item>
      <PriceUpdateDate>2025-08-26 16:06:46</PriceUpdateDate>
      <ItemCode>8801055709526</ItemCode>
      <ItemType>1</ItemType>
      <ItemName>נסקפה קפוצ'ינו שוקול</ItemName>
      <ManufacturerName>לא ידוע</ManufacturerName>
      <ManufactureCountry>לא ידוע</ManufactureCountry>
      <ManufacturerItemDescription>נסקפה קפוצ'ינו שוקול</ManufacturerItemDescription>
      <UnitQty>לא ידוע</UnitQty>
      <Quantity>185.00</Quantity>
      <UnitOfMeasure>לא ידוע</UnitOfMeasure>
      <bIsWeighted>0</bIsWeighted>
      <QtyInPackage>לא ידוע</QtyInPackage>
      <ItemPrice>25.90</ItemPrice>
      <UnitOfMeasurePrice>0.1400</UnitOfMeasurePrice>
      <AllowDiscount>1</AllowDiscount>
      <ItemStatus>1</ItemStatus>
      <ItemId>238226</ItemId>
    </Item>
    <Item>
      <PriceUpdateDate>2025-09-07 10:41:21</PriceUpdateDate>
      <ItemCode>7290108351613</ItemCode>
      <ItemType>1</ItemType>
      <ItemName>ריצפז פרש הום בניחוח</ItemName>
      <ManufacturerName>לא ידוע</ManufacturerName>
      <ManufactureCountry>לא ידוע</ManufactureCountry>
      <ManufacturerItemDescription>ריצפז פרש הום בניחוח</ManufacturerItemDescription>
      <UnitQty>ליטרים</UnitQty>
      <Quantity>2.00</Quantity>
      <UnitOfMeasure>ליטר    </UnitOfMeasure>
      <bIsWeighted>0</bIsWeighted>
      <QtyInPackage>לא ידוע</QtyInPackage>
      <ItemPrice>22.90</ItemPrice>
      <UnitOfMeasurePrice>11.4500</UnitOfMeasurePrice>
      <AllowDiscount>1</AllowDiscount>
      <ItemStatus>1</ItemStatus>
      <ItemId>209131</ItemId>
    </Item>
    <Item>
      <PriceUpdateDate>2025-08-19 18:19:03</PriceUpdateDate>
      <ItemCode>5063270101490</ItemCode>
      <ItemType>1</ItemType>
      <ItemName>ליפטון תה ירוק מליסה</ItemName>
      <ManufacturerName>לא ידוע</ManufacturerName>
      <ManufactureCountry>לא ידוע</ManufactureCountry>
      <ManufacturerItemDescription>ליפטון תה ירוק מליסה</ManufacturerItemDescription>
      <UnitQty>לא ידוע</UnitQty>
      <Quantity>32.00</Quantity>
      <UnitOfMeasure>לא ידוע</UnitOfMeasure>
      <bIsWeighted>0</bIsWeighted>
      <QtyInPackage>לא ידוע</QtyInPackage>
      <ItemPrice>20.90</ItemPrice>
      <UnitOfMeasurePrice>0.6531</UnitOfMeasurePrice>
      <AllowDiscount>1</AllowDiscount>
      <ItemStatus>1</ItemStatus>
      <ItemId>250106</ItemId>
    </Item>
    <Item>
      <PriceUpdateDate>2025-08-19 18:19:03</PriceUpdateDate>
      <ItemCode>5063270101575</ItemCode>
      <ItemType>1</ItemType>
      <ItemName>ליפטון חליטת קמומיל</ItemName>
      <ManufacturerName>לא ידוע</ManufacturerName>
      <ManufactureCountry>לא ידוע</ManufactureCountry>
      <ManufacturerItemDescription>ליפטון חליטת קמומיל</ManufacturerItemDescription>
      <UnitQty>לא ידוע</UnitQty>
      <Quantity>14.00</Quantity>
      <UnitOfMeasure>לא ידוע</UnitOfMeasure>
      <bIsWeighted>0</bIsWeighted>
      <QtyInPackage>לא ידוע</QtyInPackage>
      <ItemPrice>20.90</ItemPrice>
      <UnitOfMeasurePrice>1.4929</UnitOfMeasurePrice>
      <AllowDiscount>1</AllowDiscount>
      <ItemStatus>1</ItemStatus>
      <ItemId>250109</ItemId>
    </Item>
    <Item>
      <PriceUpdateDate>2025-08-31 10:20:02</PriceUpdateDate>
      <ItemCode>7290018790342</ItemCode>
      <ItemType>1</ItemType>
      <ItemName>קרקר עם זעתר טופז 25</ItemName>
      <ManufacturerName>לא ידוע</ManufacturerName>
      <ManufactureCountry>לא ידוע</ManufactureCountry>
      <ManufacturerItemDescription>קרקר עם זעתר טופז 25</ManufacturerItemDescription>
      <UnitQty>לא ידוע</UnitQty>
      <Quantity>250.00</Quantity>
      <UnitOfMeasure>לא ידוע</UnitOfMeasure>
      <bIsWeighted>0</bIsWeighted>
      <QtyInPackage>לא ידוע</QtyInPackage>
      <ItemPrice>9.50</ItemPrice>
      <UnitOfMeasurePrice>0.0380</UnitOfMeasurePrice>
      <AllowDiscount>1</AllowDiscount>
      <ItemStatus>1</ItemStatus>
      <ItemId>250112</ItemId>
    </Item>
    <Item>
      <PriceUpdateDate>2025-08-19 18:19:04</PriceUpdateDate>
      <ItemCode>5063270103920</ItemCode>
      <ItemType>1</ItemType>
      <ItemName>ליפטון חליטת ג'ינג'ר</ItemName>
      <ManufacturerName>לא ידוע</ManufacturerName>
      <ManufactureCountry>לא ידוע</ManufactureCountry>
      <ManufacturerItemDescription>ליפטון חליטת ג'ינג'ר</ManufacturerItemDescription>
      <UnitQty>לא ידוע</UnitQty>
      <Quantity>40.00</Quantity>
      <UnitOfMeasure>לא ידוע</UnitOfMeasure>
      <bIsWeighted>0</bIsWeighted>
      <QtyInPackage>לא ידוע</QtyInPackage>
      <ItemPrice>20.90</ItemPrice>
      <UnitOfMeasurePrice>0.5225</UnitOfMeasurePrice>
      <AllowDiscount>1</AllowDiscount>
      <ItemStatus>1</ItemStatus>
      <ItemId>250115</ItemId>
    </Item>
    <Item>
      <PriceUpdateDate>2025-08-20 12:43:14</PriceUpdateDate>
      <ItemCode>70970475337</ItemCode>
      <ItemType>1</ItemType>
      <ItemName>מייק אנד אייק אורגינ</ItemName>
      <ManufacturerName>לא ידוע</ManufacturerName>
      <ManufactureCountry>לא ידוע</ManufactureCountry>
      <ManufacturerItemDescription>מייק אנד אייק אורגינ</ManufacturerItemDescription>
      <UnitQty>לא ידוע</UnitQty>
      <Quantity>120.00</Quantity>
      <UnitOfMeasure>לא ידוע</UnitOfMeasure>
      <bIsWeighted>0</bIsWeighted>
      <QtyInPackage>לא ידוע</QtyInPackage>
      <ItemPrice>12.90</ItemPrice>
      <UnitOfMeasurePrice>0.1075</UnitOfMeasurePrice>
      <AllowDiscount>1</AllowDiscount>
      <ItemStatus>1</ItemStatus>
      <ItemId>250265</ItemId>
    </Item>
    <Item>
      <PriceUpdateDate>2025-08-20 12:43:15</PriceUpdateDate>
      <ItemCode>70970475344</ItemCode>
      <ItemType>1</ItemType>
      <ItemName>מייק אנד אייק יער 12</ItemName>
      <ManufacturerName>לא ידוע</ManufacturerName>
      <ManufactureCountry>לא ידוע</ManufactureCountry>
      <ManufacturerItemDescription>מייק אנד אייק יער 12</ManufacturerItemDescription>
      <UnitQty>לא ידוע</UnitQty>
      <Quantity>120.00</Quantity>
      <UnitOfMeasure>לא ידוע</UnitOfMeasure>
      <bIsWeighted>0</bIsWeighted>
      <QtyInPackage>לא ידוע</QtyInPackage>
      <ItemPrice>12.90</ItemPrice>
      <UnitOfMeasurePrice>0.1075</UnitOfMeasurePrice>
      <AllowDiscount>1</AllowDiscount>
      <ItemStatus>1</ItemStatus>
      <ItemId>250266</ItemId>
    </Item>
    <Item>
      <PriceUpdateDate>2025-08-20 12:43:15</PriceUpdateDate>
      <ItemCode>70970475351</ItemCode>
      <ItemType>1</ItemType>
      <ItemName>מייק אנד אייק טרופי</ItemName>
      <ManufacturerName>לא ידוע</ManufacturerName>
      <ManufactureCountry>לא ידוע</ManufactureCountry>
      <ManufacturerItemDescription>מייק אנד אייק טרופי</ManufacturerItemDescription>
      <UnitQty>לא ידוע</UnitQty>
      <Quantity>120.00</Quantity>
      <UnitOfMeasure>לא ידוע</UnitOfMeasure>
      <bIsWeighted>0</bIsWeighted>
      <QtyInPackage>לא ידוע</QtyInPackage>
      <ItemPrice>12.90</ItemPrice>
      <UnitOfMeasurePrice>0.1075</UnitOfMeasurePrice>
      <AllowDiscount>1</AllowDiscount>
      <ItemStatus>1</ItemStatus>
      <ItemId>250267</ItemId>
    </Item>
    <Item>
      <PriceUpdateDate>2025-08-20 12:43:15</PriceUpdateDate>
      <ItemCode>70970475375</ItemCode>
      <ItemType>1</ItemType>
      <ItemName>מייק אנד אייק מגה מי</ItemName>
      <ManufacturerName>לא ידוע</ManufacturerName>
      <ManufactureCountry>לא ידוע</ManufactureCountry>
      <ManufacturerItemDescription>מייק אנד אייק מגה מי</ManufacturerItemDescription>
      <UnitQty>לא ידוע</UnitQty>
      <Quantity>120.00</Quantity>
      <UnitOfMeasure>לא ידוע</UnitOfMeasure>
      <bIsWeighted>0</bIsWeighted>
      <QtyInPackage>לא ידוע</QtyInPackage>
      <ItemPrice>12.90</ItemPrice>
      <UnitOfMeasurePrice>0.1075</UnitOfMeasurePrice>
      <AllowDiscount>1</AllowDiscount>
      <ItemStatus>1</ItemStatus>
      <ItemId>250269</ItemId>
    </Item>
    <Item>
      <PriceUpdateDate>2025-09-07 08:45:15</PriceUpdateDate>
      <ItemCode>8934878081866</ItemCode>
      <ItemType>1</ItemType>
      <ItemName>דפי אורז 22 ס"מ 400</ItemName>
      <ManufacturerName>לא ידוע</ManufacturerName>
      <ManufactureCountry>לא ידוע</ManufactureCountry>
      <ManufacturerItemDescription>דפי אורז 22 ס"מ 400</ManufacturerItemDescription>
      <UnitQty>לא ידוע</UnitQty>
      <Quantity>400.00</Quantity>
      <UnitOfMeasure>לא ידוע</UnitOfMeasure>
      <bIsWeighted>0</bIsWeighted>
      <QtyInPackage>לא ידוע</QtyInPackage>
      <ItemPrice>13.50</ItemPrice>
      <UnitOfMeasurePrice>0.0338</UnitOfMeasurePrice>
      <AllowDiscount>1</AllowDiscount>
      <ItemStatus>1</ItemStatus>
      <ItemId>250316</ItemId>
    </Item>
    <Item>
      <PriceUpdateDate>2025-08-31 08:42:47</PriceUpdateDate>
      <ItemCode>7290010153688</ItemCode>
      <ItemType>1</ItemType>
      <ItemName>חומץ טבעי כשרות בד"ץ</ItemName>
      <ManufacturerName>לא ידוע</ManufacturerName>
      <ManufactureCountry>לא ידוע</ManufactureCountry>
      <ManufacturerItemDescription>חומץ טבעי כשרות בד"ץ</ManufacturerItemDescription>
      <UnitQty>לא ידוע</UnitQty>
      <Quantity>1000.00</Quantity>
      <UnitOfMeasure>לא ידוע</UnitOfMeasure>
      <bIsWeighted>0</bIsWeighted>
      <QtyInPackage>לא ידוע</QtyInPackage>
      <ItemPrice>7.90</ItemPrice>
      <UnitOfMeasurePrice>0.0079</UnitOfMeasurePrice>
      <AllowDiscount>1</AllowDiscount>
      <ItemStatus>1</ItemStatus>
      <ItemId>250331</ItemId>
    </Item>
    <Item>
      <PriceUpdateDate>2025-09-04 10:27:29</PriceUpdateDate>
      <ItemCode>7290018571224</ItemCode>
      <ItemType>1</ItemType>
      <ItemName>סילאן טבעי בבקבוק לח</ItemName>
      <ManufacturerName>לא ידוע</ManufacturerName>
      <ManufactureCountry>לא ידוע</ManufactureCountry>
      <ManufacturerItemDescription>סילאן טבעי בבקבוק לח</ManufacturerItemDescription>
      <UnitQty>לא ידוע</UnitQty>
      <Quantity>470.00</Quantity>
      <UnitOfMeasure>לא ידוע</UnitOfMeasure>
      <bIsWeighted>0</bIsWeighted>
      <QtyInPackage>לא ידוע</QtyInPackage>
      <ItemPrice>15.90</ItemPrice>
      <UnitOfMeasurePrice>0.0338</UnitOfMeasurePrice>
      <AllowDiscount>1</AllowDiscount>
      <ItemStatus>1</ItemStatus>
      <ItemId>250344</ItemId>
    </Item>
    <Item>
      <PriceUpdateDate>2025-09-04 10:27:30</PriceUpdateDate>
      <ItemCode>7290018571491</ItemCode>
      <ItemType>1</ItemType>
      <ItemName>ריבת חלב 340 גרם</ItemName>
      <ManufacturerName>לא ידוע</ManufacturerName>
      <ManufactureCountry>לא ידוע</ManufactureCountry>
      <ManufacturerItemDescription>ריבת חלב 340 גרם</ManufacturerItemDescription>
      <UnitQty>לא ידוע</UnitQty>
      <Quantity>340.00</Quantity>
      <UnitOfMeasure>לא ידוע</UnitOfMeasure>
      <bIsWeighted>0</bIsWeighted>
      <QtyInPackage>לא ידוע</QtyInPackage>
      <ItemPrice>13.90</ItemPrice>
      <UnitOfMeasurePrice>0.0409</UnitOfMeasurePrice>
      <AllowDiscount>1</AllowDiscount>
      <ItemStatus>1</ItemStatus>
      <ItemId>250348</ItemId>
    </Item>
    <Item>
      <PriceUpdateDate>2025-09-04 10:27:32</PriceUpdateDate>
      <ItemCode>7290018571903</ItemCode>
      <ItemType>1</ItemType>
      <ItemName>ציפוי לשניצל בטעם פי</ItemName>
      <ManufacturerName>לא ידוע</ManufacturerName>
      <ManufactureCountry>לא ידוע</ManufactureCountry>
      <ManufacturerItemDescription>ציפוי לשניצל בטעם פי</ManufacturerItemDescription>
      <UnitQty>לא ידוע</UnitQty>
      <Quantity>400.00</Quantity>
      <UnitOfMeasure>לא ידוע</UnitOfMeasure>
      <bIsWeighted>0</bIsWeighted>
      <QtyInPackage>לא ידוע</QtyInPackage>
      <ItemPrice>11.90</ItemPrice>
      <UnitOfMeasurePrice>0.0298</UnitOfMeasurePrice>
      <AllowDiscount>1</AllowDiscount>
      <ItemStatus>1</ItemStatus>
      <ItemId>250354</ItemId>
    </Item>
    <Item>
      <PriceUpdateDate>2025-09-04 10:27:32</PriceUpdateDate>
      <ItemCode>7290018571927</ItemCode>
      <ItemType>1</ItemType>
      <ItemName>ציפוי לשניצל עם עשבי</ItemName>
      <ManufacturerName>לא ידוע</ManufacturerName>
      <ManufactureCountry>לא ידוע</ManufactureCountry>
      <ManufacturerItemDescription>ציפוי לשניצל עם עשבי</ManufacturerItemDescription>
      <UnitQty>לא ידוע</UnitQty>
      <Quantity>400.00</Quantity>
      <UnitOfMeasure>לא ידוע</UnitOfMeasure>
      <bIsWeighted>0</bIsWeighted>
      <QtyInPackage>לא ידוע</QtyInPackage>
      <ItemPrice>11.90</ItemPrice>
      <UnitOfMeasurePrice>0.0298</UnitOfMeasurePrice>
      <AllowDiscount>1</AllowDiscount>
      <ItemStatus>1</ItemStatus>
      <ItemId>250356</ItemId>
    </Item>
    <Item>
      <PriceUpdateDate>2025-09-04 10:27:35</PriceUpdateDate>
      <ItemCode>7290019603221</ItemCode>
      <ItemType>1</ItemType>
      <ItemName>סוכר חום בשקית 1 ק"ג</ItemName>
      <ManufacturerName>לא ידוע</ManufacturerName>
      <ManufactureCountry>לא ידוע</ManufactureCountry>
      <ManufacturerItemDescription>סוכר חום בשקית 1 ק"ג</ManufacturerItemDescription>
      <UnitQty>לא ידוע</UnitQty>
      <Quantity>1000.00</Quantity>
      <UnitOfMeasure>לא ידוע</UnitOfMeasure>
      <bIsWeighted>0</bIsWeighted>
      <QtyInPackage>לא ידוע</QtyInPackage>
      <ItemPrice>16.90</ItemPrice>
      <UnitOfMeasurePrice>0.0169</UnitOfMeasurePrice>
      <AllowDiscount>1</AllowDiscount>
      <ItemStatus>1</ItemStatus>
      <ItemId>250360</ItemId>
    </Item>
    <Item>
      <PriceUpdateDate>2025-09-04 10:27:35</PriceUpdateDate>
      <ItemCode>7290019603238</ItemCode>
      <ItemType>1</ItemType>
      <ItemName>אבקת סוכר 500 גרם</ItemName>
      <ManufacturerName>לא ידוע</ManufacturerName>
      <ManufactureCountry>לא ידוע</ManufactureCountry>
      <ManufacturerItemDescription>אבקת סוכר 500 גרם</ManufacturerItemDescription>
      <UnitQty>לא ידוע</UnitQty>
      <Quantity>500.00</Quantity>
      <UnitOfMeasure>לא ידוע</UnitOfMeasure>
      <bIsWeighted>0</bIsWeighted>
      <QtyInPackage>לא ידוע</QtyInPackage>
      <ItemPrice>9.90</ItemPrice>
      <UnitOfMeasurePrice>0.0198</UnitOfMeasurePrice>
      <AllowDiscount>1</AllowDiscount>
      <ItemStatus>1</ItemStatus>
      <ItemId>250361</ItemId>
    </Item>
    <Item>
      <PriceUpdateDate>2025-09-04 10:27:36</PriceUpdateDate>
      <ItemCode>7290019603320</ItemCode>
      <ItemType>1</ItemType>
      <ItemName>ג'לי תות 90 גרם</ItemName>
      <ManufacturerName>לא ידוע</ManufacturerName>
      <ManufactureCountry>לא ידוע</ManufactureCountry>
      <ManufacturerItemDescription>ג'לי תות 90 גרם</ManufacturerItemDescription>
      <UnitQty>לא ידוע</UnitQty>
      <Quantity>90.00</Quantity>
      <UnitOfMeasure>לא ידוע</UnitOfMeasure>
      <bIsWeighted>0</bIsWeighted>
      <QtyInPackage>לא ידוע</QtyInPackage>
      <ItemPrice>5.90</ItemPrice>
      <UnitOfMeasurePrice>0.0656</UnitOfMeasurePrice>
      <AllowDiscount>1</AllowDiscount>
      <ItemStatus>1</ItemStatus>
      <ItemId>250364</ItemId>
    </Item>
    <Item>
      <PriceUpdateDate>2025-09-01 12:26:05</PriceUpdateDate>
      <ItemCode>7290019603542</ItemCode>
      <ItemType>1</ItemType>
      <ItemName>חומוס ענק מובחר 500</ItemName>
      <ManufacturerName>לא ידוע</ManufacturerName>
      <ManufactureCountry>לא ידוע</ManufactureCountry>
      <ManufacturerItemDescription>חומוס ענק מובחר 500</ManufacturerItemDescription>
      <UnitQty>לא ידוע</UnitQty>
      <Quantity>500.00</Quantity>
      <UnitOfMeasure>לא ידוע</UnitOfMeasure>
      <bIsWeighted>0</bIsWeighted>
      <QtyInPackage>לא ידוע</QtyInPackage>
      <ItemPrice>15.90</ItemPrice>
      <UnitOfMeasurePrice>0.0318</UnitOfMeasurePrice>
      <AllowDiscount>1</AllowDiscount>
      <ItemStatus>1</ItemStatus>
      <ItemId>250367</ItemId>
    </Item>
    <Item>
      <PriceUpdateDate>2025-09-04 10:27:38</PriceUpdateDate>
      <ItemCode>7290019603672</ItemCode>
      <ItemType>1</ItemType>
      <ItemName>נטיפי שוקולד אמיתי</ItemName>
      <ManufacturerName>לא ידוע</ManufacturerName>
      <ManufactureCountry>לא ידוע</ManufactureCountry>
      <ManufacturerItemDescription>נטיפי שוקולד אמיתי</ManufacturerItemDescription>
      <UnitQty>לא ידוע</UnitQty>
      <Quantity>200.00</Quantity>
      <UnitOfMeasure>לא ידוע</UnitOfMeasure>
      <bIsWeighted>0</bIsWeighted>
      <QtyInPackage>לא ידוע</QtyInPackage>
      <ItemPrice>17.90</ItemPrice>
      <UnitOfMeasurePrice>0.0895</UnitOfMeasurePrice>
      <AllowDiscount>1</AllowDiscount>
      <ItemStatus>1</ItemStatus>
      <ItemId>250373</ItemId>
    </Item>
    <Item>
      <PriceUpdateDate>2025-09-04 10:27:41</PriceUpdateDate>
      <ItemCode>7290020238009</ItemCode>
      <ItemType>1</ItemType>
      <ItemName>עדשי שוקולד בצנצנת ל</ItemName>
      <ManufacturerName>לא ידוע</ManufacturerName>
      <ManufactureCountry>לא ידוע</ManufactureCountry>
      <ManufacturerItemDescription>עדשי שוקולד בצנצנת ל</ManufacturerItemDescription>
      <UnitQty>לא ידוע</UnitQty>
      <Quantity>180.00</Quantity>
      <UnitOfMeasure>לא ידוע</UnitOfMeasure>
      <bIsWeighted>0</bIsWeighted>
      <QtyInPackage>לא ידוע</QtyInPackage>
      <ItemPrice>16.90</ItemPrice>
      <UnitOfMeasurePrice>0.0939</UnitOfMeasurePrice>
      <AllowDiscount>1</AllowDiscount>
      <ItemStatus>1</ItemStatus>
      <ItemId>250374</ItemId>
    </Item>
    <Item>
      <PriceUpdateDate>2025-08-26 10:52:44</PriceUpdateDate>
      <ItemCode>7290119380459</ItemCode>
      <ItemType>1</ItemType>
      <ItemName>קפה נמס עלית בטעם אג</ItemName>
      <ManufacturerName>לא ידוע</ManufacturerName>
      <ManufactureCountry>לא ידוע</ManufactureCountry>
      <ManufacturerItemDescription>קפה נמס עלית בטעם אג</ManufacturerItemDescription>
      <UnitQty>לא ידוע</UnitQty>
      <Quantity>200.00</Quantity>
      <UnitOfMeasure>לא ידוע</UnitOfMeasure>
      <bIsWeighted>0</bIsWeighted>
      <QtyInPackage>לא ידוע</QtyInPackage>
      <ItemPrice>34.90</ItemPrice>
      <UnitOfMeasurePrice>0.1745</UnitOfMeasurePrice>
      <AllowDiscount>1</AllowDiscount>
      <ItemStatus>1</ItemStatus>
      <ItemId>250434</ItemId>
    </Item>
    <Item>
      <PriceUpdateDate>2025-03-10 07:20:36</PriceUpdateDate>
      <ItemCode>7290121162326</ItemCode>
      <ItemType>1</ItemType>
      <ItemName>לסס סטיק דרמה ויטמין</ItemName>
      <ManufacturerName>לא ידוע</ManufacturerName>
      <ManufactureCountry>לא ידוע</ManufactureCountry>
      <ManufacturerItemDescription>לסס סטיק דרמה ויטמין</ManufacturerItemDescription>
      <UnitQty>לא ידוע</UnitQty>
      <Quantity>90.00</Quantity>
      <UnitOfMeasure>לא ידוע</UnitOfMeasure>
      <bIsWeighted>0</bIsWeighted>
      <QtyInPackage>לא ידוע</QtyInPackage>
      <ItemPrice>30.00</ItemPrice>
      <UnitOfMeasurePrice>0.3333</UnitOfMeasurePrice>
      <AllowDiscount>1</AllowDiscount>
      <ItemStatus>1</ItemStatus>
      <ItemId>250442</ItemId>
    </Item>
    <Item>
      <PriceUpdateDate>2025-08-21 10:18:25</PriceUpdateDate>
      <ItemCode>7290000085180</ItemCode>
      <ItemType>1</ItemType>
      <ItemName>פתי בר ענק וניל 470</ItemName>
      <ManufacturerName>לא ידוע</ManufacturerName>
      <ManufactureCountry>לא ידוע</ManufactureCountry>
      <ManufacturerItemDescription>פתי בר ענק וניל 470</ManufacturerItemDescription>
      <UnitQty>יחידה   </UnitQty>
      <Quantity>0.00</Quantity>
      <UnitOfMeasure>יחידה   </UnitOfMeasure>
      <bIsWeighted>0</bIsWeighted>
      <QtyInPackage>לא ידוע</QtyInPackage>
      <ItemPrice>12.90</ItemPrice>
      <UnitOfMeasurePrice>0.0000</UnitOfMeasurePrice>
      <AllowDiscount>1</AllowDiscount>
      <ItemStatus>1</ItemStatus>
      <ItemId>250445</ItemId>
    </Item>
    <Item>
      <PriceUpdateDate>2025-08-21 10:18:26</PriceUpdateDate>
      <ItemCode>7290002986652</ItemCode>
      <ItemType>1</ItemType>
      <ItemName>פתי בר שוקו 470 גרם</ItemName>
      <ManufacturerName>לא ידוע</ManufacturerName>
      <ManufactureCountry>לא ידוע</ManufactureCountry>
      <ManufacturerItemDescription>פתי בר שוקו 470 גרם</ManufacturerItemDescription>
      <UnitQty>יחידה   </UnitQty>
      <Quantity>0.00</Quantity>
      <UnitOfMeasure>יחידה   </UnitOfMeasure>
      <bIsWeighted>0</bIsWeighted>
      <QtyInPackage>לא ידוע</QtyInPackage>
      <ItemPrice>12.90</ItemPrice>
      <UnitOfMeasurePrice>0.0000</UnitOfMeasurePrice>
      <AllowDiscount>1</AllowDiscount>
      <ItemStatus>1</ItemStatus>
      <ItemId>250446</ItemId>
    </Item>
    <Item>
      <PriceUpdateDate>2025-08-21 10:18:26</PriceUpdateDate>
      <ItemCode>7290005095641</ItemCode>
      <ItemType>1</ItemType>
      <ItemName>שלווה חיטה תפוחה מתו</ItemName>
      <ManufacturerName>לא ידוע</ManufacturerName>
      <ManufactureCountry>לא ידוע</ManufactureCountry>
      <ManufacturerItemDescription>שלווה חיטה תפוחה מתו</ManufacturerItemDescription>
      <UnitQty>יחידה   </UnitQty>
      <Quantity>0.00</Quantity>
      <UnitOfMeasure>יחידה   </UnitOfMeasure>
      <bIsWeighted>0</bIsWeighted>
      <QtyInPackage>לא ידוע</QtyInPackage>
      <ItemPrice>10.90</ItemPrice>
      <UnitOfMeasurePrice>0.0000</UnitOfMeasurePrice>
      <AllowDiscount>1</AllowDiscount>
      <ItemStatus>1</ItemStatus>
      <ItemId>250452</ItemId>
    </Item>
    <Item>
      <PriceUpdateDate>2025-08-21 10:18:24</PriceUpdateDate>
      <ItemCode>693493010818</ItemCode>
      <ItemType>1</ItemType>
      <ItemName>נאצוס חטיף טורטיה תי</ItemName>
      <ManufacturerName>לא ידוע</ManufacturerName>
      <ManufactureCountry>לא ידוע</ManufactureCountry>
      <ManufacturerItemDescription>נאצוס חטיף טורטיה תי</ManufacturerItemDescription>
      <UnitQty>לא ידוע</UnitQty>
      <Quantity>200.00</Quantity>
      <UnitOfMeasure>לא ידוע</UnitOfMeasure>
      <bIsWeighted>0</bIsWeighted>
      <QtyInPackage>לא ידוע</QtyInPackage>
      <ItemPrice>15.90</ItemPrice>
      <UnitOfMeasurePrice>0.0795</UnitOfMeasurePrice>
      <AllowDiscount>1</AllowDiscount>
      <ItemStatus>1</ItemStatus>
      <ItemId>250464</ItemId>
    </Item>
    <Item>
      <PriceUpdateDate>2025-08-18 11:33:43</PriceUpdateDate>
      <ItemCode>4751007730495</ItemCode>
      <ItemType>1</ItemType>
      <ItemName>שימורי טונה עם ירקות</ItemName>
      <ManufacturerName>לא ידוע</ManufacturerName>
      <ManufactureCountry>לא ידוע</ManufactureCountry>
      <ManufacturerItemDescription>שימורי טונה עם ירקות</ManufacturerItemDescription>
      <UnitQty>לא ידוע</UnitQty>
      <Quantity>185.00</Quantity>
      <UnitOfMeasure>לא ידוע</UnitOfMeasure>
      <bIsWeighted>0</bIsWeighted>
      <QtyInPackage>לא ידוע</QtyInPackage>
      <ItemPrice>13.90</ItemPrice>
      <UnitOfMeasurePrice>0.0751</UnitOfMeasurePrice>
      <AllowDiscount>1</AllowDiscount>
      <ItemStatus>1</ItemStatus>
      <ItemId>250502</ItemId>
    </Item>
    <Item>
      <PriceUpdateDate>2025-10-16 13:35:25</PriceUpdateDate>
      <ItemCode>8700216800723</ItemCode>
      <ItemType>1</ItemType>
      <ItemName>תחבושות אולוויז  דוא</ItemName>
      <ManufacturerName>לא ידוע</ManufacturerName>
      <ManufactureCountry>לא ידוע</ManufactureCountry>
      <ManufacturerItemDescription>תחבושות אולוויז  דוא</ManufacturerItemDescription>
      <UnitQty>יחידה   </UnitQty>
      <Quantity>0.00</Quantity>
      <UnitOfMeasure>יחידה   </UnitOfMeasure>
      <bIsWeighted>0</bIsWeighted>
      <QtyInPackage>לא ידוע</QtyInPackage>
      <ItemPrice>22.90</ItemPrice>
      <UnitOfMeasurePrice>0.0000</UnitOfMeasurePrice>
      <AllowDiscount>1</AllowDiscount>
      <ItemStatus>1</ItemStatus>
      <ItemId>256101</ItemId>
    </Item>
    <Item>
      <PriceUpdateDate>2025-08-18 11:33:44</PriceUpdateDate>
      <ItemCode>4751007732833</ItemCode>
      <ItemType>1</ItemType>
      <ItemName>פילה סלומון ברוטב עג</ItemName>
      <ManufacturerName>לא ידוע</ManufacturerName>
      <ManufactureCountry>לא ידוע</ManufactureCountry>
      <ManufacturerItemDescription>פילה סלומון ברוטב עג</ManufacturerItemDescription>
      <UnitQty>לא ידוע</UnitQty>
      <Quantity>170.00</Quantity>
      <UnitOfMeasure>לא ידוע</UnitOfMeasure>
      <bIsWeighted>0</bIsWeighted>
      <QtyInPackage>לא ידוע</QtyInPackage>
      <ItemPrice>13.90</ItemPrice>
      <UnitOfMeasurePrice>0.0818</UnitOfMeasurePrice>
      <AllowDiscount>1</AllowDiscount>
      <ItemStatus>1</ItemStatus>
      <ItemId>250504</ItemId>
    </Item>
    <Item>
      <PriceUpdateDate>2025-08-18 11:33:44</PriceUpdateDate>
      <ItemCode>4751007732970</ItemCode>
      <ItemType>1</ItemType>
      <ItemName>סלט איטלקי עם סלומון</ItemName>
      <ManufacturerName>לא ידוע</ManufacturerName>
      <ManufactureCountry>לא ידוע</ManufactureCountry>
      <ManufacturerItemDescription>סלט איטלקי עם סלומון</ManufacturerItemDescription>
      <UnitQty>לא ידוע</UnitQty>
      <Quantity>220.00</Quantity>
      <UnitOfMeasure>לא ידוע</UnitOfMeasure>
      <bIsWeighted>0</bIsWeighted>
      <QtyInPackage>לא ידוע</QtyInPackage>
      <ItemPrice>13.90</ItemPrice>
      <UnitOfMeasurePrice>0.0632</UnitOfMeasurePrice>
      <AllowDiscount>1</AllowDiscount>
      <ItemStatus>1</ItemStatus>
      <ItemId>250506</ItemId>
    </Item>
    <Item>
      <PriceUpdateDate>2025-08-18 11:33:44</PriceUpdateDate>
      <ItemCode>4751007732994</ItemCode>
      <ItemType>1</ItemType>
      <ItemName>סלט מקסיקני עם סלומו</ItemName>
      <ManufacturerName>לא ידוע</ManufacturerName>
      <ManufactureCountry>לא ידוע</ManufactureCountry>
      <ManufacturerItemDescription>סלט מקסיקני עם סלומו</ManufacturerItemDescription>
      <UnitQty>לא ידוע</UnitQty>
      <Quantity>220.00</Quantity>
      <UnitOfMeasure>לא ידוע</UnitOfMeasure>
      <bIsWeighted>0</bIsWeighted>
      <QtyInPackage>לא ידוע</QtyInPackage>
      <ItemPrice>13.90</ItemPrice>
      <UnitOfMeasurePrice>0.0632</UnitOfMeasurePrice>
      <AllowDiscount>1</AllowDiscount>
      <ItemStatus>1</ItemStatus>
      <ItemId>250507</ItemId>
    </Item>
    <Item>
      <PriceUpdateDate>2025-08-26 16:06:46</PriceUpdateDate>
      <ItemCode>8801055709489</ItemCode>
      <ItemType>1</ItemType>
      <ItemName>נסקפה קפוצינו אגוזים</ItemName>
      <ManufacturerName>לא ידוע</ManufacturerName>
      <ManufactureCountry>לא ידוע</ManufactureCountry>
      <ManufacturerItemDescription>נסקפה קפוצינו אגוזים</ManufacturerItemDescription>
      <UnitQty>לא ידוע</UnitQty>
      <Quantity>180.00</Quantity>
      <UnitOfMeasure>לא ידוע</UnitOfMeasure>
      <bIsWeighted>0</bIsWeighted>
      <QtyInPackage>לא ידוע</QtyInPackage>
      <ItemPrice>25.90</ItemPrice>
      <UnitOfMeasurePrice>0.1439</UnitOfMeasurePrice>
      <AllowDiscount>1</AllowDiscount>
      <ItemStatus>1</ItemStatus>
      <ItemId>238228</ItemId>
    </Item>
    <Item>
      <PriceUpdateDate>2025-08-19 14:01:53</PriceUpdateDate>
      <ItemCode>7290002150077</ItemCode>
      <ItemType>1</ItemType>
      <ItemName>פלאפל חמים וטעים 400</ItemName>
      <ManufacturerName>לא ידוע</ManufacturerName>
      <ManufactureCountry>לא ידוע</ManufactureCountry>
      <ManufacturerItemDescription>פלאפל חמים וטעים 400</ManufacturerItemDescription>
      <UnitQty>לא ידוע</UnitQty>
      <Quantity>400.00</Quantity>
      <UnitOfMeasure>לא ידוע</UnitOfMeasure>
      <bIsWeighted>0</bIsWeighted>
      <QtyInPackage>לא ידוע</QtyInPackage>
      <ItemPrice>19.90</ItemPrice>
      <UnitOfMeasurePrice>0.0497</UnitOfMeasurePrice>
      <AllowDiscount>1</AllowDiscount>
      <ItemStatus>1</ItemStatus>
      <ItemId>131734</ItemId>
    </Item>
    <Item>
      <PriceUpdateDate>2025-08-19 14:02:03</PriceUpdateDate>
      <ItemCode>7290002150732</ItemCode>
      <ItemType>1</ItemType>
      <ItemName>קרפלך במילוי בשר חמי</ItemName>
      <ManufacturerName>לא ידוע</ManufacturerName>
      <ManufactureCountry>לא ידוע</ManufactureCountry>
      <ManufacturerItemDescription>קרפלך במילוי בשר חמי</ManufacturerItemDescription>
      <UnitQty>לא ידוע</UnitQty>
      <Quantity>400.00</Quantity>
      <UnitOfMeasure>לא ידוע</UnitOfMeasure>
      <bIsWeighted>0</bIsWeighted>
      <QtyInPackage>לא ידוע</QtyInPackage>
      <ItemPrice>19.90</ItemPrice>
      <UnitOfMeasurePrice>0.0497</UnitOfMeasurePrice>
      <AllowDiscount>1</AllowDiscount>
      <ItemStatus>1</ItemStatus>
      <ItemId>131758</ItemId>
    </Item>
    <Item>
      <PriceUpdateDate>2025-08-19 14:02:04</PriceUpdateDate>
      <ItemCode>7290002150817</ItemCode>
      <ItemType>1</ItemType>
      <ItemName>סיגר תפו"א חמים וטעי</ItemName>
      <ManufacturerName>לא ידוע</ManufacturerName>
      <ManufactureCountry>לא ידוע</ManufactureCountry>
      <ManufacturerItemDescription>סיגר תפו"א חמים וטעי</ManufacturerItemDescription>
      <UnitQty>לא ידוע</UnitQty>
      <Quantity>400.00</Quantity>
      <UnitOfMeasure>לא ידוע</UnitOfMeasure>
      <bIsWeighted>0</bIsWeighted>
      <QtyInPackage>לא ידוע</QtyInPackage>
      <ItemPrice>19.90</ItemPrice>
      <UnitOfMeasurePrice>0.0497</UnitOfMeasurePrice>
      <AllowDiscount>1</AllowDiscount>
      <ItemStatus>1</ItemStatus>
      <ItemId>131760</ItemId>
    </Item>
    <Item>
      <PriceUpdateDate>2025-08-19 14:02:05</PriceUpdateDate>
      <ItemCode>7290005270000</ItemCode>
      <ItemType>1</ItemType>
      <ItemName>עלי סיגר 500גר</ItemName>
      <ManufacturerName>לא ידוע</ManufacturerName>
      <ManufactureCountry>לא ידוע</ManufactureCountry>
      <ManufacturerItemDescription>עלי סיגר 500גר</ManufacturerItemDescription>
      <UnitQty>לא ידוע</UnitQty>
      <Quantity>500.00</Quantity>
      <UnitOfMeasure>לא ידוע</UnitOfMeasure>
      <bIsWeighted>0</bIsWeighted>
      <QtyInPackage>לא ידוע</QtyInPackage>
      <ItemPrice>19.90</ItemPrice>
      <UnitOfMeasurePrice>0.0398</UnitOfMeasurePrice>
      <AllowDiscount>1</AllowDiscount>
      <ItemStatus>1</ItemStatus>
      <ItemId>131766</ItemId>
    </Item>
    <Item>
      <PriceUpdateDate>2024-12-01 07:49:30</PriceUpdateDate>
      <ItemCode>7290006265500</ItemCode>
      <ItemType>1</ItemType>
      <ItemName>פטריות שמפיניון ארוז</ItemName>
      <ManufacturerName>קריות זול</ManufacturerName>
      <ManufactureCountry>ישראל</ManufactureCountry>
      <ManufacturerItemDescription>פטריות שמפיניון ארוז</ManufacturerItemDescription>
      <UnitQty>יחידה   </UnitQty>
      <Quantity>0.00</Quantity>
      <UnitOfMeasure>יחידה   </UnitOfMeasure>
      <bIsWeighted>0</bIsWeighted>
      <QtyInPackage>לא ידוע</QtyInPackage>
      <ItemPrice>10.90</ItemPrice>
      <UnitOfMeasurePrice>0.0000</UnitOfMeasurePrice>
      <AllowDiscount>1</AllowDiscount>
      <ItemStatus>1</ItemStatus>
      <ItemId>131834</ItemId>
    </Item>
    <Item>
      <PriceUpdateDate>2024-12-05 17:59:57</PriceUpdateDate>
      <ItemCode>7290011312381</ItemCode>
      <ItemType>1</ItemType>
      <ItemName>פטריות סטייק פורטובל</ItemName>
      <ManufacturerName>לא ידוע</ManufacturerName>
      <ManufactureCountry>ישראל</ManufactureCountry>
      <ManufacturerItemDescription>פטריות סטייק פורטובל</ManufacturerItemDescription>
      <UnitQty>יחידה   </UnitQty>
      <Quantity>0.00</Quantity>
      <UnitOfMeasure>יחידה   </UnitOfMeasure>
      <bIsWeighted>0</bIsWeighted>
      <QtyInPackage>לא ידוע</QtyInPackage>
      <ItemPrice>16.90</ItemPrice>
      <UnitOfMeasurePrice>0.0000</UnitOfMeasurePrice>
      <AllowDiscount>1</AllowDiscount>
      <ItemStatus>1</ItemStatus>
      <ItemId>131920</ItemId>
    </Item>
    <Item>
      <PriceUpdateDate>2025-08-18 11:33:44</PriceUpdateDate>
      <ItemCode>4751007734004</ItemCode>
      <ItemType>1</ItemType>
      <ItemName>פילה סלומון במיץ טבע</ItemName>
      <ManufacturerName>לא ידוע</ManufacturerName>
      <ManufactureCountry>לא ידוע</ManufactureCountry>
      <ManufacturerItemDescription>פילה סלומון במיץ טבע</ManufacturerItemDescription>
      <UnitQty>לא ידוע</UnitQty>
      <Quantity>170.00</Quantity>
      <UnitOfMeasure>לא ידוע</UnitOfMeasure>
      <bIsWeighted>0</bIsWeighted>
      <QtyInPackage>לא ידוע</QtyInPackage>
      <ItemPrice>13.90</ItemPrice>
      <UnitOfMeasurePrice>0.0818</UnitOfMeasurePrice>
      <AllowDiscount>1</AllowDiscount>
      <ItemStatus>1</ItemStatus>
      <ItemId>250509</ItemId>
    </Item>
    <Item>
      <PriceUpdateDate>2025-08-18 11:33:46</PriceUpdateDate>
      <ItemCode>4820171040027</ItemCode>
      <ItemType>1</ItemType>
      <ItemName>צנימים מיני 120 גרם</ItemName>
      <ManufacturerName>לא ידוע</ManufacturerName>
      <ManufactureCountry>לא ידוע</ManufactureCountry>
      <ManufacturerItemDescription>צנימים מיני 120 גרם</ManufacturerItemDescription>
      <UnitQty>לא ידוע</UnitQty>
      <Quantity>120.00</Quantity>
      <UnitOfMeasure>לא ידוע</UnitOfMeasure>
      <bIsWeighted>0</bIsWeighted>
      <QtyInPackage>לא ידוע</QtyInPackage>
      <ItemPrice>6.90</ItemPrice>
      <UnitOfMeasurePrice>0.0575</UnitOfMeasurePrice>
      <AllowDiscount>1</AllowDiscount>
      <ItemStatus>1</ItemStatus>
      <ItemId>250511</ItemId>
    </Item>
    <Item>
      <PriceUpdateDate>2025-09-04 08:51:27</PriceUpdateDate>
      <ItemCode>7290019205807</ItemCode>
      <ItemType>1</ItemType>
      <ItemName>שניצלונים עוף טוב 60</ItemName>
      <ManufacturerName>קריות זול</ManufacturerName>
      <ManufactureCountry>לא ידוע</ManufactureCountry>
      <ManufacturerItemDescription>שניצלונים עוף טוב 60</ManufacturerItemDescription>
      <UnitQty>לא ידוע</UnitQty>
      <Quantity>600.00</Quantity>
      <UnitOfMeasure>לא ידוע</UnitOfMeasure>
      <bIsWeighted>0</bIsWeighted>
      <QtyInPackage>לא ידוע</QtyInPackage>
      <ItemPrice>22.90</ItemPrice>
      <UnitOfMeasurePrice>0.0382</UnitOfMeasurePrice>
      <AllowDiscount>1</AllowDiscount>
      <ItemStatus>1</ItemStatus>
      <ItemId>250574</ItemId>
    </Item>
    <Item>
      <PriceUpdateDate>2025-09-04 08:51:28</PriceUpdateDate>
      <ItemCode>7290019205906</ItemCode>
      <ItemType>1</ItemType>
      <ItemName>שניצלונים שומשום עוף</ItemName>
      <ManufacturerName>קריות זול</ManufacturerName>
      <ManufactureCountry>לא ידוע</ManufactureCountry>
      <ManufacturerItemDescription>שניצלונים שומשום עוף</ManufacturerItemDescription>
      <UnitQty>לא ידוע</UnitQty>
      <Quantity>600.00</Quantity>
      <UnitOfMeasure>לא ידוע</UnitOfMeasure>
      <bIsWeighted>0</bIsWeighted>
      <QtyInPackage>לא ידוע</QtyInPackage>
      <ItemPrice>22.90</ItemPrice>
      <UnitOfMeasurePrice>0.0382</UnitOfMeasurePrice>
      <AllowDiscount>1</AllowDiscount>
      <ItemStatus>1</ItemStatus>
      <ItemId>250575</ItemId>
    </Item>
    <Item>
      <PriceUpdateDate>2025-08-21 11:24:00</PriceUpdateDate>
      <ItemCode>7290100704936</ItemCode>
      <ItemType>1</ItemType>
      <ItemName>שימורי שעועית לבנה 4</ItemName>
      <ManufacturerName>לא ידוע</ManufacturerName>
      <ManufactureCountry>לא ידוע</ManufactureCountry>
      <ManufacturerItemDescription>שימורי שעועית לבנה 4</ManufacturerItemDescription>
      <UnitQty>לא ידוע</UnitQty>
      <Quantity>400.00</Quantity>
      <UnitOfMeasure>לא ידוע</UnitOfMeasure>
      <bIsWeighted>0</bIsWeighted>
      <QtyInPackage>לא ידוע</QtyInPackage>
      <ItemPrice>8.90</ItemPrice>
      <UnitOfMeasurePrice>0.0223</UnitOfMeasurePrice>
      <AllowDiscount>1</AllowDiscount>
      <ItemStatus>1</ItemStatus>
      <ItemId>250576</ItemId>
    </Item>
    <Item>
      <PriceUpdateDate>2025-08-21 11:24:01</PriceUpdateDate>
      <ItemCode>7290100704943</ItemCode>
      <ItemType>1</ItemType>
      <ItemName>שימורי שעועית מנומרת</ItemName>
      <ManufacturerName>לא ידוע</ManufacturerName>
      <ManufactureCountry>לא ידוע</ManufactureCountry>
      <ManufacturerItemDescription>שימורי שעועית מנומרת</ManufacturerItemDescription>
      <UnitQty>לא ידוע</UnitQty>
      <Quantity>400.00</Quantity>
      <UnitOfMeasure>לא ידוע</UnitOfMeasure>
      <bIsWeighted>0</bIsWeighted>
      <QtyInPackage>לא ידוע</QtyInPackage>
      <ItemPrice>8.90</ItemPrice>
      <UnitOfMeasurePrice>0.0223</UnitOfMeasurePrice>
      <AllowDiscount>1</AllowDiscount>
      <ItemStatus>1</ItemStatus>
      <ItemId>250577</ItemId>
    </Item>
    <Item>
      <PriceUpdateDate>2025-08-21 11:24:01</PriceUpdateDate>
      <ItemCode>7290100704950</ItemCode>
      <ItemType>1</ItemType>
      <ItemName>שימורי שעועית אדומה</ItemName>
      <ManufacturerName>לא ידוע</ManufacturerName>
      <ManufactureCountry>לא ידוע</ManufactureCountry>
      <ManufacturerItemDescription>שימורי שעועית אדומה</ManufacturerItemDescription>
      <UnitQty>לא ידוע</UnitQty>
      <Quantity>400.00</Quantity>
      <UnitOfMeasure>לא ידוע</UnitOfMeasure>
      <bIsWeighted>0</bIsWeighted>
      <QtyInPackage>לא ידוע</QtyInPackage>
      <ItemPrice>8.90</ItemPrice>
      <UnitOfMeasurePrice>0.0223</UnitOfMeasurePrice>
      <AllowDiscount>1</AllowDiscount>
      <ItemStatus>1</ItemStatus>
      <ItemId>250578</ItemId>
    </Item>
    <Item>
      <PriceUpdateDate>2025-08-21 11:24:01</PriceUpdateDate>
      <ItemCode>7290100704967</ItemCode>
      <ItemType>1</ItemType>
      <ItemName>שימורי עדשים ירוקות</ItemName>
      <ManufacturerName>לא ידוע</ManufacturerName>
      <ManufactureCountry>לא ידוע</ManufactureCountry>
      <ManufacturerItemDescription>שימורי עדשים ירוקות</ManufacturerItemDescription>
      <UnitQty>לא ידוע</UnitQty>
      <Quantity>400.00</Quantity>
      <UnitOfMeasure>לא ידוע</UnitOfMeasure>
      <bIsWeighted>0</bIsWeighted>
      <QtyInPackage>לא ידוע</QtyInPackage>
      <ItemPrice>8.90</ItemPrice>
      <UnitOfMeasurePrice>0.0223</UnitOfMeasurePrice>
      <AllowDiscount>1</AllowDiscount>
      <ItemStatus>1</ItemStatus>
      <ItemId>250579</ItemId>
    </Item>
    <Item>
      <PriceUpdateDate>2025-08-21 11:24:01</PriceUpdateDate>
      <ItemCode>7290100704974</ItemCode>
      <ItemType>1</ItemType>
      <ItemName>שימורי גרגרי חומוס 4</ItemName>
      <ManufacturerName>לא ידוע</ManufacturerName>
      <ManufactureCountry>לא ידוע</ManufactureCountry>
      <ManufacturerItemDescription>שימורי גרגרי חומוס 4</ManufacturerItemDescription>
      <UnitQty>לא ידוע</UnitQty>
      <Quantity>400.00</Quantity>
      <UnitOfMeasure>לא ידוע</UnitOfMeasure>
      <bIsWeighted>0</bIsWeighted>
      <QtyInPackage>לא ידוע</QtyInPackage>
      <ItemPrice>8.90</ItemPrice>
      <UnitOfMeasurePrice>0.0223</UnitOfMeasurePrice>
      <AllowDiscount>1</AllowDiscount>
      <ItemStatus>1</ItemStatus>
      <ItemId>250580</ItemId>
    </Item>
    <Item>
      <PriceUpdateDate>2025-08-26 11:14:40</PriceUpdateDate>
      <ItemCode>7290119380923</ItemCode>
      <ItemType>1</ItemType>
      <ItemName>אקטימל טבעי 16*100מל</ItemName>
      <ManufacturerName>קריות זול</ManufacturerName>
      <ManufactureCountry>לא ידוע</ManufactureCountry>
      <ManufacturerItemDescription>אקטימל טבעי 16*100מל</ManufacturerItemDescription>
      <UnitQty>לא ידוע</UnitQty>
      <Quantity>1400.00</Quantity>
      <UnitOfMeasure>לא ידוע</UnitOfMeasure>
      <bIsWeighted>0</bIsWeighted>
      <QtyInPackage>לא ידוע</QtyInPackage>
      <ItemPrice>38.90</ItemPrice>
      <UnitOfMeasurePrice>0.0278</UnitOfMeasurePrice>
      <AllowDiscount>1</AllowDiscount>
      <ItemStatus>1</ItemStatus>
      <ItemId>250584</ItemId>
    </Item>
    <Item>
      <PriceUpdateDate>2025-08-26 10:48:13</PriceUpdateDate>
      <ItemCode>5411188140146</ItemCode>
      <ItemType>1</ItemType>
      <ItemName>אלפרו נוט מילק בריסט</ItemName>
      <ManufacturerName>לא ידוע</ManufacturerName>
      <ManufactureCountry>לא ידוע</ManufactureCountry>
      <ManufacturerItemDescription>אלפרו נוט מילק בריסט</ManufacturerItemDescription>
      <UnitQty>לא ידוע</UnitQty>
      <Quantity>1000.00</Quantity>
      <UnitOfMeasure>לא ידוע</UnitOfMeasure>
      <bIsWeighted>0</bIsWeighted>
      <QtyInPackage>לא ידוע</QtyInPackage>
      <ItemPrice>16.50</ItemPrice>
      <UnitOfMeasurePrice>0.0165</UnitOfMeasurePrice>
      <AllowDiscount>1</AllowDiscount>
      <ItemStatus>1</ItemStatus>
      <ItemId>250585</ItemId>
    </Item>
    <Item>
      <PriceUpdateDate>2025-08-26 11:14:39</PriceUpdateDate>
      <ItemCode>7290119380916</ItemCode>
      <ItemType>1</ItemType>
      <ItemName>אקטימל תות משפחתי 16</ItemName>
      <ManufacturerName>קריות זול</ManufacturerName>
      <ManufactureCountry>לא ידוע</ManufactureCountry>
      <ManufacturerItemDescription>אקטימל תות משפחתי 16</ManufacturerItemDescription>
      <UnitQty>לא ידוע</UnitQty>
      <Quantity>1600.00</Quantity>
      <UnitOfMeasure>לא ידוע</UnitOfMeasure>
      <bIsWeighted>0</bIsWeighted>
      <QtyInPackage>לא ידוע</QtyInPackage>
      <ItemPrice>38.90</ItemPrice>
      <UnitOfMeasurePrice>0.0243</UnitOfMeasurePrice>
      <AllowDiscount>1</AllowDiscount>
      <ItemStatus>1</ItemStatus>
      <ItemId>250586</ItemId>
    </Item>
    <Item>
      <PriceUpdateDate>2025-08-26 16:06:36</PriceUpdateDate>
      <ItemCode>8445290289476</ItemCode>
      <ItemType>1</ItemType>
      <ItemName>מטרנה אורגני תפוח  מ</ItemName>
      <ManufacturerName>לא ידוע</ManufacturerName>
      <ManufactureCountry>לא ידוע</ManufactureCountry>
      <ManufacturerItemDescription>מטרנה אורגני תפוח  מ</ManufacturerItemDescription>
      <UnitQty>לא ידוע</UnitQty>
      <Quantity>110.00</Quantity>
      <UnitOfMeasure>לא ידוע</UnitOfMeasure>
      <bIsWeighted>0</bIsWeighted>
      <QtyInPackage>לא ידוע</QtyInPackage>
      <ItemPrice>8.90</ItemPrice>
      <UnitOfMeasurePrice>0.0809</UnitOfMeasurePrice>
      <AllowDiscount>1</AllowDiscount>
      <ItemStatus>1</ItemStatus>
      <ItemId>250590</ItemId>
    </Item>
    <Item>
      <PriceUpdateDate>2025-08-26 16:06:36</PriceUpdateDate>
      <ItemCode>8445290289544</ItemCode>
      <ItemType>1</ItemType>
      <ItemName>מטרנה אורגני תפוח יר</ItemName>
      <ManufacturerName>לא ידוע</ManufacturerName>
      <ManufactureCountry>לא ידוע</ManufactureCountry>
      <ManufacturerItemDescription>מטרנה אורגני תפוח יר</ManufacturerItemDescription>
      <UnitQty>לא ידוע</UnitQty>
      <Quantity>110.00</Quantity>
      <UnitOfMeasure>לא ידוע</UnitOfMeasure>
      <bIsWeighted>0</bIsWeighted>
      <QtyInPackage>לא ידוע</QtyInPackage>
      <ItemPrice>8.90</ItemPrice>
      <UnitOfMeasurePrice>0.0809</UnitOfMeasurePrice>
      <AllowDiscount>1</AllowDiscount>
      <ItemStatus>1</ItemStatus>
      <ItemId>250591</ItemId>
    </Item>
    <Item>
      <PriceUpdateDate>2025-11-02 11:35:49</PriceUpdateDate>
      <ItemCode>7290114603539</ItemCode>
      <ItemType>1</ItemType>
      <ItemName>קרוטונים למרק שום בצ</ItemName>
      <ManufacturerName>לא ידוע</ManufacturerName>
      <ManufactureCountry>לא ידוע</ManufactureCountry>
      <ManufacturerItemDescription>קרוטונים למרק שום בצ</ManufacturerItemDescription>
      <UnitQty>יחידה   </UnitQty>
      <Quantity>0.00</Quantity>
      <UnitOfMeasure>יחידה   </UnitOfMeasure>
      <bIsWeighted>0</bIsWeighted>
      <QtyInPackage>לא ידוע</QtyInPackage>
      <ItemPrice>22.90</ItemPrice>
      <UnitOfMeasurePrice>0.0000</UnitOfMeasurePrice>
      <AllowDiscount>1</AllowDiscount>
      <ItemStatus>1</ItemStatus>
      <ItemId>250641</ItemId>
    </Item>
    <Item>
      <PriceUpdateDate>2025-09-03 11:28:39</PriceUpdateDate>
      <ItemCode>7290116537375</ItemCode>
      <ItemType>1</ItemType>
      <ItemName>קליק כריות תפזורת 65</ItemName>
      <ManufacturerName>לא ידוע</ManufacturerName>
      <ManufactureCountry>לא ידוע</ManufactureCountry>
      <ManufacturerItemDescription>קליק כריות תפזורת 65</ManufacturerItemDescription>
      <UnitQty>לא ידוע</UnitQty>
      <Quantity>65.00</Quantity>
      <UnitOfMeasure>לא ידוע</UnitOfMeasure>
      <bIsWeighted>0</bIsWeighted>
      <QtyInPackage>לא ידוע</QtyInPackage>
      <ItemPrice>9.50</ItemPrice>
      <UnitOfMeasurePrice>0.1462</UnitOfMeasurePrice>
      <AllowDiscount>1</AllowDiscount>
      <ItemStatus>1</ItemStatus>
      <ItemId>250725</ItemId>
    </Item>
    <Item>
      <PriceUpdateDate>2025-08-31 09:57:40</PriceUpdateDate>
      <ItemCode>7290019587729</ItemCode>
      <ItemType>1</ItemType>
      <ItemName>פילה ברבוניה קפוא 40</ItemName>
      <ManufacturerName>לא ידוע</ManufacturerName>
      <ManufactureCountry>לא ידוע</ManufactureCountry>
      <ManufacturerItemDescription>פילה ברבוניה קפוא 40</ManufacturerItemDescription>
      <UnitQty>לא ידוע</UnitQty>
      <Quantity>400.00</Quantity>
      <UnitOfMeasure>לא ידוע</UnitOfMeasure>
      <bIsWeighted>0</bIsWeighted>
      <QtyInPackage>לא ידוע</QtyInPackage>
      <ItemPrice>25.90</ItemPrice>
      <UnitOfMeasurePrice>0.0647</UnitOfMeasurePrice>
      <AllowDiscount>1</AllowDiscount>
      <ItemStatus>1</ItemStatus>
      <ItemId>250729</ItemId>
    </Item>
    <Item>
      <PriceUpdateDate>2024-12-26 20:50:26</PriceUpdateDate>
      <ItemCode>4600829002870</ItemCode>
      <ItemType>1</ItemType>
      <ItemName>שמן קנולה 900 מ"ל</ItemName>
      <ManufacturerName>לא ידוע</ManufacturerName>
      <ManufactureCountry>לא ידוע</ManufactureCountry>
      <ManufacturerItemDescription>שמן קנולה 900 מ"ל</ManufacturerItemDescription>
      <UnitQty>לא ידוע</UnitQty>
      <Quantity>900.00</Quantity>
      <UnitOfMeasure>לא ידוע</UnitOfMeasure>
      <bIsWeighted>0</bIsWeighted>
      <QtyInPackage>לא ידוע</QtyInPackage>
      <ItemPrice>12.90</ItemPrice>
      <UnitOfMeasurePrice>0.0143</UnitOfMeasurePrice>
      <AllowDiscount>1</AllowDiscount>
      <ItemStatus>1</ItemStatus>
      <ItemId>250742</ItemId>
    </Item>
    <Item>
      <PriceUpdateDate>2025-08-19 18:19:28</PriceUpdateDate>
      <ItemCode>7290011570507</ItemCode>
      <ItemType>1</ItemType>
      <ItemName>כרגיל תערובת רב תכלי</ItemName>
      <ManufacturerName>לא ידוע</ManufacturerName>
      <ManufactureCountry>לא ידוע</ManufactureCountry>
      <ManufacturerItemDescription>כרגיל תערובת רב תכלי</ManufacturerItemDescription>
      <UnitQty>לא ידוע</UnitQty>
      <Quantity>450.00</Quantity>
      <UnitOfMeasure>לא ידוע</UnitOfMeasure>
      <bIsWeighted>0</bIsWeighted>
      <QtyInPackage>לא ידוע</QtyInPackage>
      <ItemPrice>20.90</ItemPrice>
      <UnitOfMeasurePrice>0.0464</UnitOfMeasurePrice>
      <AllowDiscount>1</AllowDiscount>
      <ItemStatus>1</ItemStatus>
      <ItemId>250765</ItemId>
    </Item>
    <Item>
      <PriceUpdateDate>2025-08-26 11:53:44</PriceUpdateDate>
      <ItemCode>7290112346087</ItemCode>
      <ItemType>1</ItemType>
      <ItemName>ציטוס קראנצ בטעם שמנ</ItemName>
      <ManufacturerName>לא ידוע</ManufacturerName>
      <ManufactureCountry>לא ידוע</ManufactureCountry>
      <ManufacturerItemDescription>ציטוס קראנצ בטעם שמנ</ManufacturerItemDescription>
      <UnitQty>לא ידוע</UnitQty>
      <Quantity>80.00</Quantity>
      <UnitOfMeasure>לא ידוע</UnitOfMeasure>
      <bIsWeighted>0</bIsWeighted>
      <QtyInPackage>לא ידוע</QtyInPackage>
      <ItemPrice>6.90</ItemPrice>
      <UnitOfMeasurePrice>0.0863</UnitOfMeasurePrice>
      <AllowDiscount>1</AllowDiscount>
      <ItemStatus>1</ItemStatus>
      <ItemId>250843</ItemId>
    </Item>
    <Item>
      <PriceUpdateDate>2025-08-18 11:33:40</PriceUpdateDate>
      <ItemCode>4600508727438</ItemCode>
      <ItemType>1</ItemType>
      <ItemName>וופל ממולא בטעם לימו</ItemName>
      <ManufacturerName>לא ידוע</ManufacturerName>
      <ManufactureCountry>לא ידוע</ManufactureCountry>
      <ManufacturerItemDescription>וופל ממולא בטעם לימו</ManufacturerItemDescription>
      <UnitQty>לא ידוע</UnitQty>
      <Quantity>75.00</Quantity>
      <UnitOfMeasure>לא ידוע</UnitOfMeasure>
      <bIsWeighted>0</bIsWeighted>
      <QtyInPackage>לא ידוע</QtyInPackage>
      <ItemPrice>4.50</ItemPrice>
      <UnitOfMeasurePrice>0.0600</UnitOfMeasurePrice>
      <AllowDiscount>1</AllowDiscount>
      <ItemStatus>1</ItemStatus>
      <ItemId>250896</ItemId>
    </Item>
    <Item>
      <PriceUpdateDate>2025-08-18 11:33:40</PriceUpdateDate>
      <ItemCode>4600508727452</ItemCode>
      <ItemType>1</ItemType>
      <ItemName>וופל ממולא בטעם חלב</ItemName>
      <ManufacturerName>לא ידוע</ManufacturerName>
      <ManufactureCountry>לא ידוע</ManufactureCountry>
      <ManufacturerItemDescription>וופל ממולא בטעם חלב</ManufacturerItemDescription>
      <UnitQty>לא ידוע</UnitQty>
      <Quantity>75.00</Quantity>
      <UnitOfMeasure>לא ידוע</UnitOfMeasure>
      <bIsWeighted>0</bIsWeighted>
      <QtyInPackage>לא ידוע</QtyInPackage>
      <ItemPrice>4.50</ItemPrice>
      <UnitOfMeasurePrice>0.0600</UnitOfMeasurePrice>
      <AllowDiscount>1</AllowDiscount>
      <ItemStatus>1</ItemStatus>
      <ItemId>250897</ItemId>
    </Item>
    <Item>
      <PriceUpdateDate>2025-08-18 11:33:47</PriceUpdateDate>
      <ItemCode>4820242440060</ItemCode>
      <ItemType>1</ItemType>
      <ItemName>צנימים בטעם נקניק סל</ItemName>
      <ManufacturerName>לא ידוע</ManufacturerName>
      <ManufactureCountry>לא ידוע</ManufactureCountry>
      <ManufacturerItemDescription>צנימים בטעם נקניק סל</ManufacturerItemDescription>
      <UnitQty>לא ידוע</UnitQty>
      <Quantity>80.00</Quantity>
      <UnitOfMeasure>לא ידוע</UnitOfMeasure>
      <bIsWeighted>0</bIsWeighted>
      <QtyInPackage>לא ידוע</QtyInPackage>
      <ItemPrice>7.90</ItemPrice>
      <UnitOfMeasurePrice>0.0988</UnitOfMeasurePrice>
      <AllowDiscount>1</AllowDiscount>
      <ItemStatus>1</ItemStatus>
      <ItemId>250906</ItemId>
    </Item>
    <Item>
      <PriceUpdateDate>2025-08-28 10:19:06</PriceUpdateDate>
      <ItemCode>7290117266014</ItemCode>
      <ItemType>1</ItemType>
      <ItemName>רביעיית לפתן אפרסק ב</ItemName>
      <ManufacturerName>לא ידוע</ManufacturerName>
      <ManufactureCountry>לא ידוע</ManufactureCountry>
      <ManufacturerItemDescription>רביעיית לפתן אפרסק ב</ManufacturerItemDescription>
      <UnitQty>לא ידוע</UnitQty>
      <Quantity>113.00</Quantity>
      <UnitOfMeasure>לא ידוע</UnitOfMeasure>
      <bIsWeighted>0</bIsWeighted>
      <QtyInPackage>לא ידוע</QtyInPackage>
      <ItemPrice>14.50</ItemPrice>
      <UnitOfMeasurePrice>0.1283</UnitOfMeasurePrice>
      <AllowDiscount>1</AllowDiscount>
      <ItemStatus>1</ItemStatus>
      <ItemId>250909</ItemId>
    </Item>
    <Item>
      <PriceUpdateDate>2025-08-18 11:35:55</PriceUpdateDate>
      <ItemCode>4013162036110</ItemCode>
      <ItemType>1</ItemType>
      <ItemName>סבון פיט לכלים חזק ל</ItemName>
      <ManufacturerName>לא ידוע</ManufacturerName>
      <ManufactureCountry>לא ידוע</ManufactureCountry>
      <ManufacturerItemDescription>סבון פיט לכלים חזק ל</ManufacturerItemDescription>
      <UnitQty>לא ידוע</UnitQty>
      <Quantity>750.00</Quantity>
      <UnitOfMeasure>לא ידוע</UnitOfMeasure>
      <bIsWeighted>0</bIsWeighted>
      <QtyInPackage>לא ידוע</QtyInPackage>
      <ItemPrice>13.90</ItemPrice>
      <UnitOfMeasurePrice>0.0185</UnitOfMeasurePrice>
      <AllowDiscount>1</AllowDiscount>
      <ItemStatus>1</ItemStatus>
      <ItemId>250916</ItemId>
    </Item>
    <Item>
      <PriceUpdateDate>2025-09-01 08:22:00</PriceUpdateDate>
      <ItemCode>7290019997191</ItemCode>
      <ItemType>1</ItemType>
      <ItemName>גרעיני תירס מתוק 285</ItemName>
      <ManufacturerName>קריות זול</ManufacturerName>
      <ManufactureCountry>לא ידוע</ManufactureCountry>
      <ManufacturerItemDescription>גרעיני תירס מתוק 285</ManufacturerItemDescription>
      <UnitQty>לא ידוע</UnitQty>
      <Quantity>285.00</Quantity>
      <UnitOfMeasure>לא ידוע</UnitOfMeasure>
      <bIsWeighted>0</bIsWeighted>
      <QtyInPackage>לא ידוע</QtyInPackage>
      <ItemPrice>9.90</ItemPrice>
      <UnitOfMeasurePrice>0.0347</UnitOfMeasurePrice>
      <AllowDiscount>1</AllowDiscount>
      <ItemStatus>1</ItemStatus>
      <ItemId>250931</ItemId>
    </Item>
    <Item>
      <PriceUpdateDate>2025-04-20 08:35:35</PriceUpdateDate>
      <ItemCode>4820077162113</ItemCode>
      <ItemType>1</ItemType>
      <ItemName>גלידה שמנת וניל קרמל</ItemName>
      <ManufacturerName>לא ידוע</ManufacturerName>
      <ManufactureCountry>לא ידוע</ManufactureCountry>
      <ManufacturerItemDescription>גלידה שמנת וניל קרמל</ManufacturerItemDescription>
      <UnitQty>לא ידוע</UnitQty>
      <Quantity>80.00</Quantity>
      <UnitOfMeasure>לא ידוע</UnitOfMeasure>
      <bIsWeighted>0</bIsWeighted>
      <QtyInPackage>לא ידוע</QtyInPackage>
      <ItemPrice>9.90</ItemPrice>
      <UnitOfMeasurePrice>0.1238</UnitOfMeasurePrice>
      <AllowDiscount>1</AllowDiscount>
      <ItemStatus>1</ItemStatus>
      <ItemId>250949</ItemId>
    </Item>
    <Item>
      <PriceUpdateDate>2025-08-31 10:14:35</PriceUpdateDate>
      <ItemCode>7290109581385</ItemCode>
      <ItemType>1</ItemType>
      <ItemName>פסטרמה פרגית 250 גרם</ItemName>
      <ManufacturerName>לא ידוע</ManufacturerName>
      <ManufactureCountry>לא ידוע</ManufactureCountry>
      <ManufacturerItemDescription>פסטרמה פרגית 250 גרם</ManufacturerItemDescription>
      <UnitQty>לא ידוע</UnitQty>
      <Quantity>250.00</Quantity>
      <UnitOfMeasure>לא ידוע</UnitOfMeasure>
      <bIsWeighted>0</bIsWeighted>
      <QtyInPackage>לא ידוע</QtyInPackage>
      <ItemPrice>25.90</ItemPrice>
      <UnitOfMeasurePrice>0.1036</UnitOfMeasurePrice>
      <AllowDiscount>1</AllowDiscount>
      <ItemStatus>1</ItemStatus>
      <ItemId>250962</ItemId>
    </Item>
    <Item>
      <PriceUpdateDate>2025-09-04 12:04:35</PriceUpdateDate>
      <ItemCode>7290119776290</ItemCode>
      <ItemType>1</ItemType>
      <ItemName>שוופס מוגז פירות תפו</ItemName>
      <ManufacturerName>לא ידוע</ManufacturerName>
      <ManufactureCountry>לא ידוע</ManufactureCountry>
      <ManufacturerItemDescription>שוופס מוגז פירות תפו</ManufacturerItemDescription>
      <UnitQty>לא ידוע</UnitQty>
      <Quantity>1500.00</Quantity>
      <UnitOfMeasure>לא ידוע</UnitOfMeasure>
      <bIsWeighted>0</bIsWeighted>
      <QtyInPackage>לא ידוע</QtyInPackage>
      <ItemPrice>9.90</ItemPrice>
      <UnitOfMeasurePrice>0.0066</UnitOfMeasurePrice>
      <AllowDiscount>1</AllowDiscount>
      <ItemStatus>1</ItemStatus>
      <ItemId>250967</ItemId>
    </Item>
    <Item>
      <PriceUpdateDate>2025-09-04 12:04:35</PriceUpdateDate>
      <ItemCode>7290119776344</ItemCode>
      <ItemType>1</ItemType>
      <ItemName>שוופס מוגז פירות הדר</ItemName>
      <ManufacturerName>לא ידוע</ManufacturerName>
      <ManufactureCountry>לא ידוע</ManufactureCountry>
      <ManufacturerItemDescription>שוופס מוגז פירות הדר</ManufacturerItemDescription>
      <UnitQty>לא ידוע</UnitQty>
      <Quantity>1500.00</Quantity>
      <UnitOfMeasure>לא ידוע</UnitOfMeasure>
      <bIsWeighted>0</bIsWeighted>
      <QtyInPackage>לא ידוע</QtyInPackage>
      <ItemPrice>9.90</ItemPrice>
      <UnitOfMeasurePrice>0.0066</UnitOfMeasurePrice>
      <AllowDiscount>1</AllowDiscount>
      <ItemStatus>1</ItemStatus>
      <ItemId>250970</ItemId>
    </Item>
    <Item>
      <PriceUpdateDate>2025-08-31 10:26:24</PriceUpdateDate>
      <ItemCode>7290115480337</ItemCode>
      <ItemType>1</ItemType>
      <ItemName>נוזל כביסה פרוול אדו</ItemName>
      <ManufacturerName>לא ידוע</ManufacturerName>
      <ManufactureCountry>לא ידוע</ManufactureCountry>
      <ManufacturerItemDescription>נוזל כביסה פרוול אדו</ManufacturerItemDescription>
      <UnitQty>ליטרים</UnitQty>
      <Quantity>2.50</Quantity>
      <UnitOfMeasure>ליטר    </UnitOfMeasure>
      <bIsWeighted>0</bIsWeighted>
      <QtyInPackage>לא ידוע</QtyInPackage>
      <ItemPrice>40.90</ItemPrice>
      <UnitOfMeasurePrice>16.3600</UnitOfMeasurePrice>
      <AllowDiscount>1</AllowDiscount>
      <ItemStatus>1</ItemStatus>
      <ItemId>250971</ItemId>
    </Item>
    <Item>
      <PriceUpdateDate>2025-09-08 07:55:13</PriceUpdateDate>
      <ItemCode>7290017031811</ItemCode>
      <ItemType>1</ItemType>
      <ItemName>פרודונטקס מברשת שיני</ItemName>
      <ManufacturerName>לא ידוע</ManufacturerName>
      <ManufactureCountry>לא ידוע</ManufactureCountry>
      <ManufacturerItemDescription>פרודונטקס מברשת שיני</ManufacturerItemDescription>
      <UnitQty>יחידה   </UnitQty>
      <Quantity>0.00</Quantity>
      <UnitOfMeasure>יחידה   </UnitOfMeasure>
      <bIsWeighted>0</bIsWeighted>
      <QtyInPackage>לא ידוע</QtyInPackage>
      <ItemPrice>21.90</ItemPrice>
      <UnitOfMeasurePrice>0.0000</UnitOfMeasurePrice>
      <AllowDiscount>1</AllowDiscount>
      <ItemStatus>1</ItemStatus>
      <ItemId>240123</ItemId>
    </Item>
    <Item>
      <PriceUpdateDate>2022-01-25 11:16:49</PriceUpdateDate>
      <ItemCode>7290015855495</ItemCode>
      <ItemType>1</ItemType>
      <ItemName>חסה לאליק</ItemName>
      <ManufacturerName>לא ידוע</ManufacturerName>
      <ManufactureCountry>ישראל</ManufactureCountry>
      <ManufacturerItemDescription>חסה לאליק</ManufacturerItemDescription>
      <UnitQty>יחידה   </UnitQty>
      <Quantity>0.00</Quantity>
      <UnitOfMeasure>יחידה   </UnitOfMeasure>
      <bIsWeighted>0</bIsWeighted>
      <QtyInPackage>לא ידוע</QtyInPackage>
      <ItemPrice>12.90</ItemPrice>
      <UnitOfMeasurePrice>0.0000</UnitOfMeasurePrice>
      <AllowDiscount>1</AllowDiscount>
      <ItemStatus>1</ItemStatus>
      <ItemId>237379</ItemId>
    </Item>
    <Item>
      <PriceUpdateDate>2025-08-26 11:54:49</PriceUpdateDate>
      <ItemCode>7290114314053</ItemCode>
      <ItemType>1</ItemType>
      <ItemName>מולר סימפלי יוגורט מ</ItemName>
      <ManufacturerName>לא ידוע</ManufacturerName>
      <ManufactureCountry>לא ידוע</ManufactureCountry>
      <ManufacturerItemDescription>מולר סימפלי יוגורט מ</ManufacturerItemDescription>
      <UnitQty>לא ידוע</UnitQty>
      <Quantity>150.00</Quantity>
      <UnitOfMeasure>לא ידוע</UnitOfMeasure>
      <bIsWeighted>0</bIsWeighted>
      <QtyInPackage>לא ידוע</QtyInPackage>
      <ItemPrice>6.80</ItemPrice>
      <UnitOfMeasurePrice>0.0453</UnitOfMeasurePrice>
      <AllowDiscount>1</AllowDiscount>
      <ItemStatus>1</ItemStatus>
      <ItemId>254116</ItemId>
    </Item>
    <Item>
      <PriceUpdateDate>2025-10-21 09:20:26</PriceUpdateDate>
      <ItemCode>80135463</ItemCode>
      <ItemType>1</ItemType>
      <ItemName>ממרח נוטלה 200 גרם</ItemName>
      <ManufacturerName>לא ידוע</ManufacturerName>
      <ManufactureCountry>לא ידוע</ManufactureCountry>
      <ManufacturerItemDescription>ממרח נוטלה 200 גרם</ManufacturerItemDescription>
      <UnitQty>לא ידוע</UnitQty>
      <Quantity>200.00</Quantity>
      <UnitOfMeasure>לא ידוע</UnitOfMeasure>
      <bIsWeighted>0</bIsWeighted>
      <QtyInPackage>לא ידוע</QtyInPackage>
      <ItemPrice>15.90</ItemPrice>
      <UnitOfMeasurePrice>0.0795</UnitOfMeasurePrice>
      <AllowDiscount>1</AllowDiscount>
      <ItemStatus>1</ItemStatus>
      <ItemId>256178</ItemId>
    </Item>
    <Item>
      <PriceUpdateDate>2025-08-31 09:50:19</PriceUpdateDate>
      <ItemCode>7290019870067</ItemCode>
      <ItemType>1</ItemType>
      <ItemName>צ'וקטה שוקולד מריר 4</ItemName>
      <ManufacturerName>לא ידוע</ManufacturerName>
      <ManufactureCountry>לא ידוע</ManufactureCountry>
      <ManufacturerItemDescription>צ'וקטה שוקולד מריר 4</ManufacturerItemDescription>
      <UnitQty>לא ידוע</UnitQty>
      <Quantity>400.00</Quantity>
      <UnitOfMeasure>לא ידוע</UnitOfMeasure>
      <bIsWeighted>0</bIsWeighted>
      <QtyInPackage>לא ידוע</QtyInPackage>
      <ItemPrice>32.90</ItemPrice>
      <UnitOfMeasurePrice>0.0822</UnitOfMeasurePrice>
      <AllowDiscount>1</AllowDiscount>
      <ItemStatus>1</ItemStatus>
      <ItemId>255789</ItemId>
    </Item>
    <Item>
      <PriceUpdateDate>2021-12-01 07:51:45</PriceUpdateDate>
      <ItemCode>9771565038319</ItemCode>
      <ItemType>1</ItemType>
      <ItemName>עיתון ידיעות אחרונות</ItemName>
      <ManufacturerName>לא ידוע</ManufacturerName>
      <ManufactureCountry>לא ידוע</ManufactureCountry>
      <ManufacturerItemDescription>עיתון ידיעות אחרונות</ManufacturerItemDescription>
      <UnitQty>יחידה   </UnitQty>
      <Quantity>0.00</Quantity>
      <UnitOfMeasure>יחידה   </UnitOfMeasure>
      <bIsWeighted>0</bIsWeighted>
      <QtyInPackage>לא ידוע</QtyInPackage>
      <ItemPrice>2.90</ItemPrice>
      <UnitOfMeasurePrice>0.0000</UnitOfMeasurePrice>
      <AllowDiscount>1</AllowDiscount>
      <ItemStatus>1</ItemStatus>
      <ItemId>132085</ItemId>
    </Item>
    <Item>
      <PriceUpdateDate>2021-12-01 07:51:45</PriceUpdateDate>
      <ItemCode>9771565038326</ItemCode>
      <ItemType>1</ItemType>
      <ItemName>עיתון ידיעות אחרונות</ItemName>
      <ManufacturerName>לא ידוע</ManufacturerName>
      <ManufactureCountry>לא ידוע</ManufactureCountry>
      <ManufacturerItemDescription>עיתון ידיעות אחרונות</ManufacturerItemDescription>
      <UnitQty>יחידה   </UnitQty>
      <Quantity>0.00</Quantity>
      <UnitOfMeasure>יחידה   </UnitOfMeasure>
      <bIsWeighted>0</bIsWeighted>
      <QtyInPackage>לא ידוע</QtyInPackage>
      <ItemPrice>2.90</ItemPrice>
      <UnitOfMeasurePrice>0.0000</UnitOfMeasurePrice>
      <AllowDiscount>1</AllowDiscount>
      <ItemStatus>1</ItemStatus>
      <ItemId>132086</ItemId>
    </Item>
    <Item>
      <PriceUpdateDate>2021-12-01 07:51:45</PriceUpdateDate>
      <ItemCode>9771565038333</ItemCode>
      <ItemType>1</ItemType>
      <ItemName>עיתון ידיעות אחרונות</ItemName>
      <ManufacturerName>לא ידוע</ManufacturerName>
      <ManufactureCountry>לא ידוע</ManufactureCountry>
      <ManufacturerItemDescription>עיתון ידיעות אחרונות</ManufacturerItemDescription>
      <UnitQty>יחידה   </UnitQty>
      <Quantity>0.00</Quantity>
      <UnitOfMeasure>יחידה   </UnitOfMeasure>
      <bIsWeighted>0</bIsWeighted>
      <QtyInPackage>לא ידוע</QtyInPackage>
      <ItemPrice>2.90</ItemPrice>
      <UnitOfMeasurePrice>0.0000</UnitOfMeasurePrice>
      <AllowDiscount>1</AllowDiscount>
      <ItemStatus>1</ItemStatus>
      <ItemId>132087</ItemId>
    </Item>
    <Item>
      <PriceUpdateDate>2021-12-01 07:51:45</PriceUpdateDate>
      <ItemCode>9771565038340</ItemCode>
      <ItemType>1</ItemType>
      <ItemName>עיתון ידיעות אחרונות</ItemName>
      <ManufacturerName>לא ידוע</ManufacturerName>
      <ManufactureCountry>לא ידוע</ManufactureCountry>
      <ManufacturerItemDescription>עיתון ידיעות אחרונות</ManufacturerItemDescription>
      <UnitQty>יחידה   </UnitQty>
      <Quantity>0.00</Quantity>
      <UnitOfMeasure>יחידה   </UnitOfMeasure>
      <bIsWeighted>0</bIsWeighted>
      <QtyInPackage>לא ידוע</QtyInPackage>
      <ItemPrice>2.90</ItemPrice>
      <UnitOfMeasurePrice>0.0000</UnitOfMeasurePrice>
      <AllowDiscount>1</AllowDiscount>
      <ItemStatus>1</ItemStatus>
      <ItemId>132088</ItemId>
    </Item>
    <Item>
      <PriceUpdateDate>2025-09-14 10:50:30</PriceUpdateDate>
      <ItemCode>8003496041047</ItemCode>
      <ItemType>1</ItemType>
      <ItemName>תרכיז עגבניות 200 גר</ItemName>
      <ManufacturerName>לא ידוע</ManufacturerName>
      <ManufactureCountry>לא ידוע</ManufactureCountry>
      <ManufacturerItemDescription>תרכיז עגבניות 200 גר</ManufacturerItemDescription>
      <UnitQty>לא ידוע</UnitQty>
      <Quantity>200.00</Quantity>
      <UnitOfMeasure>לא ידוע</UnitOfMeasure>
      <bIsWeighted>0</bIsWeighted>
      <QtyInPackage>לא ידוע</QtyInPackage>
      <ItemPrice>11.90</ItemPrice>
      <UnitOfMeasurePrice>0.0595</UnitOfMeasurePrice>
      <AllowDiscount>1</AllowDiscount>
      <ItemStatus>1</ItemStatus>
      <ItemId>255875</ItemId>
    </Item>
    <Item>
      <PriceUpdateDate>2021-12-01 07:51:45</PriceUpdateDate>
      <ItemCode>9771565038357</ItemCode>
      <ItemType>1</ItemType>
      <ItemName>עיתון ידיעות אחרונות</ItemName>
      <ManufacturerName>לא ידוע</ManufacturerName>
      <ManufactureCountry>לא ידוע</ManufactureCountry>
      <ManufacturerItemDescription>עיתון ידיעות אחרונות</ManufacturerItemDescription>
      <UnitQty>יחידה   </UnitQty>
      <Quantity>0.00</Quantity>
      <UnitOfMeasure>יחידה   </UnitOfMeasure>
      <bIsWeighted>0</bIsWeighted>
      <QtyInPackage>לא ידוע</QtyInPackage>
      <ItemPrice>2.90</ItemPrice>
      <UnitOfMeasurePrice>0.0000</UnitOfMeasurePrice>
      <AllowDiscount>1</AllowDiscount>
      <ItemStatus>1</ItemStatus>
      <ItemId>132089</ItemId>
    </Item>
    <Item>
      <PriceUpdateDate>2025-01-06 15:50:56</PriceUpdateDate>
      <ItemCode>9771565039125</ItemCode>
      <ItemType>1</ItemType>
      <ItemName>עיתון לאישה</ItemName>
      <ManufacturerName>לא ידוע</ManufacturerName>
      <ManufactureCountry>לא ידוע</ManufactureCountry>
      <ManufacturerItemDescription>עיתון לאישה</ManufacturerItemDescription>
      <UnitQty>יחידה   </UnitQty>
      <Quantity>0.00</Quantity>
      <UnitOfMeasure>יחידה   </UnitOfMeasure>
      <bIsWeighted>0</bIsWeighted>
      <QtyInPackage>לא ידוע</QtyInPackage>
      <ItemPrice>22.50</ItemPrice>
      <UnitOfMeasurePrice>0.0000</UnitOfMeasurePrice>
      <AllowDiscount>1</AllowDiscount>
      <ItemStatus>1</ItemStatus>
      <ItemId>132091</ItemId>
    </Item>
    <Item>
      <PriceUpdateDate>2025-03-03 16:05:28</PriceUpdateDate>
      <ItemCode>7290006765871</ItemCode>
      <ItemType>1</ItemType>
      <ItemName>שקד טבעי ענק במשקל</ItemName>
      <ManufacturerName>לא ידוע</ManufacturerName>
      <ManufactureCountry>לא ידוע</ManufactureCountry>
      <ManufacturerItemDescription>שקד טבעי ענק במשקל</ManufacturerItemDescription>
      <UnitQty>קילוגרמים</UnitQty>
      <Quantity>1.00</Quantity>
      <UnitOfMeasure>ק"ג</UnitOfMeasure>
      <bIsWeighted>1</bIsWeighted>
      <QtyInPackage>לא ידוע</QtyInPackage>
      <ItemPrice>86.00</ItemPrice>
      <UnitOfMeasurePrice>86.0000</UnitOfMeasurePrice>
      <AllowDiscount>1</AllowDiscount>
      <ItemStatus>1</ItemStatus>
      <ItemId>251847</ItemId>
    </Item>
    <Item>
      <PriceUpdateDate>2025-03-03 16:05:28</PriceUpdateDate>
      <ItemCode>7290009068955</ItemCode>
      <ItemType>1</ItemType>
      <ItemName>גרעין חמניה קלוף טבע</ItemName>
      <ManufacturerName>לא ידוע</ManufacturerName>
      <ManufactureCountry>לא ידוע</ManufactureCountry>
      <ManufacturerItemDescription>גרעין חמניה קלוף טבע</ManufacturerItemDescription>
      <UnitQty>קילוגרמים</UnitQty>
      <Quantity>1.00</Quantity>
      <UnitOfMeasure>ק"ג</UnitOfMeasure>
      <bIsWeighted>1</bIsWeighted>
      <QtyInPackage>לא ידוע</QtyInPackage>
      <ItemPrice>40.00</ItemPrice>
      <UnitOfMeasurePrice>40.0000</UnitOfMeasurePrice>
      <AllowDiscount>1</AllowDiscount>
      <ItemStatus>1</ItemStatus>
      <ItemId>251848</ItemId>
    </Item>
    <Item>
      <PriceUpdateDate>2025-08-26 16:05:34</PriceUpdateDate>
      <ItemCode>7290115207460</ItemCode>
      <ItemType>1</ItemType>
      <ItemName>צבר חציל פיקנטי 360ג</ItemName>
      <ManufacturerName>לא ידוע</ManufacturerName>
      <ManufactureCountry>לא ידוע</ManufactureCountry>
      <ManufacturerItemDescription>צבר חציל פיקנטי 360ג</ManufacturerItemDescription>
      <UnitQty>לא ידוע</UnitQty>
      <Quantity>360.00</Quantity>
      <UnitOfMeasure>לא ידוע</UnitOfMeasure>
      <bIsWeighted>0</bIsWeighted>
      <QtyInPackage>לא ידוע</QtyInPackage>
      <ItemPrice>19.90</ItemPrice>
      <UnitOfMeasurePrice>0.0553</UnitOfMeasurePrice>
      <AllowDiscount>1</AllowDiscount>
      <ItemStatus>1</ItemStatus>
      <ItemId>238234</ItemId>
    </Item>
    <Item>
      <PriceUpdateDate>2025-08-21 09:58:44</PriceUpdateDate>
      <ItemCode>7290000178103</ItemCode>
      <ItemType>1</ItemType>
      <ItemName>שוקולד חלב עלית רביע</ItemName>
      <ManufacturerName>קריות זול</ManufacturerName>
      <ManufactureCountry>לא ידוע</ManufactureCountry>
      <ManufacturerItemDescription>שוקולד חלב עלית רביע</ManufacturerItemDescription>
      <UnitQty>לא ידוע</UnitQty>
      <Quantity>400.00</Quantity>
      <UnitOfMeasure>לא ידוע</UnitOfMeasure>
      <bIsWeighted>0</bIsWeighted>
      <QtyInPackage>לא ידוע</QtyInPackage>
      <ItemPrice>28.90</ItemPrice>
      <UnitOfMeasurePrice>0.0722</UnitOfMeasurePrice>
      <AllowDiscount>1</AllowDiscount>
      <ItemStatus>1</ItemStatus>
      <ItemId>240689</ItemId>
    </Item>
    <Item>
      <PriceUpdateDate>2025-08-21 11:20:05</PriceUpdateDate>
      <ItemCode>7290000572802</ItemCode>
      <ItemType>1</ItemType>
      <ItemName>טחינה אורגנית משומשו</ItemName>
      <ManufacturerName>לא ידוע</ManufacturerName>
      <ManufactureCountry>לא ידוע</ManufactureCountry>
      <ManufacturerItemDescription>טחינה אורגנית משומשו</ManufacturerItemDescription>
      <UnitQty>לא ידוע</UnitQty>
      <Quantity>500.00</Quantity>
      <UnitOfMeasure>לא ידוע</UnitOfMeasure>
      <bIsWeighted>0</bIsWeighted>
      <QtyInPackage>לא ידוע</QtyInPackage>
      <ItemPrice>17.90</ItemPrice>
      <UnitOfMeasurePrice>0.0358</UnitOfMeasurePrice>
      <AllowDiscount>1</AllowDiscount>
      <ItemStatus>1</ItemStatus>
      <ItemId>246677</ItemId>
    </Item>
    <Item>
      <PriceUpdateDate>2024-09-08 09:49:00</PriceUpdateDate>
      <ItemCode>9771565051066</ItemCode>
      <ItemType>1</ItemType>
      <ItemName>ידיעות שבת</ItemName>
      <ManufacturerName>לא ידוע</ManufacturerName>
      <ManufactureCountry>לא ידוע</ManufactureCountry>
      <ManufacturerItemDescription>ידיעות שבת</ManufacturerItemDescription>
      <UnitQty>יחידה   </UnitQty>
      <Quantity>0.00</Quantity>
      <UnitOfMeasure>יחידה   </UnitOfMeasure>
      <bIsWeighted>0</bIsWeighted>
      <QtyInPackage>לא ידוע</QtyInPackage>
      <ItemPrice>22.00</ItemPrice>
      <UnitOfMeasurePrice>0.0000</UnitOfMeasurePrice>
      <AllowDiscount>1</AllowDiscount>
      <ItemStatus>1</ItemStatus>
      <ItemId>132103</ItemId>
    </Item>
    <Item>
      <PriceUpdateDate>2025-08-26 16:05:34</PriceUpdateDate>
      <ItemCode>7290115207484</ItemCode>
      <ItemType>1</ItemType>
      <ItemName>סלט חציל על האש 400</ItemName>
      <ManufacturerName>לא ידוע</ManufacturerName>
      <ManufactureCountry>לא ידוע</ManufactureCountry>
      <ManufacturerItemDescription>סלט חציל על האש 400</ManufacturerItemDescription>
      <UnitQty>לא ידוע</UnitQty>
      <Quantity>360.00</Quantity>
      <UnitOfMeasure>לא ידוע</UnitOfMeasure>
      <bIsWeighted>0</bIsWeighted>
      <QtyInPackage>לא ידוע</QtyInPackage>
      <ItemPrice>19.90</ItemPrice>
      <UnitOfMeasurePrice>0.0553</UnitOfMeasurePrice>
      <AllowDiscount>1</AllowDiscount>
      <ItemStatus>1</ItemStatus>
      <ItemId>238235</ItemId>
    </Item>
    <Item>
      <PriceUpdateDate>2025-09-08 07:54:45</PriceUpdateDate>
      <ItemCode>7290019673040</ItemCode>
      <ItemType>1</ItemType>
      <ItemName>דנטס תבניות אלומיניו</ItemName>
      <ManufacturerName>לא ידוע</ManufacturerName>
      <ManufactureCountry>לא ידוע</ManufactureCountry>
      <ManufacturerItemDescription>דנטס תבניות אלומיניו</ManufacturerItemDescription>
      <UnitQty>יחידה   </UnitQty>
      <Quantity>0.00</Quantity>
      <UnitOfMeasure>יחידה   </UnitOfMeasure>
      <bIsWeighted>0</bIsWeighted>
      <QtyInPackage>לא ידוע</QtyInPackage>
      <ItemPrice>12.90</ItemPrice>
      <UnitOfMeasurePrice>0.0000</UnitOfMeasurePrice>
      <AllowDiscount>1</AllowDiscount>
      <ItemStatus>1</ItemStatus>
      <ItemId>250884</ItemId>
    </Item>
    <Item>
      <PriceUpdateDate>2025-08-26 12:24:19</PriceUpdateDate>
      <ItemCode>7290000430102</ItemCode>
      <ItemType>1</ItemType>
      <ItemName>קוביות קרח מיסטר איי</ItemName>
      <ManufacturerName>לא ידוע</ManufacturerName>
      <ManufactureCountry>לא ידוע</ManufactureCountry>
      <ManufacturerItemDescription>קוביות קרח מיסטר איי</ManufacturerItemDescription>
      <UnitQty>קילוגרמים</UnitQty>
      <Quantity>2.00</Quantity>
      <UnitOfMeasure>ק"ג     </UnitOfMeasure>
      <bIsWeighted>0</bIsWeighted>
      <QtyInPackage>לא ידוע</QtyInPackage>
      <ItemPrice>12.90</ItemPrice>
      <UnitOfMeasurePrice>6.4500</UnitOfMeasurePrice>
      <AllowDiscount>1</AllowDiscount>
      <ItemStatus>1</ItemStatus>
      <ItemId>249612</ItemId>
    </Item>
    <Item>
      <PriceUpdateDate>2025-08-31 08:48:43</PriceUpdateDate>
      <ItemCode>7290006342645</ItemCode>
      <ItemType>1</ItemType>
      <ItemName>טורטיה גדולה 700גר 1</ItemName>
      <ManufacturerName>לא ידוע</ManufacturerName>
      <ManufactureCountry>לא ידוע</ManufactureCountry>
      <ManufacturerItemDescription>טורטיה גדולה 700גר 1</ManufacturerItemDescription>
      <UnitQty>לא ידוע</UnitQty>
      <Quantity>700.00</Quantity>
      <UnitOfMeasure>לא ידוע</UnitOfMeasure>
      <bIsWeighted>0</bIsWeighted>
      <QtyInPackage>לא ידוע</QtyInPackage>
      <ItemPrice>16.90</ItemPrice>
      <UnitOfMeasurePrice>0.0241</UnitOfMeasurePrice>
      <AllowDiscount>1</AllowDiscount>
      <ItemStatus>1</ItemStatus>
      <ItemId>245407</ItemId>
    </Item>
    <Item>
      <PriceUpdateDate>2025-09-02 10:01:22</PriceUpdateDate>
      <ItemCode>856591000994</ItemCode>
      <ItemType>1</ItemType>
      <ItemName>מארז חטיף גריל עבאדי</ItemName>
      <ManufacturerName>לא ידוע</ManufacturerName>
      <ManufactureCountry>לא ידוע</ManufactureCountry>
      <ManufacturerItemDescription>מארז חטיף גריל עבאדי</ManufacturerItemDescription>
      <UnitQty>יחידה   </UnitQty>
      <Quantity>0.00</Quantity>
      <UnitOfMeasure>יחידה   </UnitOfMeasure>
      <bIsWeighted>0</bIsWeighted>
      <QtyInPackage>לא ידוע</QtyInPackage>
      <ItemPrice>19.90</ItemPrice>
      <UnitOfMeasurePrice>0.0000</UnitOfMeasurePrice>
      <AllowDiscount>1</AllowDiscount>
      <ItemStatus>1</ItemStatus>
      <ItemId>246805</ItemId>
    </Item>
    <Item>
      <PriceUpdateDate>2025-04-20 08:19:57</PriceUpdateDate>
      <ItemCode>7290018500385</ItemCode>
      <ItemType>1</ItemType>
      <ItemName>חלה רגילה אנג'ל 650</ItemName>
      <ManufacturerName>לא ידוע</ManufacturerName>
      <ManufactureCountry>לא ידוע</ManufactureCountry>
      <ManufacturerItemDescription>חלה רגילה אנג'ל 650</ManufacturerItemDescription>
      <UnitQty>לא ידוע</UnitQty>
      <Quantity>650.00</Quantity>
      <UnitOfMeasure>לא ידוע</UnitOfMeasure>
      <bIsWeighted>0</bIsWeighted>
      <QtyInPackage>לא ידוע</QtyInPackage>
      <ItemPrice>8.60</ItemPrice>
      <UnitOfMeasurePrice>0.0132</UnitOfMeasurePrice>
      <AllowDiscount>1</AllowDiscount>
      <ItemStatus>1</ItemStatus>
      <ItemId>243093</ItemId>
    </Item>
    <Item>
      <PriceUpdateDate>2025-09-04 12:03:27</PriceUpdateDate>
      <ItemCode>80432402931</ItemCode>
      <ItemType>1</ItemType>
      <ItemName>וויסקי שיבאס 700 מ"ל</ItemName>
      <ManufacturerName>לא ידוע</ManufacturerName>
      <ManufactureCountry>לא ידוע</ManufactureCountry>
      <ManufacturerItemDescription>וויסקי שיבאס 700 מ"ל</ManufacturerItemDescription>
      <UnitQty>לא ידוע</UnitQty>
      <Quantity>700.00</Quantity>
      <UnitOfMeasure>לא ידוע</UnitOfMeasure>
      <bIsWeighted>0</bIsWeighted>
      <QtyInPackage>לא ידוע</QtyInPackage>
      <ItemPrice>152.90</ItemPrice>
      <UnitOfMeasurePrice>0.2184</UnitOfMeasurePrice>
      <AllowDiscount>1</AllowDiscount>
      <ItemStatus>1</ItemStatus>
      <ItemId>132137</ItemId>
    </Item>
    <Item>
      <PriceUpdateDate>2025-09-08 08:50:34</PriceUpdateDate>
      <ItemCode>7290119383634</ItemCode>
      <ItemType>1</ItemType>
      <ItemName>פרה חלב נוסטלגיה חיי</ItemName>
      <ManufacturerName>קריות זול</ManufacturerName>
      <ManufactureCountry>לא ידוע</ManufactureCountry>
      <ManufacturerItemDescription>פרה חלב נוסטלגיה חיי</ManufacturerItemDescription>
      <UnitQty>לא ידוע</UnitQty>
      <Quantity>100.00</Quantity>
      <UnitOfMeasure>לא ידוע</UnitOfMeasure>
      <bIsWeighted>0</bIsWeighted>
      <QtyInPackage>לא ידוע</QtyInPackage>
      <ItemPrice>9.50</ItemPrice>
      <UnitOfMeasurePrice>0.0950</UnitOfMeasurePrice>
      <AllowDiscount>1</AllowDiscount>
      <ItemStatus>1</ItemStatus>
      <ItemId>255824</ItemId>
    </Item>
    <Item>
      <PriceUpdateDate>2025-09-08 07:54:47</PriceUpdateDate>
      <ItemCode>7290019673262</ItemCode>
      <ItemType>1</ItemType>
      <ItemName>דנטס תבניות אלומיניו</ItemName>
      <ManufacturerName>לא ידוע</ManufacturerName>
      <ManufactureCountry>לא ידוע</ManufactureCountry>
      <ManufacturerItemDescription>דנטס תבניות אלומיניו</ManufacturerItemDescription>
      <UnitQty>יחידה   </UnitQty>
      <Quantity>0.00</Quantity>
      <UnitOfMeasure>יחידה   </UnitOfMeasure>
      <bIsWeighted>0</bIsWeighted>
      <QtyInPackage>לא ידוע</QtyInPackage>
      <ItemPrice>12.90</ItemPrice>
      <UnitOfMeasurePrice>0.0000</UnitOfMeasurePrice>
      <AllowDiscount>1</AllowDiscount>
      <ItemStatus>1</ItemStatus>
      <ItemId>250885</ItemId>
    </Item>
    <Item>
      <PriceUpdateDate>2025-08-31 09:57:30</PriceUpdateDate>
      <ItemCode>7290018972397</ItemCode>
      <ItemType>1</ItemType>
      <ItemName>פרוזן מנגו חתוך 300</ItemName>
      <ManufacturerName>לא ידוע</ManufacturerName>
      <ManufactureCountry>לא ידוע</ManufactureCountry>
      <ManufacturerItemDescription>פרוזן מנגו חתוך 300</ManufacturerItemDescription>
      <UnitQty>לא ידוע</UnitQty>
      <Quantity>300.00</Quantity>
      <UnitOfMeasure>לא ידוע</UnitOfMeasure>
      <bIsWeighted>0</bIsWeighted>
      <QtyInPackage>לא ידוע</QtyInPackage>
      <ItemPrice>14.90</ItemPrice>
      <UnitOfMeasurePrice>0.0497</UnitOfMeasurePrice>
      <AllowDiscount>1</AllowDiscount>
      <ItemStatus>1</ItemStatus>
      <ItemId>247492</ItemId>
    </Item>
    <Item>
      <PriceUpdateDate>2025-08-19 11:32:53</PriceUpdateDate>
      <ItemCode>7290004124205</ItemCode>
      <ItemType>1</ItemType>
      <ItemName>יופלה דיאט תות 0% 15</ItemName>
      <ManufacturerName>קריות זול</ManufacturerName>
      <ManufactureCountry>לא ידוע</ManufactureCountry>
      <ManufacturerItemDescription>יופלה דיאט תות 0% 15</ManufacturerItemDescription>
      <UnitQty>לא ידוע</UnitQty>
      <Quantity>150.00</Quantity>
      <UnitOfMeasure>לא ידוע</UnitOfMeasure>
      <bIsWeighted>0</bIsWeighted>
      <QtyInPackage>לא ידוע</QtyInPackage>
      <ItemPrice>6.20</ItemPrice>
      <UnitOfMeasurePrice>0.0413</UnitOfMeasurePrice>
      <AllowDiscount>1</AllowDiscount>
      <ItemStatus>1</ItemStatus>
      <ItemId>246679</ItemId>
    </Item>
    <Item>
      <PriceUpdateDate>2025-09-03 15:21:49</PriceUpdateDate>
      <ItemCode>7290016867114</ItemCode>
      <ItemType>1</ItemType>
      <ItemName>לחם קל כוסמין 450 גר</ItemName>
      <ManufacturerName>לא ידוע</ManufacturerName>
      <ManufactureCountry>לא ידוע</ManufactureCountry>
      <ManufacturerItemDescription>לחם קל כוסמין 450 גר</ManufacturerItemDescription>
      <UnitQty>לא ידוע</UnitQty>
      <Quantity>450.00</Quantity>
      <UnitOfMeasure>לא ידוע</UnitOfMeasure>
      <bIsWeighted>0</bIsWeighted>
      <QtyInPackage>לא ידוע</QtyInPackage>
      <ItemPrice>21.90</ItemPrice>
      <UnitOfMeasurePrice>0.0487</UnitOfMeasurePrice>
      <AllowDiscount>1</AllowDiscount>
      <ItemStatus>1</ItemStatus>
      <ItemId>246701</ItemId>
    </Item>
    <Item>
      <PriceUpdateDate>2024-12-31 12:21:12</PriceUpdateDate>
      <ItemCode>839762000658</ItemCode>
      <ItemType>1</ItemType>
      <ItemName>איילנד גויאבה המשקה</ItemName>
      <ManufacturerName>לא ידוע</ManufacturerName>
      <ManufactureCountry>לא ידוע</ManufactureCountry>
      <ManufacturerItemDescription>איילנד גויאבה המשקה</ManufacturerItemDescription>
      <UnitQty>לא ידוע</UnitQty>
      <Quantity>1000.00</Quantity>
      <UnitOfMeasure>לא ידוע</UnitOfMeasure>
      <bIsWeighted>0</bIsWeighted>
      <QtyInPackage>לא ידוע</QtyInPackage>
      <ItemPrice>13.50</ItemPrice>
      <UnitOfMeasurePrice>0.0135</UnitOfMeasurePrice>
      <AllowDiscount>1</AllowDiscount>
      <ItemStatus>1</ItemStatus>
      <ItemId>132150</ItemId>
    </Item>
    <Item>
      <PriceUpdateDate>2025-08-18 09:23:11</PriceUpdateDate>
      <ItemCode>5010677554398</ItemCode>
      <ItemType>1</ItemType>
      <ItemName>בקרדי בריזר אבטיח 27</ItemName>
      <ManufacturerName>לא ידוע</ManufacturerName>
      <ManufactureCountry>לא ידוע</ManufactureCountry>
      <ManufacturerItemDescription>בקרדי בריזר אבטיח 27</ManufacturerItemDescription>
      <UnitQty>לא ידוע</UnitQty>
      <Quantity>275.00</Quantity>
      <UnitOfMeasure>לא ידוע</UnitOfMeasure>
      <bIsWeighted>0</bIsWeighted>
      <QtyInPackage>לא ידוע</QtyInPackage>
      <ItemPrice>18.50</ItemPrice>
      <UnitOfMeasurePrice>0.0673</UnitOfMeasurePrice>
      <AllowDiscount>1</AllowDiscount>
      <ItemStatus>1</ItemStatus>
      <ItemId>132168</ItemId>
    </Item>
    <Item>
      <PriceUpdateDate>2025-08-18 09:23:12</PriceUpdateDate>
      <ItemCode>5906485301012</ItemCode>
      <ItemType>1</ItemType>
      <ItemName>אקסל משקה אנרגיה 250</ItemName>
      <ManufacturerName>קריות זול</ManufacturerName>
      <ManufactureCountry>לא ידוע</ManufactureCountry>
      <ManufacturerItemDescription>אקסל משקה אנרגיה 250</ManufacturerItemDescription>
      <UnitQty>לא ידוע</UnitQty>
      <Quantity>250.00</Quantity>
      <UnitOfMeasure>לא ידוע</UnitOfMeasure>
      <bIsWeighted>0</bIsWeighted>
      <QtyInPackage>לא ידוע</QtyInPackage>
      <ItemPrice>5.50</ItemPrice>
      <UnitOfMeasurePrice>0.0220</UnitOfMeasurePrice>
      <AllowDiscount>1</AllowDiscount>
      <ItemStatus>1</ItemStatus>
      <ItemId>132189</ItemId>
    </Item>
    <Item>
      <PriceUpdateDate>2025-08-24 20:32:00</PriceUpdateDate>
      <ItemCode>7290000023083</ItemCode>
      <ItemType>1</ItemType>
      <ItemName>ערק אשקלון 700 מל</ItemName>
      <ManufacturerName>לא ידוע</ManufacturerName>
      <ManufactureCountry>לא ידוע</ManufactureCountry>
      <ManufacturerItemDescription>ערק אשקלון 700 מל</ManufacturerItemDescription>
      <UnitQty>לא ידוע</UnitQty>
      <Quantity>700.00</Quantity>
      <UnitOfMeasure>לא ידוע</UnitOfMeasure>
      <bIsWeighted>0</bIsWeighted>
      <QtyInPackage>לא ידוע</QtyInPackage>
      <ItemPrice>68.90</ItemPrice>
      <UnitOfMeasurePrice>0.0984</UnitOfMeasurePrice>
      <AllowDiscount>1</AllowDiscount>
      <ItemStatus>1</ItemStatus>
      <ItemId>132201</ItemId>
    </Item>
    <Item>
      <PriceUpdateDate>2025-08-24 20:32:03</PriceUpdateDate>
      <ItemCode>7290000024523</ItemCode>
      <ItemType>1</ItemType>
      <ItemName>מיץ ענבים- של סגל 1</ItemName>
      <ManufacturerName>לא ידוע</ManufacturerName>
      <ManufactureCountry>לא ידוע</ManufactureCountry>
      <ManufacturerItemDescription>מיץ ענבים- של סגל 1</ManufacturerItemDescription>
      <UnitQty>לא ידוע</UnitQty>
      <Quantity>1000.00</Quantity>
      <UnitOfMeasure>לא ידוע</UnitOfMeasure>
      <bIsWeighted>0</bIsWeighted>
      <QtyInPackage>לא ידוע</QtyInPackage>
      <ItemPrice>17.90</ItemPrice>
      <UnitOfMeasurePrice>0.0179</UnitOfMeasurePrice>
      <AllowDiscount>1</AllowDiscount>
      <ItemStatus>1</ItemStatus>
      <ItemId>132244</ItemId>
    </Item>
    <Item>
      <PriceUpdateDate>2025-08-27 09:53:29</PriceUpdateDate>
      <ItemCode>7290002814849</ItemCode>
      <ItemType>1</ItemType>
      <ItemName>סבון אסלה מרוכז שליש</ItemName>
      <ManufacturerName>לא ידוע</ManufacturerName>
      <ManufactureCountry>לא ידוע</ManufactureCountry>
      <ManufacturerItemDescription>סבון אסלה מרוכז שליש</ManufacturerItemDescription>
      <UnitQty>יחידה   </UnitQty>
      <Quantity>0.00</Quantity>
      <UnitOfMeasure>יחידה   </UnitOfMeasure>
      <bIsWeighted>0</bIsWeighted>
      <QtyInPackage>לא ידוע</QtyInPackage>
      <ItemPrice>11.90</ItemPrice>
      <UnitOfMeasurePrice>0.0000</UnitOfMeasurePrice>
      <AllowDiscount>1</AllowDiscount>
      <ItemStatus>1</ItemStatus>
      <ItemId>210956</ItemId>
    </Item>
    <Item>
      <PriceUpdateDate>2025-08-24 20:32:12</PriceUpdateDate>
      <ItemCode>7290006229427</ItemCode>
      <ItemType>1</ItemType>
      <ItemName>סאן בנדטו שישייה 6*5</ItemName>
      <ManufacturerName>קריות זול</ManufacturerName>
      <ManufactureCountry>לא ידוע</ManufactureCountry>
      <ManufacturerItemDescription>סאן בנדטו שישייה 6*5</ManufacturerItemDescription>
      <UnitQty>לא ידוע</UnitQty>
      <Quantity>3000.00</Quantity>
      <UnitOfMeasure>לא ידוע</UnitOfMeasure>
      <bIsWeighted>0</bIsWeighted>
      <QtyInPackage>לא ידוע</QtyInPackage>
      <ItemPrice>17.90</ItemPrice>
      <UnitOfMeasurePrice>0.0060</UnitOfMeasurePrice>
      <AllowDiscount>1</AllowDiscount>
      <ItemStatus>1</ItemStatus>
      <ItemId>132340</ItemId>
    </Item>
    <Item>
      <PriceUpdateDate>2025-04-20 07:35:56</PriceUpdateDate>
      <ItemCode>7290006764478</ItemCode>
      <ItemType>1</ItemType>
      <ItemName>נשר מאלט בק 330 מל</ItemName>
      <ManufacturerName>לא ידוע</ManufacturerName>
      <ManufactureCountry>לא ידוע</ManufactureCountry>
      <ManufacturerItemDescription>נשר מאלט בק 330 מל</ManufacturerItemDescription>
      <UnitQty>לא ידוע</UnitQty>
      <Quantity>330.00</Quantity>
      <UnitOfMeasure>לא ידוע</UnitOfMeasure>
      <bIsWeighted>0</bIsWeighted>
      <QtyInPackage>לא ידוע</QtyInPackage>
      <ItemPrice>7.50</ItemPrice>
      <UnitOfMeasurePrice>0.0227</UnitOfMeasurePrice>
      <AllowDiscount>1</AllowDiscount>
      <ItemStatus>1</ItemStatus>
      <ItemId>132349</ItemId>
    </Item>
    <Item>
      <PriceUpdateDate>2025-09-07 08:01:28</PriceUpdateDate>
      <ItemCode>8434165466333</ItemCode>
      <ItemType>1</ItemType>
      <ItemName>קואטרה מיני קרקרים ע</ItemName>
      <ManufacturerName>לא ידוע</ManufacturerName>
      <ManufactureCountry>לא ידוע</ManufactureCountry>
      <ManufacturerItemDescription>קואטרה מיני קרקרים ע</ManufacturerItemDescription>
      <UnitQty>לא ידוע</UnitQty>
      <Quantity>350.00</Quantity>
      <UnitOfMeasure>לא ידוע</UnitOfMeasure>
      <bIsWeighted>0</bIsWeighted>
      <QtyInPackage>לא ידוע</QtyInPackage>
      <ItemPrice>12.90</ItemPrice>
      <UnitOfMeasurePrice>0.0369</UnitOfMeasurePrice>
      <AllowDiscount>1</AllowDiscount>
      <ItemStatus>1</ItemStatus>
      <ItemId>246684</ItemId>
    </Item>
    <Item>
      <PriceUpdateDate>2025-08-26 16:05:21</PriceUpdateDate>
      <ItemCode>7290115200003</ItemCode>
      <ItemType>1</ItemType>
      <ItemName>פתי בר פינוקי וניל 2</ItemName>
      <ManufacturerName>קריות זול</ManufacturerName>
      <ManufactureCountry>לא ידוע</ManufactureCountry>
      <ManufacturerItemDescription>פתי בר פינוקי וניל 2</ManufacturerItemDescription>
      <UnitQty>לא ידוע</UnitQty>
      <Quantity>220.00</Quantity>
      <UnitOfMeasure>לא ידוע</UnitOfMeasure>
      <bIsWeighted>0</bIsWeighted>
      <QtyInPackage>לא ידוע</QtyInPackage>
      <ItemPrice>14.90</ItemPrice>
      <UnitOfMeasurePrice>0.0677</UnitOfMeasurePrice>
      <AllowDiscount>1</AllowDiscount>
      <ItemStatus>1</ItemStatus>
      <ItemId>231728</ItemId>
    </Item>
    <Item>
      <PriceUpdateDate>2025-08-24 20:32:14</PriceUpdateDate>
      <ItemCode>7290008464604</ItemCode>
      <ItemType>1</ItemType>
      <ItemName>בירה היינקן הולנד פח</ItemName>
      <ManufacturerName>קריות זול</ManufacturerName>
      <ManufactureCountry>לא ידוע</ManufactureCountry>
      <ManufacturerItemDescription>בירה היינקן הולנד פח</ManufacturerItemDescription>
      <UnitQty>לא ידוע</UnitQty>
      <Quantity>500.00</Quantity>
      <UnitOfMeasure>לא ידוע</UnitOfMeasure>
      <bIsWeighted>0</bIsWeighted>
      <QtyInPackage>לא ידוע</QtyInPackage>
      <ItemPrice>13.50</ItemPrice>
      <UnitOfMeasurePrice>0.0270</UnitOfMeasurePrice>
      <AllowDiscount>1</AllowDiscount>
      <ItemStatus>1</ItemStatus>
      <ItemId>132379</ItemId>
    </Item>
    <Item>
      <PriceUpdateDate>2025-05-26 14:34:21</PriceUpdateDate>
      <ItemCode>7290008464741</ItemCode>
      <ItemType>1</ItemType>
      <ItemName>בירה גולדסטאר בקבוק</ItemName>
      <ManufacturerName>קריות זול</ManufacturerName>
      <ManufactureCountry>לא ידוע</ManufactureCountry>
      <ManufacturerItemDescription>בירה גולדסטאר בקבוק</ManufacturerItemDescription>
      <UnitQty>לא ידוע</UnitQty>
      <Quantity>1980.00</Quantity>
      <UnitOfMeasure>לא ידוע</UnitOfMeasure>
      <bIsWeighted>0</bIsWeighted>
      <QtyInPackage>לא ידוע</QtyInPackage>
      <ItemPrice>40.90</ItemPrice>
      <UnitOfMeasurePrice>0.0207</UnitOfMeasurePrice>
      <AllowDiscount>1</AllowDiscount>
      <ItemStatus>1</ItemStatus>
      <ItemId>132384</ItemId>
    </Item>
    <Item>
      <PriceUpdateDate>2025-08-24 20:32:15</PriceUpdateDate>
      <ItemCode>7290008464796</ItemCode>
      <ItemType>1</ItemType>
      <ItemName>בירה היינקן בקבוק 6*</ItemName>
      <ManufacturerName>קריות זול</ManufacturerName>
      <ManufactureCountry>לא ידוע</ManufactureCountry>
      <ManufacturerItemDescription>בירה היינקן בקבוק 6*</ManufacturerItemDescription>
      <UnitQty>לא ידוע</UnitQty>
      <Quantity>1980.00</Quantity>
      <UnitOfMeasure>לא ידוע</UnitOfMeasure>
      <bIsWeighted>0</bIsWeighted>
      <QtyInPackage>לא ידוע</QtyInPackage>
      <ItemPrice>45.50</ItemPrice>
      <UnitOfMeasurePrice>0.0230</UnitOfMeasurePrice>
      <AllowDiscount>1</AllowDiscount>
      <ItemStatus>1</ItemStatus>
      <ItemId>132388</ItemId>
    </Item>
    <Item>
      <PriceUpdateDate>2025-08-24 20:32:17</PriceUpdateDate>
      <ItemCode>7290010237531</ItemCode>
      <ItemType>1</ItemType>
      <ItemName>פפסי בקבוק 500 מ"ל</ItemName>
      <ManufacturerName>לא ידוע</ManufacturerName>
      <ManufactureCountry>לא ידוע</ManufactureCountry>
      <ManufacturerItemDescription>פפסי בקבוק 500 מ"ל</ManufacturerItemDescription>
      <UnitQty>לא ידוע</UnitQty>
      <Quantity>500.00</Quantity>
      <UnitOfMeasure>לא ידוע</UnitOfMeasure>
      <bIsWeighted>0</bIsWeighted>
      <QtyInPackage>לא ידוע</QtyInPackage>
      <ItemPrice>7.30</ItemPrice>
      <UnitOfMeasurePrice>0.0146</UnitOfMeasurePrice>
      <AllowDiscount>1</AllowDiscount>
      <ItemStatus>1</ItemStatus>
      <ItemId>132396</ItemId>
    </Item>
    <Item>
      <PriceUpdateDate>2025-08-24 20:32:17</PriceUpdateDate>
      <ItemCode>7290010237548</ItemCode>
      <ItemType>1</ItemType>
      <ItemName>פפסי מקס בקבוק 500 מ</ItemName>
      <ManufacturerName>לא ידוע</ManufacturerName>
      <ManufactureCountry>לא ידוע</ManufactureCountry>
      <ManufacturerItemDescription>פפסי מקס בקבוק 500 מ</ManufacturerItemDescription>
      <UnitQty>לא ידוע</UnitQty>
      <Quantity>500.00</Quantity>
      <UnitOfMeasure>לא ידוע</UnitOfMeasure>
      <bIsWeighted>0</bIsWeighted>
      <QtyInPackage>לא ידוע</QtyInPackage>
      <ItemPrice>6.50</ItemPrice>
      <UnitOfMeasurePrice>0.0130</UnitOfMeasurePrice>
      <AllowDiscount>1</AllowDiscount>
      <ItemStatus>1</ItemStatus>
      <ItemId>132397</ItemId>
    </Item>
    <Item>
      <PriceUpdateDate>2025-08-24 20:32:17</PriceUpdateDate>
      <ItemCode>7290010237562</ItemCode>
      <ItemType>1</ItemType>
      <ItemName>מירינדה בקבוק 500 מ"</ItemName>
      <ManufacturerName>לא ידוע</ManufacturerName>
      <ManufactureCountry>לא ידוע</ManufactureCountry>
      <ManufacturerItemDescription>מירינדה בקבוק 500 מ"</ManufacturerItemDescription>
      <UnitQty>לא ידוע</UnitQty>
      <Quantity>500.00</Quantity>
      <UnitOfMeasure>לא ידוע</UnitOfMeasure>
      <bIsWeighted>0</bIsWeighted>
      <QtyInPackage>לא ידוע</QtyInPackage>
      <ItemPrice>7.30</ItemPrice>
      <UnitOfMeasurePrice>0.0146</UnitOfMeasurePrice>
      <AllowDiscount>1</AllowDiscount>
      <ItemStatus>1</ItemStatus>
      <ItemId>132398</ItemId>
    </Item>
    <Item>
      <PriceUpdateDate>2025-03-10 07:55:11</PriceUpdateDate>
      <ItemCode>7290012576607</ItemCode>
      <ItemType>1</ItemType>
      <ItemName>יין פרימייר אדום קבר</ItemName>
      <ManufacturerName>לא ידוע</ManufacturerName>
      <ManufactureCountry>לא ידוע</ManufactureCountry>
      <ManufacturerItemDescription>יין פרימייר אדום קבר</ManufacturerItemDescription>
      <UnitQty>לא ידוע</UnitQty>
      <Quantity>750.00</Quantity>
      <UnitOfMeasure>לא ידוע</UnitOfMeasure>
      <bIsWeighted>0</bIsWeighted>
      <QtyInPackage>לא ידוע</QtyInPackage>
      <ItemPrice>32.90</ItemPrice>
      <UnitOfMeasurePrice>0.0439</UnitOfMeasurePrice>
      <AllowDiscount>1</AllowDiscount>
      <ItemStatus>1</ItemStatus>
      <ItemId>132484</ItemId>
    </Item>
    <Item>
      <PriceUpdateDate>2025-09-04 12:03:34</PriceUpdateDate>
      <ItemCode>8850389105832</ItemCode>
      <ItemType>1</ItemType>
      <ItemName>סאפה משקה אלוורה בטע</ItemName>
      <ManufacturerName>לא ידוע</ManufacturerName>
      <ManufactureCountry>לא ידוע</ManufactureCountry>
      <ManufacturerItemDescription>סאפה משקה אלוורה בטע</ManufacturerItemDescription>
      <UnitQty>לא ידוע</UnitQty>
      <Quantity>1000.00</Quantity>
      <UnitOfMeasure>לא ידוע</UnitOfMeasure>
      <bIsWeighted>0</bIsWeighted>
      <QtyInPackage>לא ידוע</QtyInPackage>
      <ItemPrice>16.50</ItemPrice>
      <UnitOfMeasurePrice>0.0165</UnitOfMeasurePrice>
      <AllowDiscount>1</AllowDiscount>
      <ItemStatus>1</ItemStatus>
      <ItemId>132521</ItemId>
    </Item>
    <Item>
      <PriceUpdateDate>2025-09-04 12:03:34</PriceUpdateDate>
      <ItemCode>8850389105849</ItemCode>
      <ItemType>1</ItemType>
      <ItemName>סאפה משקה אלוורה מופ</ItemName>
      <ManufacturerName>לא ידוע</ManufacturerName>
      <ManufactureCountry>לא ידוע</ManufactureCountry>
      <ManufacturerItemDescription>סאפה משקה אלוורה מופ</ManufacturerItemDescription>
      <UnitQty>לא ידוע</UnitQty>
      <Quantity>1000.00</Quantity>
      <UnitOfMeasure>לא ידוע</UnitOfMeasure>
      <bIsWeighted>0</bIsWeighted>
      <QtyInPackage>לא ידוע</QtyInPackage>
      <ItemPrice>16.50</ItemPrice>
      <UnitOfMeasurePrice>0.0165</UnitOfMeasurePrice>
      <AllowDiscount>1</AllowDiscount>
      <ItemStatus>1</ItemStatus>
      <ItemId>132522</ItemId>
    </Item>
    <Item>
      <PriceUpdateDate>2025-09-03 07:30:51</PriceUpdateDate>
      <ItemCode>7290015855143</ItemCode>
      <ItemType>1</ItemType>
      <ItemName>שום קלוף 170 גר</ItemName>
      <ManufacturerName>לא ידוע</ManufacturerName>
      <ManufactureCountry>לא ידוע</ManufactureCountry>
      <ManufacturerItemDescription>שום קלוף 170 גר</ManufacturerItemDescription>
      <UnitQty>לא ידוע</UnitQty>
      <Quantity>170.00</Quantity>
      <UnitOfMeasure>לא ידוע</UnitOfMeasure>
      <bIsWeighted>0</bIsWeighted>
      <QtyInPackage>לא ידוע</QtyInPackage>
      <ItemPrice>12.90</ItemPrice>
      <UnitOfMeasurePrice>0.0759</UnitOfMeasurePrice>
      <AllowDiscount>1</AllowDiscount>
      <ItemStatus>1</ItemStatus>
      <ItemId>209749</ItemId>
    </Item>
    <Item>
      <PriceUpdateDate>2025-12-05 07:28:52</PriceUpdateDate>
      <ItemCode>7290003359301</ItemCode>
      <ItemType>1</ItemType>
      <ItemName>צ'יפס קלאסי פרימיום</ItemName>
      <ManufacturerName>לא ידוע</ManufacturerName>
      <ManufactureCountry>לא ידוע</ManufactureCountry>
      <ManufacturerItemDescription>צ'יפס קלאסי פרימיום</ManufacturerItemDescription>
      <UnitQty>לא ידוע</UnitQty>
      <Quantity>1000.00</Quantity>
      <UnitOfMeasure>לא ידוע</UnitOfMeasure>
      <bIsWeighted>0</bIsWeighted>
      <QtyInPackage>לא ידוע</QtyInPackage>
      <ItemPrice>18.90</ItemPrice>
      <UnitOfMeasurePrice>0.0189</UnitOfMeasurePrice>
      <AllowDiscount>1</AllowDiscount>
      <ItemStatus>1</ItemStatus>
      <ItemId>250977</ItemId>
    </Item>
    <Item>
      <PriceUpdateDate>2025-04-17 11:42:07</PriceUpdateDate>
      <ItemCode>7290018571866</ItemCode>
      <ItemType>1</ItemType>
      <ItemName>פרוטי בר בטעם תות 5*</ItemName>
      <ManufacturerName>לא ידוע</ManufacturerName>
      <ManufactureCountry>לא ידוע</ManufactureCountry>
      <ManufacturerItemDescription>פרוטי בר בטעם תות 5*</ManufacturerItemDescription>
      <UnitQty>לא ידוע</UnitQty>
      <Quantity>100.00</Quantity>
      <UnitOfMeasure>לא ידוע</UnitOfMeasure>
      <bIsWeighted>0</bIsWeighted>
      <QtyInPackage>לא ידוע</QtyInPackage>
      <ItemPrice>19.90</ItemPrice>
      <UnitOfMeasurePrice>0.1990</UnitOfMeasurePrice>
      <AllowDiscount>1</AllowDiscount>
      <ItemStatus>1</ItemStatus>
      <ItemId>250986</ItemId>
    </Item>
    <Item>
      <PriceUpdateDate>2025-01-16 11:05:25</PriceUpdateDate>
      <ItemCode>7290116536927</ItemCode>
      <ItemType>1</ItemType>
      <ItemName>בדין אקסטרה פלוס זר</ItemName>
      <ManufacturerName>לא ידוע</ManufacturerName>
      <ManufactureCountry>לא ידוע</ManufactureCountry>
      <ManufacturerItemDescription>בדין אקסטרה פלוס זר</ManufacturerItemDescription>
      <UnitQty>לא ידוע</UnitQty>
      <Quantity>960.00</Quantity>
      <UnitOfMeasure>לא ידוע</UnitOfMeasure>
      <bIsWeighted>0</bIsWeighted>
      <QtyInPackage>לא ידוע</QtyInPackage>
      <ItemPrice>19.90</ItemPrice>
      <UnitOfMeasurePrice>0.0207</UnitOfMeasurePrice>
      <AllowDiscount>1</AllowDiscount>
      <ItemStatus>1</ItemStatus>
      <ItemId>251018</ItemId>
    </Item>
    <Item>
      <PriceUpdateDate>2025-01-16 11:05:25</PriceUpdateDate>
      <ItemCode>7290116536934</ItemCode>
      <ItemType>1</ItemType>
      <ItemName>בדין אקסטרה  פלוס זר</ItemName>
      <ManufacturerName>לא ידוע</ManufacturerName>
      <ManufactureCountry>לא ידוע</ManufactureCountry>
      <ManufacturerItemDescription>בדין אקסטרה  פלוס זר</ManufacturerItemDescription>
      <UnitQty>לא ידוע</UnitQty>
      <Quantity>960.00</Quantity>
      <UnitOfMeasure>לא ידוע</UnitOfMeasure>
      <bIsWeighted>0</bIsWeighted>
      <QtyInPackage>לא ידוע</QtyInPackage>
      <ItemPrice>19.90</ItemPrice>
      <UnitOfMeasurePrice>0.0207</UnitOfMeasurePrice>
      <AllowDiscount>1</AllowDiscount>
      <ItemStatus>1</ItemStatus>
      <ItemId>251019</ItemId>
    </Item>
    <Item>
      <PriceUpdateDate>2025-09-08 08:00:41</PriceUpdateDate>
      <ItemCode>8700216527941</ItemCode>
      <ItemType>1</ItemType>
      <ItemName>פנטן שמפו קלאסי 600</ItemName>
      <ManufacturerName>לא ידוע</ManufacturerName>
      <ManufactureCountry>לא ידוע</ManufactureCountry>
      <ManufacturerItemDescription>פנטן שמפו קלאסי 600</ManufacturerItemDescription>
      <UnitQty>לא ידוע</UnitQty>
      <Quantity>600.00</Quantity>
      <UnitOfMeasure>לא ידוע</UnitOfMeasure>
      <bIsWeighted>0</bIsWeighted>
      <QtyInPackage>לא ידוע</QtyInPackage>
      <ItemPrice>21.90</ItemPrice>
      <UnitOfMeasurePrice>0.0365</UnitOfMeasurePrice>
      <AllowDiscount>1</AllowDiscount>
      <ItemStatus>1</ItemStatus>
      <ItemId>251037</ItemId>
    </Item>
    <Item>
      <PriceUpdateDate>2025-09-08 07:55:30</PriceUpdateDate>
      <ItemCode>7290020030092</ItemCode>
      <ItemType>1</ItemType>
      <ItemName>מאפין בטעם שוקו במיל</ItemName>
      <ManufacturerName>לא ידוע</ManufacturerName>
      <ManufactureCountry>לא ידוע</ManufactureCountry>
      <ManufacturerItemDescription>מאפין בטעם שוקו במיל</ManufacturerItemDescription>
      <UnitQty>לא ידוע</UnitQty>
      <Quantity>200.00</Quantity>
      <UnitOfMeasure>לא ידוע</UnitOfMeasure>
      <bIsWeighted>0</bIsWeighted>
      <QtyInPackage>לא ידוע</QtyInPackage>
      <ItemPrice>7.90</ItemPrice>
      <UnitOfMeasurePrice>0.0395</UnitOfMeasurePrice>
      <AllowDiscount>1</AllowDiscount>
      <ItemStatus>1</ItemStatus>
      <ItemId>251051</ItemId>
    </Item>
    <Item>
      <PriceUpdateDate>2025-09-08 07:55:31</PriceUpdateDate>
      <ItemCode>7290020030108</ItemCode>
      <ItemType>1</ItemType>
      <ItemName>מאפין בטעם וניל במיל</ItemName>
      <ManufacturerName>לא ידוע</ManufacturerName>
      <ManufactureCountry>לא ידוע</ManufactureCountry>
      <ManufacturerItemDescription>מאפין בטעם וניל במיל</ManufacturerItemDescription>
      <UnitQty>לא ידוע</UnitQty>
      <Quantity>200.00</Quantity>
      <UnitOfMeasure>לא ידוע</UnitOfMeasure>
      <bIsWeighted>0</bIsWeighted>
      <QtyInPackage>לא ידוע</QtyInPackage>
      <ItemPrice>7.90</ItemPrice>
      <UnitOfMeasurePrice>0.0395</UnitOfMeasurePrice>
      <AllowDiscount>1</AllowDiscount>
      <ItemStatus>1</ItemStatus>
      <ItemId>251053</ItemId>
    </Item>
    <Item>
      <PriceUpdateDate>2025-10-22 07:13:01</PriceUpdateDate>
      <ItemCode>8700216171311</ItemCode>
      <ItemType>1</ItemType>
      <ItemName>אולווייז אולטרה דואו</ItemName>
      <ManufacturerName>לא ידוע</ManufacturerName>
      <ManufactureCountry>לא ידוע</ManufactureCountry>
      <ManufacturerItemDescription>אולווייז אולטרה דואו</ManufacturerItemDescription>
      <UnitQty>יחידה   </UnitQty>
      <Quantity>0.00</Quantity>
      <UnitOfMeasure>יחידה   </UnitOfMeasure>
      <bIsWeighted>0</bIsWeighted>
      <QtyInPackage>לא ידוע</QtyInPackage>
      <ItemPrice>22.90</ItemPrice>
      <UnitOfMeasurePrice>0.0000</UnitOfMeasurePrice>
      <AllowDiscount>1</AllowDiscount>
      <ItemStatus>1</ItemStatus>
      <ItemId>251040</ItemId>
    </Item>
    <Item>
      <PriceUpdateDate>2025-10-22 07:13:02</PriceUpdateDate>
      <ItemCode>8700216171380</ItemCode>
      <ItemType>1</ItemType>
      <ItemName>אולווייז אולטרה לונג</ItemName>
      <ManufacturerName>לא ידוע</ManufacturerName>
      <ManufactureCountry>לא ידוע</ManufactureCountry>
      <ManufacturerItemDescription>אולווייז אולטרה לונג</ManufacturerItemDescription>
      <UnitQty>יחידה   </UnitQty>
      <Quantity>0.00</Quantity>
      <UnitOfMeasure>יחידה   </UnitOfMeasure>
      <bIsWeighted>0</bIsWeighted>
      <QtyInPackage>לא ידוע</QtyInPackage>
      <ItemPrice>22.90</ItemPrice>
      <UnitOfMeasurePrice>0.0000</UnitOfMeasurePrice>
      <AllowDiscount>1</AllowDiscount>
      <ItemStatus>1</ItemStatus>
      <ItemId>251041</ItemId>
    </Item>
    <Item>
      <PriceUpdateDate>2025-10-22 07:13:02</PriceUpdateDate>
      <ItemCode>8700216171458</ItemCode>
      <ItemType>1</ItemType>
      <ItemName>אולווייז אולטרה יום</ItemName>
      <ManufacturerName>לא ידוע</ManufacturerName>
      <ManufactureCountry>לא ידוע</ManufactureCountry>
      <ManufacturerItemDescription>אולווייז אולטרה יום</ManufacturerItemDescription>
      <UnitQty>יחידה   </UnitQty>
      <Quantity>0.00</Quantity>
      <UnitOfMeasure>יחידה   </UnitOfMeasure>
      <bIsWeighted>0</bIsWeighted>
      <QtyInPackage>לא ידוע</QtyInPackage>
      <ItemPrice>22.90</ItemPrice>
      <UnitOfMeasurePrice>0.0000</UnitOfMeasurePrice>
      <AllowDiscount>1</AllowDiscount>
      <ItemStatus>1</ItemStatus>
      <ItemId>251042</ItemId>
    </Item>
    <Item>
      <PriceUpdateDate>2025-12-03 10:56:18</PriceUpdateDate>
      <ItemCode>7290000363318</ItemCode>
      <ItemType>1</ItemType>
      <ItemName>פרוסות נקניק לנשנש ב</ItemName>
      <ManufacturerName>לא ידוע</ManufacturerName>
      <ManufactureCountry>לא ידוע</ManufactureCountry>
      <ManufacturerItemDescription>פרוסות נקניק לנשנש ב</ManufacturerItemDescription>
      <UnitQty>לא ידוע</UnitQty>
      <Quantity>60.00</Quantity>
      <UnitOfMeasure>לא ידוע</UnitOfMeasure>
      <bIsWeighted>0</bIsWeighted>
      <QtyInPackage>לא ידוע</QtyInPackage>
      <ItemPrice>15.90</ItemPrice>
      <UnitOfMeasurePrice>0.2650</UnitOfMeasurePrice>
      <AllowDiscount>1</AllowDiscount>
      <ItemStatus>1</ItemStatus>
      <ItemId>251082</ItemId>
    </Item>
    <Item>
      <PriceUpdateDate>2025-12-03 10:56:17</PriceUpdateDate>
      <ItemCode>7290000363288</ItemCode>
      <ItemType>1</ItemType>
      <ItemName>פרוסות נקניק לנשנש ב</ItemName>
      <ManufacturerName>לא ידוע</ManufacturerName>
      <ManufactureCountry>לא ידוע</ManufactureCountry>
      <ManufacturerItemDescription>פרוסות נקניק לנשנש ב</ManufacturerItemDescription>
      <UnitQty>לא ידוע</UnitQty>
      <Quantity>60.00</Quantity>
      <UnitOfMeasure>לא ידוע</UnitOfMeasure>
      <bIsWeighted>0</bIsWeighted>
      <QtyInPackage>לא ידוע</QtyInPackage>
      <ItemPrice>15.90</ItemPrice>
      <UnitOfMeasurePrice>0.2650</UnitOfMeasurePrice>
      <AllowDiscount>1</AllowDiscount>
      <ItemStatus>1</ItemStatus>
      <ItemId>251083</ItemId>
    </Item>
    <Item>
      <PriceUpdateDate>2025-12-03 10:56:18</PriceUpdateDate>
      <ItemCode>7290000363417</ItemCode>
      <ItemType>1</ItemType>
      <ItemName>פרוסות נקניק לנשנש ב</ItemName>
      <ManufacturerName>לא ידוע</ManufacturerName>
      <ManufactureCountry>לא ידוע</ManufactureCountry>
      <ManufacturerItemDescription>פרוסות נקניק לנשנש ב</ManufacturerItemDescription>
      <UnitQty>לא ידוע</UnitQty>
      <Quantity>60.00</Quantity>
      <UnitOfMeasure>לא ידוע</UnitOfMeasure>
      <bIsWeighted>0</bIsWeighted>
      <QtyInPackage>לא ידוע</QtyInPackage>
      <ItemPrice>15.90</ItemPrice>
      <UnitOfMeasurePrice>0.2650</UnitOfMeasurePrice>
      <AllowDiscount>1</AllowDiscount>
      <ItemStatus>1</ItemStatus>
      <ItemId>251084</ItemId>
    </Item>
    <Item>
      <PriceUpdateDate>2025-09-05 13:22:13</PriceUpdateDate>
      <ItemCode>7290103705879</ItemCode>
      <ItemType>1</ItemType>
      <ItemName>נייר טואלט 40 אולטרה</ItemName>
      <ManufacturerName>לא ידוע</ManufacturerName>
      <ManufactureCountry>לא ידוע</ManufactureCountry>
      <ManufacturerItemDescription>נייר טואלט 40 אולטרה</ManufacturerItemDescription>
      <UnitQty>יחידה   </UnitQty>
      <Quantity>0.00</Quantity>
      <UnitOfMeasure>יחידה   </UnitOfMeasure>
      <bIsWeighted>0</bIsWeighted>
      <QtyInPackage>לא ידוע</QtyInPackage>
      <ItemPrice>41.90</ItemPrice>
      <UnitOfMeasurePrice>0.0000</UnitOfMeasurePrice>
      <AllowDiscount>1</AllowDiscount>
      <ItemStatus>1</ItemStatus>
      <ItemId>251088</ItemId>
    </Item>
    <Item>
      <PriceUpdateDate>2025-09-05 13:22:14</PriceUpdateDate>
      <ItemCode>7290103705909</ItemCode>
      <ItemType>1</ItemType>
      <ItemName>מגבות אולטרה פרש מרק</ItemName>
      <ManufacturerName>לא ידוע</ManufacturerName>
      <ManufactureCountry>לא ידוע</ManufactureCountry>
      <ManufacturerItemDescription>מגבות אולטרה פרש מרק</ManufacturerItemDescription>
      <UnitQty>יחידה   </UnitQty>
      <Quantity>0.00</Quantity>
      <UnitOfMeasure>יחידה   </UnitOfMeasure>
      <bIsWeighted>0</bIsWeighted>
      <QtyInPackage>לא ידוע</QtyInPackage>
      <ItemPrice>12.90</ItemPrice>
      <UnitOfMeasurePrice>0.0000</UnitOfMeasurePrice>
      <AllowDiscount>1</AllowDiscount>
      <ItemStatus>1</ItemStatus>
      <ItemId>251090</ItemId>
    </Item>
    <Item>
      <PriceUpdateDate>2025-09-05 13:22:14</PriceUpdateDate>
      <ItemCode>7290103706487</ItemCode>
      <ItemType>1</ItemType>
      <ItemName>מגבות אולטרה פרש מרק</ItemName>
      <ManufacturerName>לא ידוע</ManufacturerName>
      <ManufactureCountry>לא ידוע</ManufactureCountry>
      <ManufacturerItemDescription>מגבות אולטרה פרש מרק</ManufacturerItemDescription>
      <UnitQty>יחידה   </UnitQty>
      <Quantity>0.00</Quantity>
      <UnitOfMeasure>יחידה   </UnitOfMeasure>
      <bIsWeighted>0</bIsWeighted>
      <QtyInPackage>לא ידוע</QtyInPackage>
      <ItemPrice>17.90</ItemPrice>
      <UnitOfMeasurePrice>0.0000</UnitOfMeasurePrice>
      <AllowDiscount>1</AllowDiscount>
      <ItemStatus>1</ItemStatus>
      <ItemId>251094</ItemId>
    </Item>
    <Item>
      <PriceUpdateDate>2025-09-05 13:22:15</PriceUpdateDate>
      <ItemCode>7290103706500</ItemCode>
      <ItemType>1</ItemType>
      <ItemName>ממחטות אולטרה פרש מר</ItemName>
      <ManufacturerName>לא ידוע</ManufacturerName>
      <ManufactureCountry>לא ידוע</ManufactureCountry>
      <ManufacturerItemDescription>ממחטות אולטרה פרש מר</ManufacturerItemDescription>
      <UnitQty>יחידה   </UnitQty>
      <Quantity>0.00</Quantity>
      <UnitOfMeasure>יחידה   </UnitOfMeasure>
      <bIsWeighted>0</bIsWeighted>
      <QtyInPackage>לא ידוע</QtyInPackage>
      <ItemPrice>13.90</ItemPrice>
      <UnitOfMeasurePrice>0.0000</UnitOfMeasurePrice>
      <AllowDiscount>1</AllowDiscount>
      <ItemStatus>1</ItemStatus>
      <ItemId>251096</ItemId>
    </Item>
    <Item>
      <PriceUpdateDate>2025-09-03 13:44:15</PriceUpdateDate>
      <ItemCode>7290019841159</ItemCode>
      <ItemType>1</ItemType>
      <ItemName>מרכך כביסה לבן בייבי</ItemName>
      <ManufacturerName>לא ידוע</ManufacturerName>
      <ManufactureCountry>לא ידוע</ManufactureCountry>
      <ManufacturerItemDescription>מרכך כביסה לבן בייבי</ManufacturerItemDescription>
      <UnitQty>לא ידוע</UnitQty>
      <Quantity>0.00</Quantity>
      <UnitOfMeasure>לא ידוע</UnitOfMeasure>
      <bIsWeighted>0</bIsWeighted>
      <QtyInPackage>לא ידוע</QtyInPackage>
      <ItemPrice>15.90</ItemPrice>
      <UnitOfMeasurePrice>0.0000</UnitOfMeasurePrice>
      <AllowDiscount>1</AllowDiscount>
      <ItemStatus>1</ItemStatus>
      <ItemId>251103</ItemId>
    </Item>
    <Item>
      <PriceUpdateDate>2025-09-03 13:44:16</PriceUpdateDate>
      <ItemCode>7290019841166</ItemCode>
      <ItemType>1</ItemType>
      <ItemName>מרכך כביסה קטיפה סגו</ItemName>
      <ManufacturerName>לא ידוע</ManufacturerName>
      <ManufactureCountry>לא ידוע</ManufactureCountry>
      <ManufacturerItemDescription>מרכך כביסה קטיפה סגו</ManufacturerItemDescription>
      <UnitQty>לא ידוע</UnitQty>
      <Quantity>0.00</Quantity>
      <UnitOfMeasure>לא ידוע</UnitOfMeasure>
      <bIsWeighted>0</bIsWeighted>
      <QtyInPackage>לא ידוע</QtyInPackage>
      <ItemPrice>15.90</ItemPrice>
      <UnitOfMeasurePrice>0.0000</UnitOfMeasurePrice>
      <AllowDiscount>1</AllowDiscount>
      <ItemStatus>1</ItemStatus>
      <ItemId>251104</ItemId>
    </Item>
    <Item>
      <PriceUpdateDate>2025-09-03 13:44:16</PriceUpdateDate>
      <ItemCode>7290019841197</ItemCode>
      <ItemType>1</ItemType>
      <ItemName>מבשם כביסה חוף קסום</ItemName>
      <ManufacturerName>לא ידוע</ManufacturerName>
      <ManufactureCountry>לא ידוע</ManufactureCountry>
      <ManufacturerItemDescription>מבשם כביסה חוף קסום</ManufacturerItemDescription>
      <UnitQty>לא ידוע</UnitQty>
      <Quantity>0.00</Quantity>
      <UnitOfMeasure>לא ידוע</UnitOfMeasure>
      <bIsWeighted>0</bIsWeighted>
      <QtyInPackage>לא ידוע</QtyInPackage>
      <ItemPrice>15.90</ItemPrice>
      <UnitOfMeasurePrice>0.0000</UnitOfMeasurePrice>
      <AllowDiscount>1</AllowDiscount>
      <ItemStatus>1</ItemStatus>
      <ItemId>251106</ItemId>
    </Item>
    <Item>
      <PriceUpdateDate>2025-09-03 13:44:16</PriceUpdateDate>
      <ItemCode>7290019841203</ItemCode>
      <ItemType>1</ItemType>
      <ItemName>מבשם כביסה פרחי אביב</ItemName>
      <ManufacturerName>לא ידוע</ManufacturerName>
      <ManufactureCountry>לא ידוע</ManufactureCountry>
      <ManufacturerItemDescription>מבשם כביסה פרחי אביב</ManufacturerItemDescription>
      <UnitQty>לא ידוע</UnitQty>
      <Quantity>0.00</Quantity>
      <UnitOfMeasure>לא ידוע</UnitOfMeasure>
      <bIsWeighted>0</bIsWeighted>
      <QtyInPackage>לא ידוע</QtyInPackage>
      <ItemPrice>15.90</ItemPrice>
      <UnitOfMeasurePrice>0.0000</UnitOfMeasurePrice>
      <AllowDiscount>1</AllowDiscount>
      <ItemStatus>1</ItemStatus>
      <ItemId>251107</ItemId>
    </Item>
    <Item>
      <PriceUpdateDate>2025-09-03 13:44:16</PriceUpdateDate>
      <ItemCode>7290019841210</ItemCode>
      <ItemType>1</ItemType>
      <ItemName>אקונומיקה מבושמת סמי</ItemName>
      <ManufacturerName>לא ידוע</ManufacturerName>
      <ManufactureCountry>לא ידוע</ManufactureCountry>
      <ManufacturerItemDescription>אקונומיקה מבושמת סמי</ManufacturerItemDescription>
      <UnitQty>לא ידוע</UnitQty>
      <Quantity>1000.00</Quantity>
      <UnitOfMeasure>לא ידוע</UnitOfMeasure>
      <bIsWeighted>0</bIsWeighted>
      <QtyInPackage>לא ידוע</QtyInPackage>
      <ItemPrice>9.90</ItemPrice>
      <UnitOfMeasurePrice>0.0099</UnitOfMeasurePrice>
      <AllowDiscount>1</AllowDiscount>
      <ItemStatus>1</ItemStatus>
      <ItemId>251108</ItemId>
    </Item>
    <Item>
      <PriceUpdateDate>2025-09-05 07:57:38</PriceUpdateDate>
      <ItemCode>7290121162555</ItemCode>
      <ItemType>1</ItemType>
      <ItemName>מאסטר שף תבשיל אישי</ItemName>
      <ManufacturerName>לא ידוע</ManufacturerName>
      <ManufactureCountry>לא ידוע</ManufactureCountry>
      <ManufacturerItemDescription>מאסטר שף תבשיל אישי</ManufacturerItemDescription>
      <UnitQty>לא ידוע</UnitQty>
      <Quantity>60.00</Quantity>
      <UnitOfMeasure>לא ידוע</UnitOfMeasure>
      <bIsWeighted>0</bIsWeighted>
      <QtyInPackage>לא ידוע</QtyInPackage>
      <ItemPrice>7.90</ItemPrice>
      <UnitOfMeasurePrice>0.1317</UnitOfMeasurePrice>
      <AllowDiscount>1</AllowDiscount>
      <ItemStatus>1</ItemStatus>
      <ItemId>251113</ItemId>
    </Item>
    <Item>
      <PriceUpdateDate>2025-09-03 13:44:19</PriceUpdateDate>
      <ItemCode>7290019841364</ItemCode>
      <ItemType>1</ItemType>
      <ItemName>נ.כלים תפוח 24% 750</ItemName>
      <ManufacturerName>לא ידוע</ManufacturerName>
      <ManufactureCountry>לא ידוע</ManufactureCountry>
      <ManufacturerItemDescription>נ.כלים תפוח 24% 750</ManufacturerItemDescription>
      <UnitQty>לא ידוע</UnitQty>
      <Quantity>0.00</Quantity>
      <UnitOfMeasure>לא ידוע</UnitOfMeasure>
      <bIsWeighted>0</bIsWeighted>
      <QtyInPackage>לא ידוע</QtyInPackage>
      <ItemPrice>9.90</ItemPrice>
      <UnitOfMeasurePrice>0.0000</UnitOfMeasurePrice>
      <AllowDiscount>1</AllowDiscount>
      <ItemStatus>1</ItemStatus>
      <ItemId>251119</ItemId>
    </Item>
    <Item>
      <PriceUpdateDate>2025-09-03 13:44:20</PriceUpdateDate>
      <ItemCode>7290020188380</ItemCode>
      <ItemType>1</ItemType>
      <ItemName>אקונומיקה מבושמת 4 ל</ItemName>
      <ManufacturerName>לא ידוע</ManufacturerName>
      <ManufactureCountry>לא ידוע</ManufactureCountry>
      <ManufacturerItemDescription>אקונומיקה מבושמת 4 ל</ManufacturerItemDescription>
      <UnitQty>לא ידוע</UnitQty>
      <Quantity>4000.00</Quantity>
      <UnitOfMeasure>לא ידוע</UnitOfMeasure>
      <bIsWeighted>0</bIsWeighted>
      <QtyInPackage>לא ידוע</QtyInPackage>
      <ItemPrice>15.90</ItemPrice>
      <UnitOfMeasurePrice>0.0040</UnitOfMeasurePrice>
      <AllowDiscount>1</AllowDiscount>
      <ItemStatus>1</ItemStatus>
      <ItemId>251121</ItemId>
    </Item>
    <Item>
      <PriceUpdateDate>2025-09-03 13:44:20</PriceUpdateDate>
      <ItemCode>7290020188397</ItemCode>
      <ItemType>1</ItemType>
      <ItemName>אקונומיקה סמיכה בניח</ItemName>
      <ManufacturerName>לא ידוע</ManufacturerName>
      <ManufactureCountry>לא ידוע</ManufactureCountry>
      <ManufacturerItemDescription>אקונומיקה סמיכה בניח</ManufacturerItemDescription>
      <UnitQty>לא ידוע</UnitQty>
      <Quantity>0.00</Quantity>
      <UnitOfMeasure>לא ידוע</UnitOfMeasure>
      <bIsWeighted>0</bIsWeighted>
      <QtyInPackage>לא ידוע</QtyInPackage>
      <ItemPrice>15.90</ItemPrice>
      <UnitOfMeasurePrice>0.0000</UnitOfMeasurePrice>
      <AllowDiscount>1</AllowDiscount>
      <ItemStatus>1</ItemStatus>
      <ItemId>251122</ItemId>
    </Item>
    <Item>
      <PriceUpdateDate>2025-09-03 13:44:22</PriceUpdateDate>
      <ItemCode>7290020188458</ItemCode>
      <ItemType>1</ItemType>
      <ItemName>ג'ל מסיר כתמים כביסה</ItemName>
      <ManufacturerName>לא ידוע</ManufacturerName>
      <ManufactureCountry>לא ידוע</ManufactureCountry>
      <ManufacturerItemDescription>ג'ל מסיר כתמים כביסה</ManufacturerItemDescription>
      <UnitQty>לא ידוע</UnitQty>
      <Quantity>0.00</Quantity>
      <UnitOfMeasure>לא ידוע</UnitOfMeasure>
      <bIsWeighted>0</bIsWeighted>
      <QtyInPackage>לא ידוע</QtyInPackage>
      <ItemPrice>20.90</ItemPrice>
      <UnitOfMeasurePrice>0.0000</UnitOfMeasurePrice>
      <AllowDiscount>1</AllowDiscount>
      <ItemStatus>1</ItemStatus>
      <ItemId>251128</ItemId>
    </Item>
    <Item>
      <PriceUpdateDate>2025-09-03 13:44:23</PriceUpdateDate>
      <ItemCode>7290020188496</ItemCode>
      <ItemType>1</ItemType>
      <ItemName>נוזל כלים לימון 18%</ItemName>
      <ManufacturerName>לא ידוע</ManufacturerName>
      <ManufactureCountry>לא ידוע</ManufactureCountry>
      <ManufacturerItemDescription>נוזל כלים לימון 18%</ManufacturerItemDescription>
      <UnitQty>לא ידוע</UnitQty>
      <Quantity>0.00</Quantity>
      <UnitOfMeasure>לא ידוע</UnitOfMeasure>
      <bIsWeighted>0</bIsWeighted>
      <QtyInPackage>לא ידוע</QtyInPackage>
      <ItemPrice>13.90</ItemPrice>
      <UnitOfMeasurePrice>0.0000</UnitOfMeasurePrice>
      <AllowDiscount>1</AllowDiscount>
      <ItemStatus>1</ItemStatus>
      <ItemId>251132</ItemId>
    </Item>
    <Item>
      <PriceUpdateDate>2025-09-03 13:44:23</PriceUpdateDate>
      <ItemCode>7290020188502</ItemCode>
      <ItemType>1</ItemType>
      <ItemName>נוזל כלים תפוח 18% 1</ItemName>
      <ManufacturerName>לא ידוע</ManufacturerName>
      <ManufactureCountry>לא ידוע</ManufactureCountry>
      <ManufacturerItemDescription>נוזל כלים תפוח 18% 1</ManufacturerItemDescription>
      <UnitQty>לא ידוע</UnitQty>
      <Quantity>0.00</Quantity>
      <UnitOfMeasure>לא ידוע</UnitOfMeasure>
      <bIsWeighted>0</bIsWeighted>
      <QtyInPackage>לא ידוע</QtyInPackage>
      <ItemPrice>13.90</ItemPrice>
      <UnitOfMeasurePrice>0.0000</UnitOfMeasurePrice>
      <AllowDiscount>1</AllowDiscount>
      <ItemStatus>1</ItemStatus>
      <ItemId>251133</ItemId>
    </Item>
    <Item>
      <PriceUpdateDate>2025-09-03 13:38:30</PriceUpdateDate>
      <ItemCode>7290119383085</ItemCode>
      <ItemType>1</ItemType>
      <ItemName>מיקס חצי חצי מיני כי</ItemName>
      <ManufacturerName>לא ידוע</ManufacturerName>
      <ManufactureCountry>לא ידוע</ManufactureCountry>
      <ManufacturerItemDescription>מיקס חצי חצי מיני כי</ManufacturerItemDescription>
      <UnitQty>לא ידוע</UnitQty>
      <Quantity>346.00</Quantity>
      <UnitOfMeasure>לא ידוע</UnitOfMeasure>
      <bIsWeighted>0</bIsWeighted>
      <QtyInPackage>לא ידוע</QtyInPackage>
      <ItemPrice>35.90</ItemPrice>
      <UnitOfMeasurePrice>0.1038</UnitOfMeasurePrice>
      <AllowDiscount>1</AllowDiscount>
      <ItemStatus>1</ItemStatus>
      <ItemId>251143</ItemId>
    </Item>
    <Item>
      <PriceUpdateDate>2024-12-23 10:29:02</PriceUpdateDate>
      <ItemCode>7290002128403</ItemCode>
      <ItemType>1</ItemType>
      <ItemName>נרות שבת מס 4</ItemName>
      <ManufacturerName>קריות זול</ManufacturerName>
      <ManufactureCountry>לא ידוע</ManufactureCountry>
      <ManufacturerItemDescription>נרות שבת מס 4</ManufacturerItemDescription>
      <UnitQty>יחידה   </UnitQty>
      <Quantity>0.00</Quantity>
      <UnitOfMeasure>יחידה   </UnitOfMeasure>
      <bIsWeighted>0</bIsWeighted>
      <QtyInPackage>לא ידוע</QtyInPackage>
      <ItemPrice>3.90</ItemPrice>
      <UnitOfMeasurePrice>0.0000</UnitOfMeasurePrice>
      <AllowDiscount>1</AllowDiscount>
      <ItemStatus>1</ItemStatus>
      <ItemId>132628</ItemId>
    </Item>
    <Item>
      <PriceUpdateDate>2024-12-23 10:29:02</PriceUpdateDate>
      <ItemCode>7290002128410</ItemCode>
      <ItemType>1</ItemType>
      <ItemName>נרות שולחן 6 יח</ItemName>
      <ManufacturerName>קריות זול</ManufacturerName>
      <ManufactureCountry>לא ידוע</ManufactureCountry>
      <ManufacturerItemDescription>נרות שולחן 6 יח</ManufacturerItemDescription>
      <UnitQty>לא ידוע</UnitQty>
      <Quantity>6.00</Quantity>
      <UnitOfMeasure>לא ידוע</UnitOfMeasure>
      <bIsWeighted>0</bIsWeighted>
      <QtyInPackage>לא ידוע</QtyInPackage>
      <ItemPrice>3.90</ItemPrice>
      <UnitOfMeasurePrice>0.6500</UnitOfMeasurePrice>
      <AllowDiscount>1</AllowDiscount>
      <ItemStatus>1</ItemStatus>
      <ItemId>132629</ItemId>
    </Item>
    <Item>
      <PriceUpdateDate>2025-09-07 10:42:17</PriceUpdateDate>
      <ItemCode>7290108358230</ItemCode>
      <ItemType>1</ItemType>
      <ItemName>סנו פרש מכשיר אוטומט</ItemName>
      <ManufacturerName>לא ידוע</ManufacturerName>
      <ManufactureCountry>לא ידוע</ManufactureCountry>
      <ManufacturerItemDescription>סנו פרש מכשיר אוטומט</ManufacturerItemDescription>
      <UnitQty>יחידה   </UnitQty>
      <Quantity>0.00</Quantity>
      <UnitOfMeasure>יחידה   </UnitOfMeasure>
      <bIsWeighted>0</bIsWeighted>
      <QtyInPackage>לא ידוע</QtyInPackage>
      <ItemPrice>48.90</ItemPrice>
      <UnitOfMeasurePrice>0.0000</UnitOfMeasurePrice>
      <AllowDiscount>1</AllowDiscount>
      <ItemStatus>1</ItemStatus>
      <ItemId>254162</ItemId>
    </Item>
    <Item>
      <PriceUpdateDate>2025-09-07 08:02:11</PriceUpdateDate>
      <ItemCode>7290019502111</ItemCode>
      <ItemType>1</ItemType>
      <ItemName>אפקטיב קר לגבר תחליב</ItemName>
      <ManufacturerName>לא ידוע</ManufacturerName>
      <ManufactureCountry>לא ידוע</ManufactureCountry>
      <ManufacturerItemDescription>אפקטיב קר לגבר תחליב</ManufacturerItemDescription>
      <UnitQty>לא ידוע</UnitQty>
      <Quantity>700.00</Quantity>
      <UnitOfMeasure>לא ידוע</UnitOfMeasure>
      <bIsWeighted>0</bIsWeighted>
      <QtyInPackage>לא ידוע</QtyInPackage>
      <ItemPrice>23.90</ItemPrice>
      <UnitOfMeasurePrice>0.0341</UnitOfMeasurePrice>
      <AllowDiscount>1</AllowDiscount>
      <ItemStatus>1</ItemStatus>
      <ItemId>246879</ItemId>
    </Item>
    <Item>
      <PriceUpdateDate>2025-08-31 08:47:25</PriceUpdateDate>
      <ItemCode>7290004255558</ItemCode>
      <ItemType>1</ItemType>
      <ItemName>נרות שולחן 20 יח</ItemName>
      <ManufacturerName>לא ידוע</ManufacturerName>
      <ManufactureCountry>לא ידוע</ManufactureCountry>
      <ManufacturerItemDescription>נרות שולחן 20 יח</ManufacturerItemDescription>
      <UnitQty>לא ידוע</UnitQty>
      <Quantity>20.00</Quantity>
      <UnitOfMeasure>לא ידוע</UnitOfMeasure>
      <bIsWeighted>0</bIsWeighted>
      <QtyInPackage>לא ידוע</QtyInPackage>
      <ItemPrice>4.00</ItemPrice>
      <UnitOfMeasurePrice>0.2000</UnitOfMeasurePrice>
      <AllowDiscount>1</AllowDiscount>
      <ItemStatus>1</ItemStatus>
      <ItemId>132648</ItemId>
    </Item>
    <Item>
      <PriceUpdateDate>2025-04-20 08:35:42</PriceUpdateDate>
      <ItemCode>7290000490779</ItemCode>
      <ItemType>1</ItemType>
      <ItemName>מנבו מוקה 6יח</ItemName>
      <ManufacturerName>לא ידוע</ManufacturerName>
      <ManufactureCountry>לא ידוע</ManufactureCountry>
      <ManufacturerItemDescription>מנבו מוקה 6יח</ManufacturerItemDescription>
      <UnitQty>יחידה   </UnitQty>
      <Quantity>0.00</Quantity>
      <UnitOfMeasure>יחידה   </UnitOfMeasure>
      <bIsWeighted>0</bIsWeighted>
      <QtyInPackage>לא ידוע</QtyInPackage>
      <ItemPrice>17.90</ItemPrice>
      <UnitOfMeasurePrice>0.0000</UnitOfMeasurePrice>
      <AllowDiscount>1</AllowDiscount>
      <ItemStatus>1</ItemStatus>
      <ItemId>239736</ItemId>
    </Item>
    <Item>
      <PriceUpdateDate>2025-10-31 10:33:41</PriceUpdateDate>
      <ItemCode>850022543098</ItemCode>
      <ItemType>1</ItemType>
      <ItemName>אוכמניות 125גרם</ItemName>
      <ManufacturerName>לא ידוע</ManufacturerName>
      <ManufactureCountry>לא ידוע</ManufactureCountry>
      <ManufacturerItemDescription>אוכמניות 125גרם</ManufacturerItemDescription>
      <UnitQty>לא ידוע</UnitQty>
      <Quantity>125.00</Quantity>
      <UnitOfMeasure>לא ידוע</UnitOfMeasure>
      <bIsWeighted>0</bIsWeighted>
      <QtyInPackage>לא ידוע</QtyInPackage>
      <ItemPrice>11.90</ItemPrice>
      <UnitOfMeasurePrice>0.0952</UnitOfMeasurePrice>
      <AllowDiscount>1</AllowDiscount>
      <ItemStatus>1</ItemStatus>
      <ItemId>255770</ItemId>
    </Item>
    <Item>
      <PriceUpdateDate>2025-08-31 10:12:28</PriceUpdateDate>
      <ItemCode>7290110573638</ItemCode>
      <ItemType>1</ItemType>
      <ItemName>אקטיביה עם ש"ש פשתן</ItemName>
      <ManufacturerName>לא ידוע</ManufacturerName>
      <ManufactureCountry>לא ידוע</ManufactureCountry>
      <ManufacturerItemDescription>אקטיביה עם ש"ש פשתן</ManufacturerItemDescription>
      <UnitQty>לא ידוע</UnitQty>
      <Quantity>150.00</Quantity>
      <UnitOfMeasure>לא ידוע</UnitOfMeasure>
      <bIsWeighted>0</bIsWeighted>
      <QtyInPackage>לא ידוע</QtyInPackage>
      <ItemPrice>6.90</ItemPrice>
      <UnitOfMeasurePrice>0.0460</UnitOfMeasurePrice>
      <AllowDiscount>1</AllowDiscount>
      <ItemStatus>1</ItemStatus>
      <ItemId>254922</ItemId>
    </Item>
    <Item>
      <PriceUpdateDate>2025-08-31 08:46:05</PriceUpdateDate>
      <ItemCode>3068320128801</ItemCode>
      <ItemType>1</ItemType>
      <ItemName>אוויאן מים בבקבוק פל</ItemName>
      <ManufacturerName>לא ידוע</ManufacturerName>
      <ManufactureCountry>לא ידוע</ManufactureCountry>
      <ManufacturerItemDescription>אוויאן מים בבקבוק פל</ManufacturerItemDescription>
      <UnitQty>לא ידוע</UnitQty>
      <Quantity>500.00</Quantity>
      <UnitOfMeasure>לא ידוע</UnitOfMeasure>
      <bIsWeighted>0</bIsWeighted>
      <QtyInPackage>לא ידוע</QtyInPackage>
      <ItemPrice>9.90</ItemPrice>
      <UnitOfMeasurePrice>0.0198</UnitOfMeasurePrice>
      <AllowDiscount>1</AllowDiscount>
      <ItemStatus>1</ItemStatus>
      <ItemId>247316</ItemId>
    </Item>
    <Item>
      <PriceUpdateDate>2024-10-22 12:27:40</PriceUpdateDate>
      <ItemCode>7290111347825</ItemCode>
      <ItemType>1</ItemType>
      <ItemName>כפפות ניטריל שחורות</ItemName>
      <ManufacturerName>לא ידוע</ManufacturerName>
      <ManufactureCountry>לא ידוע</ManufactureCountry>
      <ManufacturerItemDescription>כפפות ניטריל שחורות</ManufacturerItemDescription>
      <UnitQty>יחידה   </UnitQty>
      <Quantity>0.00</Quantity>
      <UnitOfMeasure>יחידה   </UnitOfMeasure>
      <bIsWeighted>0</bIsWeighted>
      <QtyInPackage>לא ידוע</QtyInPackage>
      <ItemPrice>27.90</ItemPrice>
      <UnitOfMeasurePrice>0.0000</UnitOfMeasurePrice>
      <AllowDiscount>1</AllowDiscount>
      <ItemStatus>1</ItemStatus>
      <ItemId>249769</ItemId>
    </Item>
    <Item>
      <PriceUpdateDate>2025-08-19 11:47:48</PriceUpdateDate>
      <ItemCode>5201263003820</ItemCode>
      <ItemType>1</ItemType>
      <ItemName>תחבושות EVERY DAY מק</ItemName>
      <ManufacturerName>לא ידוע</ManufacturerName>
      <ManufactureCountry>לא ידוע</ManufactureCountry>
      <ManufacturerItemDescription>תחבושות EVERY DAY מק</ManufacturerItemDescription>
      <UnitQty>יחידה   </UnitQty>
      <Quantity>0.00</Quantity>
      <UnitOfMeasure>יחידה   </UnitOfMeasure>
      <bIsWeighted>0</bIsWeighted>
      <QtyInPackage>לא ידוע</QtyInPackage>
      <ItemPrice>22.90</ItemPrice>
      <UnitOfMeasurePrice>0.0000</UnitOfMeasurePrice>
      <AllowDiscount>1</AllowDiscount>
      <ItemStatus>1</ItemStatus>
      <ItemId>245996</ItemId>
    </Item>
    <Item>
      <PriceUpdateDate>2025-08-21 11:20:16</PriceUpdateDate>
      <ItemCode>7290013927514</ItemCode>
      <ItemType>1</ItemType>
      <ItemName>רוגעלך קינמון במגש 4</ItemName>
      <ManufacturerName>לא ידוע</ManufacturerName>
      <ManufactureCountry>לא ידוע</ManufactureCountry>
      <ManufacturerItemDescription>רוגעלך קינמון במגש 4</ManufacturerItemDescription>
      <UnitQty>לא ידוע</UnitQty>
      <Quantity>400.00</Quantity>
      <UnitOfMeasure>לא ידוע</UnitOfMeasure>
      <bIsWeighted>0</bIsWeighted>
      <QtyInPackage>לא ידוע</QtyInPackage>
      <ItemPrice>14.50</ItemPrice>
      <UnitOfMeasurePrice>0.0363</UnitOfMeasurePrice>
      <AllowDiscount>1</AllowDiscount>
      <ItemStatus>1</ItemStatus>
      <ItemId>210432</ItemId>
    </Item>
    <Item>
      <PriceUpdateDate>2025-12-03 10:19:44</PriceUpdateDate>
      <ItemCode>5206759020701</ItemCode>
      <ItemType>1</ItemType>
      <ItemName>*מבצע* סוכריות ג'לי</ItemName>
      <ManufacturerName>לא ידוע</ManufacturerName>
      <ManufactureCountry>לא ידוע</ManufactureCountry>
      <ManufacturerItemDescription>*מבצע* סוכריות ג'לי</ManufacturerItemDescription>
      <UnitQty>לא ידוע</UnitQty>
      <Quantity>700.00</Quantity>
      <UnitOfMeasure>לא ידוע</UnitOfMeasure>
      <bIsWeighted>0</bIsWeighted>
      <QtyInPackage>לא ידוע</QtyInPackage>
      <ItemPrice>19.90</ItemPrice>
      <UnitOfMeasurePrice>0.0284</UnitOfMeasurePrice>
      <AllowDiscount>1</AllowDiscount>
      <ItemStatus>1</ItemStatus>
      <ItemId>132846</ItemId>
    </Item>
    <Item>
      <PriceUpdateDate>2025-08-19 08:36:08</PriceUpdateDate>
      <ItemCode>5900352000770</ItemCode>
      <ItemType>1</ItemType>
      <ItemName>גלרטקה דובדבן 190 ג</ItemName>
      <ManufacturerName>לא ידוע</ManufacturerName>
      <ManufactureCountry>לא ידוע</ManufactureCountry>
      <ManufacturerItemDescription>גלרטקה דובדבן 190 ג</ManufacturerItemDescription>
      <UnitQty>לא ידוע</UnitQty>
      <Quantity>190.00</Quantity>
      <UnitOfMeasure>לא ידוע</UnitOfMeasure>
      <bIsWeighted>0</bIsWeighted>
      <QtyInPackage>לא ידוע</QtyInPackage>
      <ItemPrice>14.90</ItemPrice>
      <UnitOfMeasurePrice>0.0784</UnitOfMeasurePrice>
      <AllowDiscount>1</AllowDiscount>
      <ItemStatus>1</ItemStatus>
      <ItemId>132848</ItemId>
    </Item>
    <Item>
      <PriceUpdateDate>2025-08-19 08:36:09</PriceUpdateDate>
      <ItemCode>5900352001814</ItemCode>
      <ItemType>1</ItemType>
      <ItemName>גלרטקה תפוז 190 ג</ItemName>
      <ManufacturerName>לא ידוע</ManufacturerName>
      <ManufactureCountry>לא ידוע</ManufactureCountry>
      <ManufacturerItemDescription>גלרטקה תפוז 190 ג</ManufacturerItemDescription>
      <UnitQty>לא ידוע</UnitQty>
      <Quantity>190.00</Quantity>
      <UnitOfMeasure>לא ידוע</UnitOfMeasure>
      <bIsWeighted>0</bIsWeighted>
      <QtyInPackage>לא ידוע</QtyInPackage>
      <ItemPrice>14.90</ItemPrice>
      <UnitOfMeasurePrice>0.0784</UnitOfMeasurePrice>
      <AllowDiscount>1</AllowDiscount>
      <ItemStatus>1</ItemStatus>
      <ItemId>132849</ItemId>
    </Item>
    <Item>
      <PriceUpdateDate>2025-08-19 08:36:13</PriceUpdateDate>
      <ItemCode>5900352002576</ItemCode>
      <ItemType>1</ItemType>
      <ItemName>גלרטקה אוכמניות 190</ItemName>
      <ManufacturerName>לא ידוע</ManufacturerName>
      <ManufactureCountry>לא ידוע</ManufactureCountry>
      <ManufacturerItemDescription>גלרטקה אוכמניות 190</ManufacturerItemDescription>
      <UnitQty>לא ידוע</UnitQty>
      <Quantity>190.00</Quantity>
      <UnitOfMeasure>לא ידוע</UnitOfMeasure>
      <bIsWeighted>0</bIsWeighted>
      <QtyInPackage>לא ידוע</QtyInPackage>
      <ItemPrice>14.90</ItemPrice>
      <UnitOfMeasurePrice>0.0784</UnitOfMeasurePrice>
      <AllowDiscount>1</AllowDiscount>
      <ItemStatus>1</ItemStatus>
      <ItemId>132852</ItemId>
    </Item>
    <Item>
      <PriceUpdateDate>2025-09-08 07:55:07</PriceUpdateDate>
      <ItemCode>7290015320047</ItemCode>
      <ItemType>1</ItemType>
      <ItemName>עוגיות בטעם חמאה 114</ItemName>
      <ManufacturerName>לא ידוע</ManufacturerName>
      <ManufactureCountry>לא ידוע</ManufactureCountry>
      <ManufacturerItemDescription>עוגיות בטעם חמאה 114</ManufacturerItemDescription>
      <UnitQty>לא ידוע</UnitQty>
      <Quantity>114.00</Quantity>
      <UnitOfMeasure>לא ידוע</UnitOfMeasure>
      <bIsWeighted>0</bIsWeighted>
      <QtyInPackage>לא ידוע</QtyInPackage>
      <ItemPrice>9.90</ItemPrice>
      <UnitOfMeasurePrice>0.0868</UnitOfMeasurePrice>
      <AllowDiscount>1</AllowDiscount>
      <ItemStatus>1</ItemStatus>
      <ItemId>132889</ItemId>
    </Item>
    <Item>
      <PriceUpdateDate>2025-08-26 16:05:21</PriceUpdateDate>
      <ItemCode>7290115200027</ItemCode>
      <ItemType>1</ItemType>
      <ItemName>פתי בר פינוקי שוקו 2</ItemName>
      <ManufacturerName>קריות זול</ManufacturerName>
      <ManufactureCountry>לא ידוע</ManufactureCountry>
      <ManufacturerItemDescription>פתי בר פינוקי שוקו 2</ManufacturerItemDescription>
      <UnitQty>לא ידוע</UnitQty>
      <Quantity>220.00</Quantity>
      <UnitOfMeasure>לא ידוע</UnitOfMeasure>
      <bIsWeighted>0</bIsWeighted>
      <QtyInPackage>לא ידוע</QtyInPackage>
      <ItemPrice>14.90</ItemPrice>
      <UnitOfMeasurePrice>0.0677</UnitOfMeasurePrice>
      <AllowDiscount>1</AllowDiscount>
      <ItemStatus>1</ItemStatus>
      <ItemId>231729</ItemId>
    </Item>
    <Item>
      <PriceUpdateDate>2025-01-06 16:02:05</PriceUpdateDate>
      <ItemCode>7290116851372</ItemCode>
      <ItemType>1</ItemType>
      <ItemName>כף אשפה קטן</ItemName>
      <ManufacturerName>לא ידוע</ManufacturerName>
      <ManufactureCountry>לא ידוע</ManufactureCountry>
      <ManufacturerItemDescription>כף אשפה קטן</ManufacturerItemDescription>
      <UnitQty>יחידה   </UnitQty>
      <Quantity>0.00</Quantity>
      <UnitOfMeasure>יחידה   </UnitOfMeasure>
      <bIsWeighted>0</bIsWeighted>
      <QtyInPackage>לא ידוע</QtyInPackage>
      <ItemPrice>6.50</ItemPrice>
      <UnitOfMeasurePrice>0.0000</UnitOfMeasurePrice>
      <AllowDiscount>1</AllowDiscount>
      <ItemStatus>1</ItemStatus>
      <ItemId>237492</ItemId>
    </Item>
    <Item>
      <PriceUpdateDate>2025-09-03 11:27:54</PriceUpdateDate>
      <ItemCode>7290116530062</ItemCode>
      <ItemType>1</ItemType>
      <ItemName>רוטב ויניגרט לסלט 29</ItemName>
      <ManufacturerName>לא ידוע</ManufacturerName>
      <ManufactureCountry>לא ידוע</ManufactureCountry>
      <ManufacturerItemDescription>רוטב ויניגרט לסלט 29</ManufacturerItemDescription>
      <UnitQty>לא ידוע</UnitQty>
      <Quantity>300.00</Quantity>
      <UnitOfMeasure>לא ידוע</UnitOfMeasure>
      <bIsWeighted>0</bIsWeighted>
      <QtyInPackage>לא ידוע</QtyInPackage>
      <ItemPrice>15.90</ItemPrice>
      <UnitOfMeasurePrice>0.0530</UnitOfMeasurePrice>
      <AllowDiscount>1</AllowDiscount>
      <ItemStatus>1</ItemStatus>
      <ItemId>235217</ItemId>
    </Item>
    <Item>
      <PriceUpdateDate>2025-03-03 16:05:28</PriceUpdateDate>
      <ItemCode>7290009951400</ItemCode>
      <ItemType>1</ItemType>
      <ItemName>סוכריות גומי/סוכריות</ItemName>
      <ManufacturerName>לא ידוע</ManufacturerName>
      <ManufactureCountry>לא ידוע</ManufactureCountry>
      <ManufacturerItemDescription>סוכריות גומי/סוכריות</ManufacturerItemDescription>
      <UnitQty>קילוגרמים</UnitQty>
      <Quantity>1.00</Quantity>
      <UnitOfMeasure>ק"ג</UnitOfMeasure>
      <bIsWeighted>1</bIsWeighted>
      <QtyInPackage>לא ידוע</QtyInPackage>
      <ItemPrice>55.00</ItemPrice>
      <UnitOfMeasurePrice>55.0000</UnitOfMeasurePrice>
      <AllowDiscount>1</AllowDiscount>
      <ItemStatus>1</ItemStatus>
      <ItemId>251859</ItemId>
    </Item>
    <Item>
      <PriceUpdateDate>2024-12-31 12:09:32</PriceUpdateDate>
      <ItemCode>7290000136851</ItemCode>
      <ItemType>1</ItemType>
      <ItemName>סבן אפ 1.5 ליטר</ItemName>
      <ManufacturerName>לא ידוע</ManufacturerName>
      <ManufactureCountry>לא ידוע</ManufactureCountry>
      <ManufacturerItemDescription>סבן אפ 1.5 ליטר</ManufacturerItemDescription>
      <UnitQty>לא ידוע</UnitQty>
      <Quantity>1500.00</Quantity>
      <UnitOfMeasure>לא ידוע</UnitOfMeasure>
      <bIsWeighted>0</bIsWeighted>
      <QtyInPackage>לא ידוע</QtyInPackage>
      <ItemPrice>7.90</ItemPrice>
      <UnitOfMeasurePrice>0.0053</UnitOfMeasurePrice>
      <AllowDiscount>1</AllowDiscount>
      <ItemStatus>1</ItemStatus>
      <ItemId>238137</ItemId>
    </Item>
    <Item>
      <PriceUpdateDate>2025-09-04 08:24:31</PriceUpdateDate>
      <ItemCode>72986424</ItemCode>
      <ItemType>1</ItemType>
      <ItemName>בן&amp;גריס גלידה פיינטי</ItemName>
      <ManufacturerName>לא ידוע</ManufacturerName>
      <ManufactureCountry>לא ידוע</ManufactureCountry>
      <ManufacturerItemDescription>בן&amp;גריס גלידה פיינטי</ManufacturerItemDescription>
      <UnitQty>יחידה   </UnitQty>
      <Quantity>420.00</Quantity>
      <UnitOfMeasure>יחידה   </UnitOfMeasure>
      <bIsWeighted>0</bIsWeighted>
      <QtyInPackage>לא ידוע</QtyInPackage>
      <ItemPrice>24.90</ItemPrice>
      <UnitOfMeasurePrice>0.0593</UnitOfMeasurePrice>
      <AllowDiscount>1</AllowDiscount>
      <ItemStatus>1</ItemStatus>
      <ItemId>133129</ItemId>
    </Item>
    <Item>
      <PriceUpdateDate>2025-09-04 08:24:31</PriceUpdateDate>
      <ItemCode>72986448</ItemCode>
      <ItemType>1</ItemType>
      <ItemName>בן&amp;גריס גלידה טופי ק</ItemName>
      <ManufacturerName>לא ידוע</ManufacturerName>
      <ManufactureCountry>לא ידוע</ManufactureCountry>
      <ManufacturerItemDescription>בן&amp;גריס גלידה טופי ק</ManufacturerItemDescription>
      <UnitQty>לא ידוע</UnitQty>
      <Quantity>420.00</Quantity>
      <UnitOfMeasure>לא ידוע</UnitOfMeasure>
      <bIsWeighted>0</bIsWeighted>
      <QtyInPackage>לא ידוע</QtyInPackage>
      <ItemPrice>24.90</ItemPrice>
      <UnitOfMeasurePrice>0.0593</UnitOfMeasurePrice>
      <AllowDiscount>1</AllowDiscount>
      <ItemStatus>1</ItemStatus>
      <ItemId>133130</ItemId>
    </Item>
    <Item>
      <PriceUpdateDate>2025-09-04 08:24:31</PriceUpdateDate>
      <ItemCode>72986455</ItemCode>
      <ItemType>1</ItemType>
      <ItemName>בן&amp;גריס גלידה פיינטי</ItemName>
      <ManufacturerName>לא ידוע</ManufacturerName>
      <ManufactureCountry>לא ידוע</ManufactureCountry>
      <ManufacturerItemDescription>בן&amp;גריס גלידה פיינטי</ManufacturerItemDescription>
      <UnitQty>לא ידוע</UnitQty>
      <Quantity>420.00</Quantity>
      <UnitOfMeasure>לא ידוע</UnitOfMeasure>
      <bIsWeighted>0</bIsWeighted>
      <QtyInPackage>לא ידוע</QtyInPackage>
      <ItemPrice>24.90</ItemPrice>
      <UnitOfMeasurePrice>0.0593</UnitOfMeasurePrice>
      <AllowDiscount>1</AllowDiscount>
      <ItemStatus>1</ItemStatus>
      <ItemId>133131</ItemId>
    </Item>
    <Item>
      <PriceUpdateDate>2025-09-04 08:24:31</PriceUpdateDate>
      <ItemCode>72986479</ItemCode>
      <ItemType>1</ItemType>
      <ItemName>בן&amp;גריס גלידה צאנקי</ItemName>
      <ManufacturerName>לא ידוע</ManufacturerName>
      <ManufactureCountry>לא ידוע</ManufactureCountry>
      <ManufacturerItemDescription>בן&amp;גריס גלידה צאנקי</ManufacturerItemDescription>
      <UnitQty>לא ידוע</UnitQty>
      <Quantity>420.00</Quantity>
      <UnitOfMeasure>לא ידוע</UnitOfMeasure>
      <bIsWeighted>0</bIsWeighted>
      <QtyInPackage>לא ידוע</QtyInPackage>
      <ItemPrice>24.90</ItemPrice>
      <UnitOfMeasurePrice>0.0593</UnitOfMeasurePrice>
      <AllowDiscount>1</AllowDiscount>
      <ItemStatus>1</ItemStatus>
      <ItemId>133132</ItemId>
    </Item>
    <Item>
      <PriceUpdateDate>2025-01-23 15:05:19</PriceUpdateDate>
      <ItemCode>7290121163118</ItemCode>
      <ItemType>1</ItemType>
      <ItemName>קולגייט משחת שיניים</ItemName>
      <ManufacturerName>לא ידוע</ManufacturerName>
      <ManufactureCountry>לא ידוע</ManufactureCountry>
      <ManufacturerItemDescription>קולגייט משחת שיניים</ManufacturerItemDescription>
      <UnitQty>יחידה   </UnitQty>
      <Quantity>0.00</Quantity>
      <UnitOfMeasure>יחידה   </UnitOfMeasure>
      <bIsWeighted>0</bIsWeighted>
      <QtyInPackage>לא ידוע</QtyInPackage>
      <ItemPrice>15.00</ItemPrice>
      <UnitOfMeasurePrice>0.0000</UnitOfMeasurePrice>
      <AllowDiscount>1</AllowDiscount>
      <ItemStatus>1</ItemStatus>
      <ItemId>251148</ItemId>
    </Item>
    <Item>
      <PriceUpdateDate>2025-08-28 10:18:32</PriceUpdateDate>
      <ItemCode>7290117260401</ItemCode>
      <ItemType>1</ItemType>
      <ItemName>גבינת מוצרלה מגורדת</ItemName>
      <ManufacturerName>לא ידוע</ManufacturerName>
      <ManufactureCountry>לא ידוע</ManufactureCountry>
      <ManufacturerItemDescription>גבינת מוצרלה מגורדת</ManufacturerItemDescription>
      <UnitQty>לא ידוע</UnitQty>
      <Quantity>500.00</Quantity>
      <UnitOfMeasure>לא ידוע</UnitOfMeasure>
      <bIsWeighted>0</bIsWeighted>
      <QtyInPackage>לא ידוע</QtyInPackage>
      <ItemPrice>30.90</ItemPrice>
      <UnitOfMeasurePrice>0.0618</UnitOfMeasurePrice>
      <AllowDiscount>1</AllowDiscount>
      <ItemStatus>1</ItemStatus>
      <ItemId>251203</ItemId>
    </Item>
    <Item>
      <PriceUpdateDate>2025-08-20 09:29:54</PriceUpdateDate>
      <ItemCode>5900102028399</ItemCode>
      <ItemType>1</ItemType>
      <ItemName>WAWEL פרימיום שוקולד</ItemName>
      <ManufacturerName>לא ידוע</ManufacturerName>
      <ManufactureCountry>לא ידוע</ManufactureCountry>
      <ManufacturerItemDescription>WAWEL פרימיום שוקולד</ManufacturerItemDescription>
      <UnitQty>לא ידוע</UnitQty>
      <Quantity>90.00</Quantity>
      <UnitOfMeasure>לא ידוע</UnitOfMeasure>
      <bIsWeighted>0</bIsWeighted>
      <QtyInPackage>לא ידוע</QtyInPackage>
      <ItemPrice>14.90</ItemPrice>
      <UnitOfMeasurePrice>0.1656</UnitOfMeasurePrice>
      <AllowDiscount>1</AllowDiscount>
      <ItemStatus>1</ItemStatus>
      <ItemId>251204</ItemId>
    </Item>
    <Item>
      <PriceUpdateDate>2025-08-20 09:29:54</PriceUpdateDate>
      <ItemCode>5900102028405</ItemCode>
      <ItemType>1</ItemType>
      <ItemName>פרמיום שוקולד מריר 6</ItemName>
      <ManufacturerName>לא ידוע</ManufacturerName>
      <ManufactureCountry>לא ידוע</ManufactureCountry>
      <ManufacturerItemDescription>פרמיום שוקולד מריר 6</ManufacturerItemDescription>
      <UnitQty>לא ידוע</UnitQty>
      <Quantity>90.00</Quantity>
      <UnitOfMeasure>לא ידוע</UnitOfMeasure>
      <bIsWeighted>0</bIsWeighted>
      <QtyInPackage>לא ידוע</QtyInPackage>
      <ItemPrice>14.90</ItemPrice>
      <UnitOfMeasurePrice>0.1656</UnitOfMeasurePrice>
      <AllowDiscount>1</AllowDiscount>
      <ItemStatus>1</ItemStatus>
      <ItemId>251206</ItemId>
    </Item>
    <Item>
      <PriceUpdateDate>2025-08-18 11:50:13</PriceUpdateDate>
      <ItemCode>4607001771753</ItemCode>
      <ItemType>1</ItemType>
      <ItemName>קפה גייקובס מיובש 19</ItemName>
      <ManufacturerName>לא ידוע</ManufacturerName>
      <ManufactureCountry>לא ידוע</ManufactureCountry>
      <ManufacturerItemDescription>קפה גייקובס מיובש 19</ManufacturerItemDescription>
      <UnitQty>לא ידוע</UnitQty>
      <Quantity>190.00</Quantity>
      <UnitOfMeasure>לא ידוע</UnitOfMeasure>
      <bIsWeighted>0</bIsWeighted>
      <QtyInPackage>לא ידוע</QtyInPackage>
      <ItemPrice>33.90</ItemPrice>
      <UnitOfMeasurePrice>0.1784</UnitOfMeasurePrice>
      <AllowDiscount>1</AllowDiscount>
      <ItemStatus>1</ItemStatus>
      <ItemId>251212</ItemId>
    </Item>
    <Item>
      <PriceUpdateDate>2025-09-08 08:00:53</PriceUpdateDate>
      <ItemCode>7290119500437</ItemCode>
      <ItemType>1</ItemType>
      <ItemName>טוסו שוקולד מריר 100</ItemName>
      <ManufacturerName>לא ידוע</ManufacturerName>
      <ManufactureCountry>לא ידוע</ManufactureCountry>
      <ManufacturerItemDescription>טוסו שוקולד מריר 100</ManufacturerItemDescription>
      <UnitQty>לא ידוע</UnitQty>
      <Quantity>100.00</Quantity>
      <UnitOfMeasure>לא ידוע</UnitOfMeasure>
      <bIsWeighted>0</bIsWeighted>
      <QtyInPackage>לא ידוע</QtyInPackage>
      <ItemPrice>17.90</ItemPrice>
      <UnitOfMeasurePrice>0.1790</UnitOfMeasurePrice>
      <AllowDiscount>1</AllowDiscount>
      <ItemStatus>1</ItemStatus>
      <ItemId>251386</ItemId>
    </Item>
    <Item>
      <PriceUpdateDate>2025-09-08 08:00:53</PriceUpdateDate>
      <ItemCode>7290119500482</ItemCode>
      <ItemType>1</ItemType>
      <ItemName>טוסו שוקולד מריר מעו</ItemName>
      <ManufacturerName>לא ידוע</ManufacturerName>
      <ManufactureCountry>לא ידוע</ManufactureCountry>
      <ManufacturerItemDescription>טוסו שוקולד מריר מעו</ManufacturerItemDescription>
      <UnitQty>לא ידוע</UnitQty>
      <Quantity>100.00</Quantity>
      <UnitOfMeasure>לא ידוע</UnitOfMeasure>
      <bIsWeighted>0</bIsWeighted>
      <QtyInPackage>לא ידוע</QtyInPackage>
      <ItemPrice>17.90</ItemPrice>
      <UnitOfMeasurePrice>0.1790</UnitOfMeasurePrice>
      <AllowDiscount>1</AllowDiscount>
      <ItemStatus>1</ItemStatus>
      <ItemId>251387</ItemId>
    </Item>
    <Item>
      <PriceUpdateDate>2025-09-08 08:00:54</PriceUpdateDate>
      <ItemCode>7290119500635</ItemCode>
      <ItemType>1</ItemType>
      <ItemName>טוסו שוקולד מריר עם</ItemName>
      <ManufacturerName>לא ידוע</ManufacturerName>
      <ManufactureCountry>לא ידוע</ManufactureCountry>
      <ManufacturerItemDescription>טוסו שוקולד מריר עם</ManufacturerItemDescription>
      <UnitQty>לא ידוע</UnitQty>
      <Quantity>100.00</Quantity>
      <UnitOfMeasure>לא ידוע</UnitOfMeasure>
      <bIsWeighted>0</bIsWeighted>
      <QtyInPackage>לא ידוע</QtyInPackage>
      <ItemPrice>17.90</ItemPrice>
      <UnitOfMeasurePrice>0.1790</UnitOfMeasurePrice>
      <AllowDiscount>1</AllowDiscount>
      <ItemStatus>1</ItemStatus>
      <ItemId>251389</ItemId>
    </Item>
    <Item>
      <PriceUpdateDate>2025-08-18 11:35:55</PriceUpdateDate>
      <ItemCode>4013162036134</ItemCode>
      <ItemType>1</ItemType>
      <ItemName>סבון פיט לכלים חזק ל</ItemName>
      <ManufacturerName>לא ידוע</ManufacturerName>
      <ManufactureCountry>לא ידוע</ManufactureCountry>
      <ManufacturerItemDescription>סבון פיט לכלים חזק ל</ManufacturerItemDescription>
      <UnitQty>לא ידוע</UnitQty>
      <Quantity>750.00</Quantity>
      <UnitOfMeasure>לא ידוע</UnitOfMeasure>
      <bIsWeighted>0</bIsWeighted>
      <QtyInPackage>לא ידוע</QtyInPackage>
      <ItemPrice>13.90</ItemPrice>
      <UnitOfMeasurePrice>0.0185</UnitOfMeasurePrice>
      <AllowDiscount>1</AllowDiscount>
      <ItemStatus>1</ItemStatus>
      <ItemId>251392</ItemId>
    </Item>
    <Item>
      <PriceUpdateDate>2025-08-31 08:46:08</PriceUpdateDate>
      <ItemCode>4860019001810</ItemCode>
      <ItemType>1</ItemType>
      <ItemName>בורגומי מים מינרלים</ItemName>
      <ManufacturerName>לא ידוע</ManufacturerName>
      <ManufactureCountry>לא ידוע</ManufactureCountry>
      <ManufacturerItemDescription>בורגומי מים מינרלים</ManufacturerItemDescription>
      <UnitQty>לא ידוע</UnitQty>
      <Quantity>330.00</Quantity>
      <UnitOfMeasure>לא ידוע</UnitOfMeasure>
      <bIsWeighted>0</bIsWeighted>
      <QtyInPackage>לא ידוע</QtyInPackage>
      <ItemPrice>6.90</ItemPrice>
      <UnitOfMeasurePrice>0.0209</UnitOfMeasurePrice>
      <AllowDiscount>1</AllowDiscount>
      <ItemStatus>1</ItemStatus>
      <ItemId>251457</ItemId>
    </Item>
    <Item>
      <PriceUpdateDate>2025-02-18 11:05:25</PriceUpdateDate>
      <ItemCode>7290121160278</ItemCode>
      <ItemType>1</ItemType>
      <ItemName>חומץ אורז מאסטר שף 3</ItemName>
      <ManufacturerName>לא ידוע</ManufacturerName>
      <ManufactureCountry>לא ידוע</ManufactureCountry>
      <ManufacturerItemDescription>חומץ אורז מאסטר שף 3</ManufacturerItemDescription>
      <UnitQty>לא ידוע</UnitQty>
      <Quantity>300.00</Quantity>
      <UnitOfMeasure>לא ידוע</UnitOfMeasure>
      <bIsWeighted>0</bIsWeighted>
      <QtyInPackage>לא ידוע</QtyInPackage>
      <ItemPrice>9.90</ItemPrice>
      <UnitOfMeasurePrice>0.0330</UnitOfMeasurePrice>
      <AllowDiscount>1</AllowDiscount>
      <ItemStatus>1</ItemStatus>
      <ItemId>251512</ItemId>
    </Item>
    <Item>
      <PriceUpdateDate>2025-08-27 10:23:44</PriceUpdateDate>
      <ItemCode>3073781190618</ItemCode>
      <ItemType>1</ItemType>
      <ItemName>גב.לוואש קירי כשר 8י</ItemName>
      <ManufacturerName>לא ידוע</ManufacturerName>
      <ManufactureCountry>לא ידוע</ManufactureCountry>
      <ManufacturerItemDescription>גב.לוואש קירי כשר 8י</ManufacturerItemDescription>
      <UnitQty>לא ידוע</UnitQty>
      <Quantity>120.00</Quantity>
      <UnitOfMeasure>לא ידוע</UnitOfMeasure>
      <bIsWeighted>0</bIsWeighted>
      <QtyInPackage>לא ידוע</QtyInPackage>
      <ItemPrice>15.90</ItemPrice>
      <UnitOfMeasurePrice>0.1325</UnitOfMeasurePrice>
      <AllowDiscount>1</AllowDiscount>
      <ItemStatus>1</ItemStatus>
      <ItemId>251521</ItemId>
    </Item>
    <Item>
      <PriceUpdateDate>2025-08-27 10:23:44</PriceUpdateDate>
      <ItemCode>3073781190595</ItemCode>
      <ItemType>1</ItemType>
      <ItemName>גב.לוואש קירי כשר 16</ItemName>
      <ManufacturerName>לא ידוע</ManufacturerName>
      <ManufactureCountry>לא ידוע</ManufactureCountry>
      <ManufacturerItemDescription>גב.לוואש קירי כשר 16</ManufacturerItemDescription>
      <UnitQty>לא ידוע</UnitQty>
      <Quantity>240.00</Quantity>
      <UnitOfMeasure>לא ידוע</UnitOfMeasure>
      <bIsWeighted>0</bIsWeighted>
      <QtyInPackage>לא ידוע</QtyInPackage>
      <ItemPrice>28.90</ItemPrice>
      <UnitOfMeasurePrice>0.1204</UnitOfMeasurePrice>
      <AllowDiscount>1</AllowDiscount>
      <ItemStatus>1</ItemStatus>
      <ItemId>251522</ItemId>
    </Item>
    <Item>
      <PriceUpdateDate>2025-09-08 08:13:42</PriceUpdateDate>
      <ItemCode>7290019195269</ItemCode>
      <ItemType>1</ItemType>
      <ItemName>גבינת לאבנה 500 גרם</ItemName>
      <ManufacturerName>לא ידוע</ManufacturerName>
      <ManufactureCountry>לא ידוע</ManufactureCountry>
      <ManufacturerItemDescription>גבינת לאבנה 500 גרם</ManufacturerItemDescription>
      <UnitQty>לא ידוע</UnitQty>
      <Quantity>500.00</Quantity>
      <UnitOfMeasure>לא ידוע</UnitOfMeasure>
      <bIsWeighted>0</bIsWeighted>
      <QtyInPackage>לא ידוע</QtyInPackage>
      <ItemPrice>20.90</ItemPrice>
      <UnitOfMeasurePrice>0.0418</UnitOfMeasurePrice>
      <AllowDiscount>1</AllowDiscount>
      <ItemStatus>1</ItemStatus>
      <ItemId>251523</ItemId>
    </Item>
    <Item>
      <PriceUpdateDate>2025-09-07 08:05:53</PriceUpdateDate>
      <ItemCode>7290117905456</ItemCode>
      <ItemType>1</ItemType>
      <ItemName>פרוסות פלפל חלפיניו</ItemName>
      <ManufacturerName>לא ידוע</ManufacturerName>
      <ManufactureCountry>לא ידוע</ManufactureCountry>
      <ManufacturerItemDescription>פרוסות פלפל חלפיניו</ManufacturerItemDescription>
      <UnitQty>לא ידוע</UnitQty>
      <Quantity>360.00</Quantity>
      <UnitOfMeasure>לא ידוע</UnitOfMeasure>
      <bIsWeighted>0</bIsWeighted>
      <QtyInPackage>לא ידוע</QtyInPackage>
      <ItemPrice>10.90</ItemPrice>
      <UnitOfMeasurePrice>0.0303</UnitOfMeasurePrice>
      <AllowDiscount>1</AllowDiscount>
      <ItemStatus>1</ItemStatus>
      <ItemId>251530</ItemId>
    </Item>
    <Item>
      <PriceUpdateDate>2025-09-07 08:06:06</PriceUpdateDate>
      <ItemCode>7290117907757</ItemCode>
      <ItemType>1</ItemType>
      <ItemName> פריכיות מקמח חומוס</ItemName>
      <ManufacturerName>לא ידוע</ManufacturerName>
      <ManufactureCountry>לא ידוע</ManufactureCountry>
      <ManufacturerItemDescription> פריכיות מקמח חומוס</ManufacturerItemDescription>
      <UnitQty>לא ידוע</UnitQty>
      <Quantity>120.00</Quantity>
      <UnitOfMeasure>לא ידוע</UnitOfMeasure>
      <bIsWeighted>0</bIsWeighted>
      <QtyInPackage>לא ידוע</QtyInPackage>
      <ItemPrice>11.90</ItemPrice>
      <UnitOfMeasurePrice>0.0992</UnitOfMeasurePrice>
      <AllowDiscount>1</AllowDiscount>
      <ItemStatus>1</ItemStatus>
      <ItemId>251531</ItemId>
    </Item>
    <Item>
      <PriceUpdateDate>2025-09-07 08:06:07</PriceUpdateDate>
      <ItemCode>7290117907795</ItemCode>
      <ItemType>1</ItemType>
      <ItemName> פריכיות כוסמת</ItemName>
      <ManufacturerName>לא ידוע</ManufacturerName>
      <ManufactureCountry>לא ידוע</ManufactureCountry>
      <ManufacturerItemDescription> פריכיות כוסמת</ManufacturerItemDescription>
      <UnitQty>לא ידוע</UnitQty>
      <Quantity>160.00</Quantity>
      <UnitOfMeasure>לא ידוע</UnitOfMeasure>
      <bIsWeighted>0</bIsWeighted>
      <QtyInPackage>לא ידוע</QtyInPackage>
      <ItemPrice>11.90</ItemPrice>
      <UnitOfMeasurePrice>0.0744</UnitOfMeasurePrice>
      <AllowDiscount>1</AllowDiscount>
      <ItemStatus>1</ItemStatus>
      <ItemId>251535</ItemId>
    </Item>
    <Item>
      <PriceUpdateDate>2025-09-03 13:38:26</PriceUpdateDate>
      <ItemCode>7290119380206</ItemCode>
      <ItemType>1</ItemType>
      <ItemName>קפסולות מילנו 05</ItemName>
      <ManufacturerName>לא ידוע</ManufacturerName>
      <ManufactureCountry>לא ידוע</ManufactureCountry>
      <ManufacturerItemDescription>קפסולות מילנו 05</ManufacturerItemDescription>
      <UnitQty>יחידה   </UnitQty>
      <Quantity>0.00</Quantity>
      <UnitOfMeasure>יחידה   </UnitOfMeasure>
      <bIsWeighted>0</bIsWeighted>
      <QtyInPackage>לא ידוע</QtyInPackage>
      <ItemPrice>21.90</ItemPrice>
      <UnitOfMeasurePrice>0.0000</UnitOfMeasurePrice>
      <AllowDiscount>1</AllowDiscount>
      <ItemStatus>1</ItemStatus>
      <ItemId>251544</ItemId>
    </Item>
    <Item>
      <PriceUpdateDate>2025-09-03 07:27:41</PriceUpdateDate>
      <ItemCode>7290111099878</ItemCode>
      <ItemType>1</ItemType>
      <ItemName>קוויק מגבונים לניקוי</ItemName>
      <ManufacturerName>לא ידוע</ManufacturerName>
      <ManufactureCountry>לא ידוע</ManufactureCountry>
      <ManufacturerItemDescription>קוויק מגבונים לניקוי</ManufacturerItemDescription>
      <UnitQty>יחידה   </UnitQty>
      <Quantity>0.00</Quantity>
      <UnitOfMeasure>יחידה   </UnitOfMeasure>
      <bIsWeighted>0</bIsWeighted>
      <QtyInPackage>לא ידוע</QtyInPackage>
      <ItemPrice>9.90</ItemPrice>
      <UnitOfMeasurePrice>0.0000</UnitOfMeasurePrice>
      <AllowDiscount>1</AllowDiscount>
      <ItemStatus>1</ItemStatus>
      <ItemId>251590</ItemId>
    </Item>
    <Item>
      <PriceUpdateDate>2025-09-09 13:20:47</PriceUpdateDate>
      <ItemCode>7290113560444</ItemCode>
      <ItemType>1</ItemType>
      <ItemName>פרודונטקס משחת שיניי</ItemName>
      <ManufacturerName>לא ידוע</ManufacturerName>
      <ManufactureCountry>לא ידוע</ManufactureCountry>
      <ManufacturerItemDescription>פרודונטקס משחת שיניי</ManufacturerItemDescription>
      <UnitQty>לא ידוע</UnitQty>
      <Quantity>75.00</Quantity>
      <UnitOfMeasure>לא ידוע</UnitOfMeasure>
      <bIsWeighted>0</bIsWeighted>
      <QtyInPackage>לא ידוע</QtyInPackage>
      <ItemPrice>36.90</ItemPrice>
      <UnitOfMeasurePrice>0.4920</UnitOfMeasurePrice>
      <AllowDiscount>1</AllowDiscount>
      <ItemStatus>1</ItemStatus>
      <ItemId>251596</ItemId>
    </Item>
    <Item>
      <PriceUpdateDate>2025-08-19 08:21:58</PriceUpdateDate>
      <ItemCode>5200100945194</ItemCode>
      <ItemType>1</ItemType>
      <ItemName>עוגיות זירו וניל עם</ItemName>
      <ManufacturerName>לא ידוע</ManufacturerName>
      <ManufactureCountry>לא ידוע</ManufactureCountry>
      <ManufacturerItemDescription>עוגיות זירו וניל עם</ManufacturerItemDescription>
      <UnitQty>לא ידוע</UnitQty>
      <Quantity>170.00</Quantity>
      <UnitOfMeasure>לא ידוע</UnitOfMeasure>
      <bIsWeighted>0</bIsWeighted>
      <QtyInPackage>לא ידוע</QtyInPackage>
      <ItemPrice>15.90</ItemPrice>
      <UnitOfMeasurePrice>0.0935</UnitOfMeasurePrice>
      <AllowDiscount>1</AllowDiscount>
      <ItemStatus>1</ItemStatus>
      <ItemId>251599</ItemId>
    </Item>
    <Item>
      <PriceUpdateDate>2025-08-19 08:21:57</PriceUpdateDate>
      <ItemCode>5200100944494</ItemCode>
      <ItemType>1</ItemType>
      <ItemName>זירו עוגיות דיגיסטיב</ItemName>
      <ManufacturerName>לא ידוע</ManufacturerName>
      <ManufactureCountry>לא ידוע</ManufactureCountry>
      <ManufacturerItemDescription>זירו עוגיות דיגיסטיב</ManufacturerItemDescription>
      <UnitQty>לא ידוע</UnitQty>
      <Quantity>180.00</Quantity>
      <UnitOfMeasure>לא ידוע</UnitOfMeasure>
      <bIsWeighted>0</bIsWeighted>
      <QtyInPackage>לא ידוע</QtyInPackage>
      <ItemPrice>15.90</ItemPrice>
      <UnitOfMeasurePrice>0.0883</UnitOfMeasurePrice>
      <AllowDiscount>1</AllowDiscount>
      <ItemStatus>1</ItemStatus>
      <ItemId>251601</ItemId>
    </Item>
    <Item>
      <PriceUpdateDate>2025-08-19 08:21:59</PriceUpdateDate>
      <ItemCode>5200100947181</ItemCode>
      <ItemType>1</ItemType>
      <ItemName>זירו עוגיות סנדוויץ</ItemName>
      <ManufacturerName>לא ידוע</ManufacturerName>
      <ManufactureCountry>לא ידוע</ManufactureCountry>
      <ManufacturerItemDescription>זירו עוגיות סנדוויץ</ManufacturerItemDescription>
      <UnitQty>לא ידוע</UnitQty>
      <Quantity>170.00</Quantity>
      <UnitOfMeasure>לא ידוע</UnitOfMeasure>
      <bIsWeighted>0</bIsWeighted>
      <QtyInPackage>לא ידוע</QtyInPackage>
      <ItemPrice>15.90</ItemPrice>
      <UnitOfMeasurePrice>0.0935</UnitOfMeasurePrice>
      <AllowDiscount>1</AllowDiscount>
      <ItemStatus>1</ItemStatus>
      <ItemId>251604</ItemId>
    </Item>
    <Item>
      <PriceUpdateDate>2025-02-24 11:50:26</PriceUpdateDate>
      <ItemCode>7290110461898</ItemCode>
      <ItemType>1</ItemType>
      <ItemName>סט 2 כוסות דאבל  250</ItemName>
      <ManufacturerName>לא ידוע</ManufacturerName>
      <ManufactureCountry>לא ידוע</ManufactureCountry>
      <ManufacturerItemDescription>סט 2 כוסות דאבל  250</ManufacturerItemDescription>
      <UnitQty>יחידה   </UnitQty>
      <Quantity>0.00</Quantity>
      <UnitOfMeasure>יחידה   </UnitOfMeasure>
      <bIsWeighted>0</bIsWeighted>
      <QtyInPackage>לא ידוע</QtyInPackage>
      <ItemPrice>49.90</ItemPrice>
      <UnitOfMeasurePrice>0.0000</UnitOfMeasurePrice>
      <AllowDiscount>1</AllowDiscount>
      <ItemStatus>1</ItemStatus>
      <ItemId>251612</ItemId>
    </Item>
    <Item>
      <PriceUpdateDate>2025-09-08 07:57:58</PriceUpdateDate>
      <ItemCode>7290121162562</ItemCode>
      <ItemType>1</ItemType>
      <ItemName>עגבניות מרוסקות מאסט</ItemName>
      <ManufacturerName>לא ידוע</ManufacturerName>
      <ManufactureCountry>לא ידוע</ManufactureCountry>
      <ManufacturerItemDescription>עגבניות מרוסקות מאסט</ManufacturerItemDescription>
      <UnitQty>לא ידוע</UnitQty>
      <Quantity>800.00</Quantity>
      <UnitOfMeasure>לא ידוע</UnitOfMeasure>
      <bIsWeighted>0</bIsWeighted>
      <QtyInPackage>לא ידוע</QtyInPackage>
      <ItemPrice>13.90</ItemPrice>
      <UnitOfMeasurePrice>0.0174</UnitOfMeasurePrice>
      <AllowDiscount>1</AllowDiscount>
      <ItemStatus>1</ItemStatus>
      <ItemId>251654</ItemId>
    </Item>
    <Item>
      <PriceUpdateDate>2025-08-21 13:13:37</PriceUpdateDate>
      <ItemCode>7290003353873</ItemCode>
      <ItemType>1</ItemType>
      <ItemName>מרגז נקניקיה בטעם מר</ItemName>
      <ManufacturerName>לא ידוע</ManufacturerName>
      <ManufactureCountry>לא ידוע</ManufactureCountry>
      <ManufacturerItemDescription>מרגז נקניקיה בטעם מר</ManufacturerItemDescription>
      <UnitQty>לא ידוע</UnitQty>
      <Quantity>400.00</Quantity>
      <UnitOfMeasure>לא ידוע</UnitOfMeasure>
      <bIsWeighted>0</bIsWeighted>
      <QtyInPackage>לא ידוע</QtyInPackage>
      <ItemPrice>31.90</ItemPrice>
      <UnitOfMeasurePrice>0.0797</UnitOfMeasurePrice>
      <AllowDiscount>1</AllowDiscount>
      <ItemStatus>1</ItemStatus>
      <ItemId>251881</ItemId>
    </Item>
    <Item>
      <PriceUpdateDate>2025-08-21 13:13:38</PriceUpdateDate>
      <ItemCode>7290003353903</ItemCode>
      <ItemType>1</ItemType>
      <ItemName>קבב בטעם רומני 500 ג</ItemName>
      <ManufacturerName>לא ידוע</ManufacturerName>
      <ManufactureCountry>לא ידוע</ManufactureCountry>
      <ManufacturerItemDescription>קבב בטעם רומני 500 ג</ManufacturerItemDescription>
      <UnitQty>לא ידוע</UnitQty>
      <Quantity>500.00</Quantity>
      <UnitOfMeasure>לא ידוע</UnitOfMeasure>
      <bIsWeighted>0</bIsWeighted>
      <QtyInPackage>לא ידוע</QtyInPackage>
      <ItemPrice>31.90</ItemPrice>
      <UnitOfMeasurePrice>0.0638</UnitOfMeasurePrice>
      <AllowDiscount>1</AllowDiscount>
      <ItemStatus>1</ItemStatus>
      <ItemId>251882</ItemId>
    </Item>
    <Item>
      <PriceUpdateDate>2025-08-21 13:13:38</PriceUpdateDate>
      <ItemCode>7290003353910</ItemCode>
      <ItemType>1</ItemType>
      <ItemName>קציצה בטעם מרוקאי 50</ItemName>
      <ManufacturerName>לא ידוע</ManufacturerName>
      <ManufactureCountry>לא ידוע</ManufactureCountry>
      <ManufacturerItemDescription>קציצה בטעם מרוקאי 50</ManufacturerItemDescription>
      <UnitQty>לא ידוע</UnitQty>
      <Quantity>500.00</Quantity>
      <UnitOfMeasure>לא ידוע</UnitOfMeasure>
      <bIsWeighted>0</bIsWeighted>
      <QtyInPackage>לא ידוע</QtyInPackage>
      <ItemPrice>31.90</ItemPrice>
      <UnitOfMeasurePrice>0.0638</UnitOfMeasurePrice>
      <AllowDiscount>1</AllowDiscount>
      <ItemStatus>1</ItemStatus>
      <ItemId>251883</ItemId>
    </Item>
    <Item>
      <PriceUpdateDate>2025-08-21 13:13:38</PriceUpdateDate>
      <ItemCode>7290003353927</ItemCode>
      <ItemType>1</ItemType>
      <ItemName>המבורגר בקר 500 גר ת</ItemName>
      <ManufacturerName>לא ידוע</ManufacturerName>
      <ManufactureCountry>לא ידוע</ManufactureCountry>
      <ManufacturerItemDescription>המבורגר בקר 500 גר ת</ManufacturerItemDescription>
      <UnitQty>לא ידוע</UnitQty>
      <Quantity>500.00</Quantity>
      <UnitOfMeasure>לא ידוע</UnitOfMeasure>
      <bIsWeighted>0</bIsWeighted>
      <QtyInPackage>לא ידוע</QtyInPackage>
      <ItemPrice>31.90</ItemPrice>
      <UnitOfMeasurePrice>0.0638</UnitOfMeasurePrice>
      <AllowDiscount>1</AllowDiscount>
      <ItemStatus>1</ItemStatus>
      <ItemId>251884</ItemId>
    </Item>
    <Item>
      <PriceUpdateDate>2025-08-21 13:13:38</PriceUpdateDate>
      <ItemCode>7290003353934</ItemCode>
      <ItemType>1</ItemType>
      <ItemName>קבב בטעם עיראקי 500</ItemName>
      <ManufacturerName>לא ידוע</ManufacturerName>
      <ManufactureCountry>לא ידוע</ManufactureCountry>
      <ManufacturerItemDescription>קבב בטעם עיראקי 500</ManufacturerItemDescription>
      <UnitQty>לא ידוע</UnitQty>
      <Quantity>500.00</Quantity>
      <UnitOfMeasure>לא ידוע</UnitOfMeasure>
      <bIsWeighted>0</bIsWeighted>
      <QtyInPackage>לא ידוע</QtyInPackage>
      <ItemPrice>31.90</ItemPrice>
      <UnitOfMeasurePrice>0.0638</UnitOfMeasurePrice>
      <AllowDiscount>1</AllowDiscount>
      <ItemStatus>1</ItemStatus>
      <ItemId>251885</ItemId>
    </Item>
    <Item>
      <PriceUpdateDate>2025-08-21 13:56:18</PriceUpdateDate>
      <ItemCode>80798026</ItemCode>
      <ItemType>1</ItemType>
      <ItemName>סוכריות טיק טק טו פט</ItemName>
      <ManufacturerName>לא ידוע</ManufacturerName>
      <ManufactureCountry>לא ידוע</ManufactureCountry>
      <ManufacturerItemDescription>סוכריות טיק טק טו פט</ManufacturerItemDescription>
      <UnitQty>לא ידוע</UnitQty>
      <Quantity>40.00</Quantity>
      <UnitOfMeasure>לא ידוע</UnitOfMeasure>
      <bIsWeighted>0</bIsWeighted>
      <QtyInPackage>לא ידוע</QtyInPackage>
      <ItemPrice>9.90</ItemPrice>
      <UnitOfMeasurePrice>0.2475</UnitOfMeasurePrice>
      <AllowDiscount>1</AllowDiscount>
      <ItemStatus>1</ItemStatus>
      <ItemId>251895</ItemId>
    </Item>
    <Item>
      <PriceUpdateDate>2025-08-21 13:56:17</PriceUpdateDate>
      <ItemCode>80785385</ItemCode>
      <ItemType>1</ItemType>
      <ItemName>סוכריות טיק טק טו מנ</ItemName>
      <ManufacturerName>לא ידוע</ManufacturerName>
      <ManufactureCountry>לא ידוע</ManufactureCountry>
      <ManufacturerItemDescription>סוכריות טיק טק טו מנ</ManufacturerItemDescription>
      <UnitQty>לא ידוע</UnitQty>
      <Quantity>40.00</Quantity>
      <UnitOfMeasure>לא ידוע</UnitOfMeasure>
      <bIsWeighted>0</bIsWeighted>
      <QtyInPackage>לא ידוע</QtyInPackage>
      <ItemPrice>9.90</ItemPrice>
      <UnitOfMeasurePrice>0.2475</UnitOfMeasurePrice>
      <AllowDiscount>1</AllowDiscount>
      <ItemStatus>1</ItemStatus>
      <ItemId>251897</ItemId>
    </Item>
    <Item>
      <PriceUpdateDate>2025-08-31 09:22:50</PriceUpdateDate>
      <ItemCode>7290019398929</ItemCode>
      <ItemType>1</ItemType>
      <ItemName>באזז תות ליים 750 מ"</ItemName>
      <ManufacturerName>קריות זול</ManufacturerName>
      <ManufactureCountry>לא ידוע</ManufactureCountry>
      <ManufacturerItemDescription>באזז תות ליים 750 מ"</ManufacturerItemDescription>
      <UnitQty>לא ידוע</UnitQty>
      <Quantity>750.00</Quantity>
      <UnitOfMeasure>לא ידוע</UnitOfMeasure>
      <bIsWeighted>0</bIsWeighted>
      <QtyInPackage>לא ידוע</QtyInPackage>
      <ItemPrice>31.90</ItemPrice>
      <UnitOfMeasurePrice>0.0425</UnitOfMeasurePrice>
      <AllowDiscount>1</AllowDiscount>
      <ItemStatus>1</ItemStatus>
      <ItemId>251902</ItemId>
    </Item>
    <Item>
      <PriceUpdateDate>2025-11-02 11:35:56</PriceUpdateDate>
      <ItemCode>4820075505523</ItemCode>
      <ItemType>1</ItemType>
      <ItemName>מילניום שוקולד לבן א</ItemName>
      <ManufacturerName>לא ידוע</ManufacturerName>
      <ManufactureCountry>לא ידוע</ManufactureCountry>
      <ManufacturerItemDescription>מילניום שוקולד לבן א</ManufacturerItemDescription>
      <UnitQty>לא ידוע</UnitQty>
      <Quantity>90.00</Quantity>
      <UnitOfMeasure>לא ידוע</UnitOfMeasure>
      <bIsWeighted>0</bIsWeighted>
      <QtyInPackage>לא ידוע</QtyInPackage>
      <ItemPrice>9.90</ItemPrice>
      <UnitOfMeasurePrice>0.1100</UnitOfMeasurePrice>
      <AllowDiscount>1</AllowDiscount>
      <ItemStatus>1</ItemStatus>
      <ItemId>251923</ItemId>
    </Item>
    <Item>
      <PriceUpdateDate>2025-09-04 13:47:31</PriceUpdateDate>
      <ItemCode>8718951644021</ItemCode>
      <ItemType>1</ItemType>
      <ItemName>אגקס טריגר מוס מולטי</ItemName>
      <ManufacturerName>לא ידוע</ManufacturerName>
      <ManufactureCountry>לא ידוע</ManufactureCountry>
      <ManufacturerItemDescription>אגקס טריגר מוס מולטי</ManufacturerItemDescription>
      <UnitQty>לא ידוע</UnitQty>
      <Quantity>500.00</Quantity>
      <UnitOfMeasure>לא ידוע</UnitOfMeasure>
      <bIsWeighted>0</bIsWeighted>
      <QtyInPackage>לא ידוע</QtyInPackage>
      <ItemPrice>17.90</ItemPrice>
      <UnitOfMeasurePrice>0.0358</UnitOfMeasurePrice>
      <AllowDiscount>1</AllowDiscount>
      <ItemStatus>1</ItemStatus>
      <ItemId>251963</ItemId>
    </Item>
    <Item>
      <PriceUpdateDate>2025-10-16 13:50:26</PriceUpdateDate>
      <ItemCode>8700216800778</ItemCode>
      <ItemType>1</ItemType>
      <ItemName>תחבושות אולוויז דואו</ItemName>
      <ManufacturerName>לא ידוע</ManufacturerName>
      <ManufactureCountry>לא ידוע</ManufactureCountry>
      <ManufacturerItemDescription>תחבושות אולוויז דואו</ManufacturerItemDescription>
      <UnitQty>יחידה   </UnitQty>
      <Quantity>0.00</Quantity>
      <UnitOfMeasure>יחידה   </UnitOfMeasure>
      <bIsWeighted>0</bIsWeighted>
      <QtyInPackage>לא ידוע</QtyInPackage>
      <ItemPrice>22.90</ItemPrice>
      <UnitOfMeasurePrice>0.0000</UnitOfMeasurePrice>
      <AllowDiscount>1</AllowDiscount>
      <ItemStatus>1</ItemStatus>
      <ItemId>256102</ItemId>
    </Item>
    <Item>
      <PriceUpdateDate>2025-08-19 11:47:19</PriceUpdateDate>
      <ItemCode>3600524163099</ItemCode>
      <ItemType>1</ItemType>
      <ItemName>אלביב שמפו משקם לשיע</ItemName>
      <ManufacturerName>לא ידוע</ManufacturerName>
      <ManufactureCountry>לא ידוע</ManufactureCountry>
      <ManufacturerItemDescription>אלביב שמפו משקם לשיע</ManufacturerItemDescription>
      <UnitQty>לא ידוע</UnitQty>
      <Quantity>500.00</Quantity>
      <UnitOfMeasure>לא ידוע</UnitOfMeasure>
      <bIsWeighted>0</bIsWeighted>
      <QtyInPackage>לא ידוע</QtyInPackage>
      <ItemPrice>20.90</ItemPrice>
      <UnitOfMeasurePrice>0.0418</UnitOfMeasurePrice>
      <AllowDiscount>1</AllowDiscount>
      <ItemStatus>1</ItemStatus>
      <ItemId>252009</ItemId>
    </Item>
    <Item>
      <PriceUpdateDate>2025-08-19 11:47:25</PriceUpdateDate>
      <ItemCode>3600524167097</ItemCode>
      <ItemType>1</ItemType>
      <ItemName>אלביב שמפו מטפח לשיע</ItemName>
      <ManufacturerName>לא ידוע</ManufacturerName>
      <ManufactureCountry>לא ידוע</ManufactureCountry>
      <ManufacturerItemDescription>אלביב שמפו מטפח לשיע</ManufacturerItemDescription>
      <UnitQty>לא ידוע</UnitQty>
      <Quantity>500.00</Quantity>
      <UnitOfMeasure>לא ידוע</UnitOfMeasure>
      <bIsWeighted>0</bIsWeighted>
      <QtyInPackage>לא ידוע</QtyInPackage>
      <ItemPrice>20.90</ItemPrice>
      <UnitOfMeasurePrice>0.0418</UnitOfMeasurePrice>
      <AllowDiscount>1</AllowDiscount>
      <ItemStatus>1</ItemStatus>
      <ItemId>252013</ItemId>
    </Item>
    <Item>
      <PriceUpdateDate>2025-03-06 15:20:24</PriceUpdateDate>
      <ItemCode>7290018182307</ItemCode>
      <ItemType>1</ItemType>
      <ItemName>לה בל מקלוני נייר לב</ItemName>
      <ManufacturerName>לא ידוע</ManufacturerName>
      <ManufactureCountry>לא ידוע</ManufactureCountry>
      <ManufacturerItemDescription>לה בל מקלוני נייר לב</ManufacturerItemDescription>
      <UnitQty>יחידה   </UnitQty>
      <Quantity>0.00</Quantity>
      <UnitOfMeasure>יחידה   </UnitOfMeasure>
      <bIsWeighted>0</bIsWeighted>
      <QtyInPackage>לא ידוע</QtyInPackage>
      <ItemPrice>9.90</ItemPrice>
      <UnitOfMeasurePrice>0.0000</UnitOfMeasurePrice>
      <AllowDiscount>1</AllowDiscount>
      <ItemStatus>1</ItemStatus>
      <ItemId>252021</ItemId>
    </Item>
    <Item>
      <PriceUpdateDate>2025-03-06 15:35:24</PriceUpdateDate>
      <ItemCode>4987176179173</ItemCode>
      <ItemType>1</ItemType>
      <ItemName>VENUS סכין גילוח רב</ItemName>
      <ManufacturerName>לא ידוע</ManufacturerName>
      <ManufactureCountry>לא ידוע</ManufactureCountry>
      <ManufacturerItemDescription>VENUS סכין גילוח רב</ManufacturerItemDescription>
      <UnitQty>יחידה   </UnitQty>
      <Quantity>0.00</Quantity>
      <UnitOfMeasure>יחידה   </UnitOfMeasure>
      <bIsWeighted>0</bIsWeighted>
      <QtyInPackage>לא ידוע</QtyInPackage>
      <ItemPrice>44.90</ItemPrice>
      <UnitOfMeasurePrice>0.0000</UnitOfMeasurePrice>
      <AllowDiscount>1</AllowDiscount>
      <ItemStatus>1</ItemStatus>
      <ItemId>252025</ItemId>
    </Item>
    <Item>
      <PriceUpdateDate>2025-03-06 15:35:24</PriceUpdateDate>
      <ItemCode>5907609338105</ItemCode>
      <ItemType>1</ItemType>
      <ItemName>אלביב קרם אינטסיבי י</ItemName>
      <ManufacturerName>לא ידוע</ManufacturerName>
      <ManufactureCountry>לא ידוע</ManufactureCountry>
      <ManufacturerItemDescription>אלביב קרם אינטסיבי י</ManufacturerItemDescription>
      <UnitQty>לא ידוע</UnitQty>
      <Quantity>200.00</Quantity>
      <UnitOfMeasure>לא ידוע</UnitOfMeasure>
      <bIsWeighted>0</bIsWeighted>
      <QtyInPackage>לא ידוע</QtyInPackage>
      <ItemPrice>14.90</ItemPrice>
      <UnitOfMeasurePrice>0.0745</UnitOfMeasurePrice>
      <AllowDiscount>1</AllowDiscount>
      <ItemStatus>1</ItemStatus>
      <ItemId>252030</ItemId>
    </Item>
    <Item>
      <PriceUpdateDate>2025-03-06 15:35:24</PriceUpdateDate>
      <ItemCode>7290014648661</ItemCode>
      <ItemType>1</ItemType>
      <ItemName>לה בל מקלוני אוזניים</ItemName>
      <ManufacturerName>לא ידוע</ManufacturerName>
      <ManufactureCountry>לא ידוע</ManufactureCountry>
      <ManufacturerItemDescription>לה בל מקלוני אוזניים</ManufacturerItemDescription>
      <UnitQty>יחידה   </UnitQty>
      <Quantity>0.00</Quantity>
      <UnitOfMeasure>יחידה   </UnitOfMeasure>
      <bIsWeighted>0</bIsWeighted>
      <QtyInPackage>לא ידוע</QtyInPackage>
      <ItemPrice>4.90</ItemPrice>
      <UnitOfMeasurePrice>0.0000</UnitOfMeasurePrice>
      <AllowDiscount>1</AllowDiscount>
      <ItemStatus>1</ItemStatus>
      <ItemId>252032</ItemId>
    </Item>
    <Item>
      <PriceUpdateDate>2025-09-08 08:00:58</PriceUpdateDate>
      <ItemCode>7702018500031</ItemCode>
      <ItemType>1</ItemType>
      <ItemName>ג'ילט מכשיר סנסטיב +</ItemName>
      <ManufacturerName>לא ידוע</ManufacturerName>
      <ManufactureCountry>לא ידוע</ManufactureCountry>
      <ManufacturerItemDescription>ג'ילט מכשיר סנסטיב +</ManufacturerItemDescription>
      <UnitQty>יחידה   </UnitQty>
      <Quantity>0.00</Quantity>
      <UnitOfMeasure>יחידה   </UnitOfMeasure>
      <bIsWeighted>0</bIsWeighted>
      <QtyInPackage>לא ידוע</QtyInPackage>
      <ItemPrice>41.90</ItemPrice>
      <UnitOfMeasurePrice>0.0000</UnitOfMeasurePrice>
      <AllowDiscount>1</AllowDiscount>
      <ItemStatus>1</ItemStatus>
      <ItemId>252044</ItemId>
    </Item>
    <Item>
      <PriceUpdateDate>2025-09-03 07:19:53</PriceUpdateDate>
      <ItemCode>7290019816928</ItemCode>
      <ItemType>1</ItemType>
      <ItemName>מאגדת מיני מילקה קרמ</ItemName>
      <ManufacturerName>לא ידוע</ManufacturerName>
      <ManufactureCountry>לא ידוע</ManufactureCountry>
      <ManufacturerItemDescription>מאגדת מיני מילקה קרמ</ManufacturerItemDescription>
      <UnitQty>לא ידוע</UnitQty>
      <Quantity>207.00</Quantity>
      <UnitOfMeasure>לא ידוע</UnitOfMeasure>
      <bIsWeighted>0</bIsWeighted>
      <QtyInPackage>לא ידוע</QtyInPackage>
      <ItemPrice>30.90</ItemPrice>
      <UnitOfMeasurePrice>0.1493</UnitOfMeasurePrice>
      <AllowDiscount>1</AllowDiscount>
      <ItemStatus>1</ItemStatus>
      <ItemId>252079</ItemId>
    </Item>
    <Item>
      <PriceUpdateDate>2025-08-20 09:29:53</PriceUpdateDate>
      <ItemCode>5900102025909</ItemCode>
      <ItemType>1</ItemType>
      <ItemName>WAWEL שוקולד חלב ללא</ItemName>
      <ManufacturerName>לא ידוע</ManufacturerName>
      <ManufactureCountry>לא ידוע</ManufactureCountry>
      <ManufacturerItemDescription>WAWEL שוקולד חלב ללא</ManufacturerItemDescription>
      <UnitQty>לא ידוע</UnitQty>
      <Quantity>90.00</Quantity>
      <UnitOfMeasure>לא ידוע</UnitOfMeasure>
      <bIsWeighted>0</bIsWeighted>
      <QtyInPackage>לא ידוע</QtyInPackage>
      <ItemPrice>14.90</ItemPrice>
      <UnitOfMeasurePrice>0.1656</UnitOfMeasurePrice>
      <AllowDiscount>1</AllowDiscount>
      <ItemStatus>1</ItemStatus>
      <ItemId>252080</ItemId>
    </Item>
    <Item>
      <PriceUpdateDate>2025-08-20 13:21:21</PriceUpdateDate>
      <ItemCode>7290002771357</ItemCode>
      <ItemType>1</ItemType>
      <ItemName>קפה  קלוי וטחון עם ה</ItemName>
      <ManufacturerName>קריות זול</ManufacturerName>
      <ManufactureCountry>לא ידוע</ManufactureCountry>
      <ManufacturerItemDescription>קפה  קלוי וטחון עם ה</ManufacturerItemDescription>
      <UnitQty>לא ידוע</UnitQty>
      <Quantity>200.00</Quantity>
      <UnitOfMeasure>לא ידוע</UnitOfMeasure>
      <bIsWeighted>0</bIsWeighted>
      <QtyInPackage>לא ידוע</QtyInPackage>
      <ItemPrice>20.90</ItemPrice>
      <UnitOfMeasurePrice>0.1045</UnitOfMeasurePrice>
      <AllowDiscount>1</AllowDiscount>
      <ItemStatus>1</ItemStatus>
      <ItemId>252090</ItemId>
    </Item>
    <Item>
      <PriceUpdateDate>2025-03-12 12:50:23</PriceUpdateDate>
      <ItemCode>7290116537214</ItemCode>
      <ItemType>1</ItemType>
      <ItemName>בדין אקסטרה מרכך כבי</ItemName>
      <ManufacturerName>לא ידוע</ManufacturerName>
      <ManufactureCountry>לא ידוע</ManufactureCountry>
      <ManufacturerItemDescription>בדין אקסטרה מרכך כבי</ManufacturerItemDescription>
      <UnitQty>לא ידוע</UnitQty>
      <Quantity>960.00</Quantity>
      <UnitOfMeasure>לא ידוע</UnitOfMeasure>
      <bIsWeighted>0</bIsWeighted>
      <QtyInPackage>לא ידוע</QtyInPackage>
      <ItemPrice>19.90</ItemPrice>
      <UnitOfMeasurePrice>0.0207</UnitOfMeasurePrice>
      <AllowDiscount>1</AllowDiscount>
      <ItemStatus>1</ItemStatus>
      <ItemId>252110</ItemId>
    </Item>
    <Item>
      <PriceUpdateDate>2025-09-03 11:29:11</PriceUpdateDate>
      <ItemCode>8720181673603</ItemCode>
      <ItemType>1</ItemType>
      <ItemName>סיף ג'ל אקנומיקה מרו</ItemName>
      <ManufacturerName>לא ידוע</ManufacturerName>
      <ManufactureCountry>לא ידוע</ManufactureCountry>
      <ManufacturerItemDescription>סיף ג'ל אקנומיקה מרו</ManufacturerItemDescription>
      <UnitQty>לא ידוע</UnitQty>
      <Quantity>750.00</Quantity>
      <UnitOfMeasure>לא ידוע</UnitOfMeasure>
      <bIsWeighted>0</bIsWeighted>
      <QtyInPackage>לא ידוע</QtyInPackage>
      <ItemPrice>17.90</ItemPrice>
      <UnitOfMeasurePrice>0.0239</UnitOfMeasurePrice>
      <AllowDiscount>1</AllowDiscount>
      <ItemStatus>1</ItemStatus>
      <ItemId>252114</ItemId>
    </Item>
    <Item>
      <PriceUpdateDate>2025-09-03 11:29:09</PriceUpdateDate>
      <ItemCode>8720181291869</ItemCode>
      <ItemType>1</ItemType>
      <ItemName>דאב ספריי טלקו 150מל</ItemName>
      <ManufacturerName>לא ידוע</ManufacturerName>
      <ManufactureCountry>לא ידוע</ManufactureCountry>
      <ManufacturerItemDescription>דאב ספריי טלקו 150מל</ManufacturerItemDescription>
      <UnitQty>לא ידוע</UnitQty>
      <Quantity>150.00</Quantity>
      <UnitOfMeasure>לא ידוע</UnitOfMeasure>
      <bIsWeighted>0</bIsWeighted>
      <QtyInPackage>לא ידוע</QtyInPackage>
      <ItemPrice>18.90</ItemPrice>
      <UnitOfMeasurePrice>0.1260</UnitOfMeasurePrice>
      <AllowDiscount>1</AllowDiscount>
      <ItemStatus>1</ItemStatus>
      <ItemId>252115</ItemId>
    </Item>
    <Item>
      <PriceUpdateDate>2025-09-08 08:00:32</PriceUpdateDate>
      <ItemCode>8006540865781</ItemCode>
      <ItemType>1</ItemType>
      <ItemName>לנור מרכך מרוכז רגיש</ItemName>
      <ManufacturerName>לא ידוע</ManufacturerName>
      <ManufactureCountry>לא ידוע</ManufactureCountry>
      <ManufacturerItemDescription>לנור מרכך מרוכז רגיש</ManufacturerItemDescription>
      <UnitQty>לא ידוע</UnitQty>
      <Quantity>819.00</Quantity>
      <UnitOfMeasure>לא ידוע</UnitOfMeasure>
      <bIsWeighted>0</bIsWeighted>
      <QtyInPackage>לא ידוע</QtyInPackage>
      <ItemPrice>17.90</ItemPrice>
      <UnitOfMeasurePrice>0.0219</UnitOfMeasurePrice>
      <AllowDiscount>1</AllowDiscount>
      <ItemStatus>1</ItemStatus>
      <ItemId>252123</ItemId>
    </Item>
    <Item>
      <PriceUpdateDate>2025-09-08 08:00:32</PriceUpdateDate>
      <ItemCode>8006540888346</ItemCode>
      <ItemType>1</ItemType>
      <ItemName>לנור מרכך מרוכז בניח</ItemName>
      <ManufacturerName>לא ידוע</ManufacturerName>
      <ManufactureCountry>לא ידוע</ManufactureCountry>
      <ManufacturerItemDescription>לנור מרכך מרוכז בניח</ManufacturerItemDescription>
      <UnitQty>לא ידוע</UnitQty>
      <Quantity>798.00</Quantity>
      <UnitOfMeasure>לא ידוע</UnitOfMeasure>
      <bIsWeighted>0</bIsWeighted>
      <QtyInPackage>לא ידוע</QtyInPackage>
      <ItemPrice>17.90</ItemPrice>
      <UnitOfMeasurePrice>0.0224</UnitOfMeasurePrice>
      <AllowDiscount>1</AllowDiscount>
      <ItemStatus>1</ItemStatus>
      <ItemId>252125</ItemId>
    </Item>
    <Item>
      <PriceUpdateDate>2025-09-04 07:48:26</PriceUpdateDate>
      <ItemCode>7290019790167</ItemCode>
      <ItemType>1</ItemType>
      <ItemName>משקה חלב מיוחד לקפה</ItemName>
      <ManufacturerName>לא ידוע</ManufacturerName>
      <ManufactureCountry>לא ידוע</ManufactureCountry>
      <ManufacturerItemDescription>משקה חלב מיוחד לקפה</ManufacturerItemDescription>
      <UnitQty>לא ידוע</UnitQty>
      <Quantity>1000.00</Quantity>
      <UnitOfMeasure>לא ידוע</UnitOfMeasure>
      <bIsWeighted>0</bIsWeighted>
      <QtyInPackage>לא ידוע</QtyInPackage>
      <ItemPrice>10.50</ItemPrice>
      <UnitOfMeasurePrice>0.0105</UnitOfMeasurePrice>
      <AllowDiscount>1</AllowDiscount>
      <ItemStatus>1</ItemStatus>
      <ItemId>252156</ItemId>
    </Item>
    <Item>
      <PriceUpdateDate>2025-09-03 11:51:08</PriceUpdateDate>
      <ItemCode>7290019790174</ItemCode>
      <ItemType>1</ItemType>
      <ItemName>משקה חלב עם קקאו 1.5</ItemName>
      <ManufacturerName>לא ידוע</ManufacturerName>
      <ManufactureCountry>לא ידוע</ManufactureCountry>
      <ManufacturerItemDescription>משקה חלב עם קקאו 1.5</ManufacturerItemDescription>
      <UnitQty>לא ידוע</UnitQty>
      <Quantity>1000.00</Quantity>
      <UnitOfMeasure>לא ידוע</UnitOfMeasure>
      <bIsWeighted>0</bIsWeighted>
      <QtyInPackage>לא ידוע</QtyInPackage>
      <ItemPrice>15.90</ItemPrice>
      <UnitOfMeasurePrice>0.0159</UnitOfMeasurePrice>
      <AllowDiscount>1</AllowDiscount>
      <ItemStatus>1</ItemStatus>
      <ItemId>252157</ItemId>
    </Item>
    <Item>
      <PriceUpdateDate>2025-09-03 11:44:31</PriceUpdateDate>
      <ItemCode>7290019790310</ItemCode>
      <ItemType>1</ItemType>
      <ItemName>חלומי 24% 200 גרם</ItemName>
      <ManufacturerName>לא ידוע</ManufacturerName>
      <ManufactureCountry>לא ידוע</ManufactureCountry>
      <ManufacturerItemDescription>חלומי 24% 200 גרם</ManufacturerItemDescription>
      <UnitQty>לא ידוע</UnitQty>
      <Quantity>200.00</Quantity>
      <UnitOfMeasure>לא ידוע</UnitOfMeasure>
      <bIsWeighted>0</bIsWeighted>
      <QtyInPackage>לא ידוע</QtyInPackage>
      <ItemPrice>25.90</ItemPrice>
      <UnitOfMeasurePrice>0.1295</UnitOfMeasurePrice>
      <AllowDiscount>1</AllowDiscount>
      <ItemStatus>1</ItemStatus>
      <ItemId>252161</ItemId>
    </Item>
    <Item>
      <PriceUpdateDate>2025-09-04 07:48:28</PriceUpdateDate>
      <ItemCode>7290019790808</ItemCode>
      <ItemType>1</ItemType>
      <ItemName>פטה עיזים 16% 250 גר</ItemName>
      <ManufacturerName>לא ידוע</ManufacturerName>
      <ManufactureCountry>לא ידוע</ManufactureCountry>
      <ManufacturerItemDescription>פטה עיזים 16% 250 גר</ManufacturerItemDescription>
      <UnitQty>לא ידוע</UnitQty>
      <Quantity>250.00</Quantity>
      <UnitOfMeasure>לא ידוע</UnitOfMeasure>
      <bIsWeighted>0</bIsWeighted>
      <QtyInPackage>לא ידוע</QtyInPackage>
      <ItemPrice>35.90</ItemPrice>
      <UnitOfMeasurePrice>0.1436</UnitOfMeasurePrice>
      <AllowDiscount>1</AllowDiscount>
      <ItemStatus>1</ItemStatus>
      <ItemId>252162</ItemId>
    </Item>
    <Item>
      <PriceUpdateDate>2025-03-17 15:05:27</PriceUpdateDate>
      <ItemCode>7290101114635</ItemCode>
      <ItemType>1</ItemType>
      <ItemName>מאגדת רביעיה גרניטה</ItemName>
      <ManufacturerName>לא ידוע</ManufacturerName>
      <ManufactureCountry>לא ידוע</ManufactureCountry>
      <ManufacturerItemDescription>מאגדת רביעיה גרניטה</ManufacturerItemDescription>
      <UnitQty>יחידה   </UnitQty>
      <Quantity>0.00</Quantity>
      <UnitOfMeasure>יחידה   </UnitOfMeasure>
      <bIsWeighted>0</bIsWeighted>
      <QtyInPackage>לא ידוע</QtyInPackage>
      <ItemPrice>10.00</ItemPrice>
      <UnitOfMeasurePrice>0.0000</UnitOfMeasurePrice>
      <AllowDiscount>1</AllowDiscount>
      <ItemStatus>1</ItemStatus>
      <ItemId>252168</ItemId>
    </Item>
    <Item>
      <PriceUpdateDate>2025-08-21 13:13:47</PriceUpdateDate>
      <ItemCode>7290005230042</ItemCode>
      <ItemType>1</ItemType>
      <ItemName>צלחות קטנות 50יח פאל</ItemName>
      <ManufacturerName>קריות זול</ManufacturerName>
      <ManufactureCountry>לא ידוע</ManufactureCountry>
      <ManufacturerItemDescription>צלחות קטנות 50יח פאל</ManufacturerItemDescription>
      <UnitQty>יחידה   </UnitQty>
      <Quantity>0.00</Quantity>
      <UnitOfMeasure>יחידה   </UnitOfMeasure>
      <bIsWeighted>0</bIsWeighted>
      <QtyInPackage>לא ידוע</QtyInPackage>
      <ItemPrice>8.50</ItemPrice>
      <UnitOfMeasurePrice>0.0000</UnitOfMeasurePrice>
      <AllowDiscount>1</AllowDiscount>
      <ItemStatus>1</ItemStatus>
      <ItemId>252711</ItemId>
    </Item>
    <Item>
      <PriceUpdateDate>2025-08-21 13:13:48</PriceUpdateDate>
      <ItemCode>7290005230769</ItemCode>
      <ItemType>1</ItemType>
      <ItemName>צלחת גדולה 50 יח' פא</ItemName>
      <ManufacturerName>קריות זול</ManufacturerName>
      <ManufactureCountry>לא ידוע</ManufactureCountry>
      <ManufacturerItemDescription>צלחת גדולה 50 יח' פא</ManufacturerItemDescription>
      <UnitQty>יחידה   </UnitQty>
      <Quantity>0.00</Quantity>
      <UnitOfMeasure>יחידה   </UnitOfMeasure>
      <bIsWeighted>0</bIsWeighted>
      <QtyInPackage>לא ידוע</QtyInPackage>
      <ItemPrice>10.90</ItemPrice>
      <UnitOfMeasurePrice>0.0000</UnitOfMeasurePrice>
      <AllowDiscount>1</AllowDiscount>
      <ItemStatus>1</ItemStatus>
      <ItemId>252712</ItemId>
    </Item>
    <Item>
      <PriceUpdateDate>2025-08-18 09:17:47</PriceUpdateDate>
      <ItemCode>7290002370123</ItemCode>
      <ItemType>1</ItemType>
      <ItemName>גביננת עיזים רכה 29%</ItemName>
      <ManufacturerName>לא ידוע</ManufacturerName>
      <ManufactureCountry>ספרד</ManufactureCountry>
      <ManufacturerItemDescription>גביננת עיזים רכה 29%</ManufacturerItemDescription>
      <UnitQty>קילוגרמים</UnitQty>
      <Quantity>1.00</Quantity>
      <UnitOfMeasure>ק"ג</UnitOfMeasure>
      <bIsWeighted>1</bIsWeighted>
      <QtyInPackage>לא ידוע</QtyInPackage>
      <ItemPrice>140.00</ItemPrice>
      <UnitOfMeasurePrice>140.0000</UnitOfMeasurePrice>
      <AllowDiscount>1</AllowDiscount>
      <ItemStatus>1</ItemStatus>
      <ItemId>252714</ItemId>
    </Item>
    <Item>
      <PriceUpdateDate>2025-08-19 08:35:21</PriceUpdateDate>
      <ItemCode>25675120037</ItemCode>
      <ItemType>1</ItemType>
      <ItemName>מקלות חמוציות 100 גר</ItemName>
      <ManufacturerName>לא ידוע</ManufacturerName>
      <ManufactureCountry>לא ידוע</ManufactureCountry>
      <ManufacturerItemDescription>מקלות חמוציות 100 גר</ManufacturerItemDescription>
      <UnitQty>לא ידוע</UnitQty>
      <Quantity>100.00</Quantity>
      <UnitOfMeasure>לא ידוע</UnitOfMeasure>
      <bIsWeighted>0</bIsWeighted>
      <QtyInPackage>לא ידוע</QtyInPackage>
      <ItemPrice>13.90</ItemPrice>
      <UnitOfMeasurePrice>0.1390</UnitOfMeasurePrice>
      <AllowDiscount>1</AllowDiscount>
      <ItemStatus>1</ItemStatus>
      <ItemId>253063</ItemId>
    </Item>
    <Item>
      <PriceUpdateDate>2025-09-08 08:00:35</PriceUpdateDate>
      <ItemCode>8690784614665</ItemCode>
      <ItemType>1</ItemType>
      <ItemName>ט.דאק סבון אסלה ים 3</ItemName>
      <ManufacturerName>לא ידוע</ManufacturerName>
      <ManufactureCountry>לא ידוע</ManufactureCountry>
      <ManufacturerItemDescription>ט.דאק סבון אסלה ים 3</ManufacturerItemDescription>
      <UnitQty>יחידה   </UnitQty>
      <Quantity>0.00</Quantity>
      <UnitOfMeasure>יחידה   </UnitOfMeasure>
      <bIsWeighted>0</bIsWeighted>
      <QtyInPackage>לא ידוע</QtyInPackage>
      <ItemPrice>11.90</ItemPrice>
      <UnitOfMeasurePrice>0.0000</UnitOfMeasurePrice>
      <AllowDiscount>1</AllowDiscount>
      <ItemStatus>1</ItemStatus>
      <ItemId>253213</ItemId>
    </Item>
    <Item>
      <PriceUpdateDate>2025-03-22 09:53:40</PriceUpdateDate>
      <ItemCode>7290002332329</ItemCode>
      <ItemType>1</ItemType>
      <ItemName>פילה סלמון טרי ארוז</ItemName>
      <ManufacturerName>לא ידוע</ManufacturerName>
      <ManufactureCountry>לא ידוע</ManufactureCountry>
      <ManufacturerItemDescription>פילה סלמון טרי ארוז</ManufacturerItemDescription>
      <UnitQty>קילוגרמים</UnitQty>
      <Quantity>1.00</Quantity>
      <UnitOfMeasure>ק"ג</UnitOfMeasure>
      <bIsWeighted>1</bIsWeighted>
      <QtyInPackage>לא ידוע</QtyInPackage>
      <ItemPrice>129.90</ItemPrice>
      <UnitOfMeasurePrice>129.9000</UnitOfMeasurePrice>
      <AllowDiscount>1</AllowDiscount>
      <ItemStatus>1</ItemStatus>
      <ItemId>253285</ItemId>
    </Item>
    <Item>
      <PriceUpdateDate>2025-11-10 13:28:00</PriceUpdateDate>
      <ItemCode>7290013144614</ItemCode>
      <ItemType>1</ItemType>
      <ItemName>סירופ מייפל אמיתי 10</ItemName>
      <ManufacturerName>לא ידוע</ManufacturerName>
      <ManufactureCountry>לא ידוע</ManufactureCountry>
      <ManufacturerItemDescription>סירופ מייפל אמיתי 10</ManufacturerItemDescription>
      <UnitQty>לא ידוע</UnitQty>
      <Quantity>236.00</Quantity>
      <UnitOfMeasure>לא ידוע</UnitOfMeasure>
      <bIsWeighted>0</bIsWeighted>
      <QtyInPackage>לא ידוע</QtyInPackage>
      <ItemPrice>36.90</ItemPrice>
      <UnitOfMeasurePrice>0.1564</UnitOfMeasurePrice>
      <AllowDiscount>1</AllowDiscount>
      <ItemStatus>1</ItemStatus>
      <ItemId>253361</ItemId>
    </Item>
    <Item>
      <PriceUpdateDate>2025-08-25 13:16:44</PriceUpdateDate>
      <ItemCode>7290000529509</ItemCode>
      <ItemType>1</ItemType>
      <ItemName>תה עדנים ארל גריי 25</ItemName>
      <ManufacturerName>לא ידוע</ManufacturerName>
      <ManufactureCountry>לא ידוע</ManufactureCountry>
      <ManufacturerItemDescription>תה עדנים ארל גריי 25</ManufacturerItemDescription>
      <UnitQty>לא ידוע</UnitQty>
      <Quantity>0.00</Quantity>
      <UnitOfMeasure>לא ידוע</UnitOfMeasure>
      <bIsWeighted>0</bIsWeighted>
      <QtyInPackage>לא ידוע</QtyInPackage>
      <ItemPrice>18.90</ItemPrice>
      <UnitOfMeasurePrice>0.0000</UnitOfMeasurePrice>
      <AllowDiscount>1</AllowDiscount>
      <ItemStatus>1</ItemStatus>
      <ItemId>253987</ItemId>
    </Item>
    <Item>
      <PriceUpdateDate>2025-09-04 10:27:42</PriceUpdateDate>
      <ItemCode>7290020238351</ItemCode>
      <ItemType>1</ItemType>
      <ItemName>שעועית מעורבת מובחרת</ItemName>
      <ManufacturerName>לא ידוע</ManufacturerName>
      <ManufactureCountry>לא ידוע</ManufactureCountry>
      <ManufacturerItemDescription>שעועית מעורבת מובחרת</ManufacturerItemDescription>
      <UnitQty>לא ידוע</UnitQty>
      <Quantity>500.00</Quantity>
      <UnitOfMeasure>לא ידוע</UnitOfMeasure>
      <bIsWeighted>0</bIsWeighted>
      <QtyInPackage>לא ידוע</QtyInPackage>
      <ItemPrice>12.90</ItemPrice>
      <UnitOfMeasurePrice>0.0258</UnitOfMeasurePrice>
      <AllowDiscount>1</AllowDiscount>
      <ItemStatus>1</ItemStatus>
      <ItemId>253839</ItemId>
    </Item>
    <Item>
      <PriceUpdateDate>2025-03-25 09:35:39</PriceUpdateDate>
      <ItemCode>7290120667464</ItemCode>
      <ItemType>1</ItemType>
      <ItemName>כוס תרמית עם ידית אח</ItemName>
      <ManufacturerName>לא ידוע</ManufacturerName>
      <ManufactureCountry>לא ידוע</ManufactureCountry>
      <ManufacturerItemDescription>כוס תרמית עם ידית אח</ManufacturerItemDescription>
      <UnitQty>יחידה   </UnitQty>
      <Quantity>0.00</Quantity>
      <UnitOfMeasure>יחידה   </UnitOfMeasure>
      <bIsWeighted>0</bIsWeighted>
      <QtyInPackage>לא ידוע</QtyInPackage>
      <ItemPrice>39.90</ItemPrice>
      <UnitOfMeasurePrice>0.0000</UnitOfMeasurePrice>
      <AllowDiscount>1</AllowDiscount>
      <ItemStatus>1</ItemStatus>
      <ItemId>253854</ItemId>
    </Item>
    <Item>
      <PriceUpdateDate>2025-08-22 11:43:24</PriceUpdateDate>
      <ItemCode>3355991005129</ItemCode>
      <ItemType>1</ItemType>
      <ItemName>סילבר סנט בודי ספריי</ItemName>
      <ManufacturerName>לא ידוע</ManufacturerName>
      <ManufactureCountry>לא ידוע</ManufactureCountry>
      <ManufacturerItemDescription>סילבר סנט בודי ספריי</ManufacturerItemDescription>
      <UnitQty>לא ידוע</UnitQty>
      <Quantity>200.00</Quantity>
      <UnitOfMeasure>לא ידוע</UnitOfMeasure>
      <bIsWeighted>0</bIsWeighted>
      <QtyInPackage>לא ידוע</QtyInPackage>
      <ItemPrice>32.90</ItemPrice>
      <UnitOfMeasurePrice>0.1645</UnitOfMeasurePrice>
      <AllowDiscount>1</AllowDiscount>
      <ItemStatus>1</ItemStatus>
      <ItemId>253875</ItemId>
    </Item>
    <Item>
      <PriceUpdateDate>2025-11-03 12:50:26</PriceUpdateDate>
      <ItemCode>8935001729228</ItemCode>
      <ItemType>1</ItemType>
      <ItemName>מסטיק מנטוס פיור פרש</ItemName>
      <ManufacturerName>לא ידוע</ManufacturerName>
      <ManufactureCountry>לא ידוע</ManufactureCountry>
      <ManufacturerItemDescription>מסטיק מנטוס פיור פרש</ManufacturerItemDescription>
      <UnitQty>לא ידוע</UnitQty>
      <Quantity>60.00</Quantity>
      <UnitOfMeasure>לא ידוע</UnitOfMeasure>
      <bIsWeighted>0</bIsWeighted>
      <QtyInPackage>לא ידוע</QtyInPackage>
      <ItemPrice>13.90</ItemPrice>
      <UnitOfMeasurePrice>0.2317</UnitOfMeasurePrice>
      <AllowDiscount>1</AllowDiscount>
      <ItemStatus>1</ItemStatus>
      <ItemId>256308</ItemId>
    </Item>
    <Item>
      <PriceUpdateDate>2025-08-31 08:46:16</PriceUpdateDate>
      <ItemCode>4005528134578</ItemCode>
      <ItemType>1</ItemType>
      <ItemName>מנדאיי דגני בוקר פרי</ItemName>
      <ManufacturerName>לא ידוע</ManufacturerName>
      <ManufactureCountry>לא ידוע</ManufactureCountry>
      <ManufacturerItemDescription>מנדאיי דגני בוקר פרי</ManufacturerItemDescription>
      <UnitQty>לא ידוע</UnitQty>
      <Quantity>311.00</Quantity>
      <UnitOfMeasure>לא ידוע</UnitOfMeasure>
      <bIsWeighted>0</bIsWeighted>
      <QtyInPackage>לא ידוע</QtyInPackage>
      <ItemPrice>26.90</ItemPrice>
      <UnitOfMeasurePrice>0.0865</UnitOfMeasurePrice>
      <AllowDiscount>1</AllowDiscount>
      <ItemStatus>1</ItemStatus>
      <ItemId>253903</ItemId>
    </Item>
    <Item>
      <PriceUpdateDate>2025-08-21 13:13:14</PriceUpdateDate>
      <ItemCode>7290000644516</ItemCode>
      <ItemType>1</ItemType>
      <ItemName>גרון הודו עטרה  קפוא</ItemName>
      <ManufacturerName>לא ידוע</ManufacturerName>
      <ManufactureCountry>לא ידוע</ManufactureCountry>
      <ManufacturerItemDescription>גרון הודו עטרה  קפוא</ManufacturerItemDescription>
      <UnitQty>קילוגרמים</UnitQty>
      <Quantity>1.00</Quantity>
      <UnitOfMeasure>ק"ג</UnitOfMeasure>
      <bIsWeighted>1</bIsWeighted>
      <QtyInPackage>לא ידוע</QtyInPackage>
      <ItemPrice>35.90</ItemPrice>
      <UnitOfMeasurePrice>35.9000</UnitOfMeasurePrice>
      <AllowDiscount>1</AllowDiscount>
      <ItemStatus>1</ItemStatus>
      <ItemId>253928</ItemId>
    </Item>
    <Item>
      <PriceUpdateDate>2025-09-08 07:57:48</PriceUpdateDate>
      <ItemCode>7290117382882</ItemCode>
      <ItemType>1</ItemType>
      <ItemName>מאסטר שף ממרח פסטו י</ItemName>
      <ManufacturerName>לא ידוע</ManufacturerName>
      <ManufactureCountry>לא ידוע</ManufactureCountry>
      <ManufacturerItemDescription>מאסטר שף ממרח פסטו י</ManufacturerItemDescription>
      <UnitQty>יחידה   </UnitQty>
      <Quantity>0.00</Quantity>
      <UnitOfMeasure>יחידה   </UnitOfMeasure>
      <bIsWeighted>0</bIsWeighted>
      <QtyInPackage>לא ידוע</QtyInPackage>
      <ItemPrice>17.90</ItemPrice>
      <UnitOfMeasurePrice>0.0000</UnitOfMeasurePrice>
      <AllowDiscount>1</AllowDiscount>
      <ItemStatus>1</ItemStatus>
      <ItemId>253950</ItemId>
    </Item>
    <Item>
      <PriceUpdateDate>2025-04-02 16:05:19</PriceUpdateDate>
      <ItemCode>7622202030635</ItemCode>
      <ItemType>1</ItemType>
      <ItemName>פילדלפיה צמחית 145 ג</ItemName>
      <ManufacturerName>לא ידוע</ManufacturerName>
      <ManufactureCountry>לא ידוע</ManufactureCountry>
      <ManufacturerItemDescription>פילדלפיה צמחית 145 ג</ManufacturerItemDescription>
      <UnitQty>לא ידוע</UnitQty>
      <Quantity>145.00</Quantity>
      <UnitOfMeasure>לא ידוע</UnitOfMeasure>
      <bIsWeighted>0</bIsWeighted>
      <QtyInPackage>לא ידוע</QtyInPackage>
      <ItemPrice>16.90</ItemPrice>
      <UnitOfMeasurePrice>0.1166</UnitOfMeasurePrice>
      <AllowDiscount>1</AllowDiscount>
      <ItemStatus>1</ItemStatus>
      <ItemId>253969</ItemId>
    </Item>
    <Item>
      <PriceUpdateDate>2025-08-31 10:19:55</PriceUpdateDate>
      <ItemCode>7290016897104</ItemCode>
      <ItemType>1</ItemType>
      <ItemName>תה עדנים לימונית לוא</ItemName>
      <ManufacturerName>לא ידוע</ManufacturerName>
      <ManufactureCountry>לא ידוע</ManufactureCountry>
      <ManufacturerItemDescription>תה עדנים לימונית לוא</ManufacturerItemDescription>
      <UnitQty>לא ידוע</UnitQty>
      <Quantity>0.00</Quantity>
      <UnitOfMeasure>לא ידוע</UnitOfMeasure>
      <bIsWeighted>0</bIsWeighted>
      <QtyInPackage>לא ידוע</QtyInPackage>
      <ItemPrice>18.90</ItemPrice>
      <UnitOfMeasurePrice>0.0000</UnitOfMeasurePrice>
      <AllowDiscount>1</AllowDiscount>
      <ItemStatus>1</ItemStatus>
      <ItemId>253988</ItemId>
    </Item>
    <Item>
      <PriceUpdateDate>2025-08-19 08:23:02</PriceUpdateDate>
      <ItemCode>4820154487818</ItemCode>
      <ItemType>1</ItemType>
      <ItemName>ביסקוויט פתיבר קלאסי</ItemName>
      <ManufacturerName>לא ידוע</ManufacturerName>
      <ManufactureCountry>לא ידוע</ManufactureCountry>
      <ManufacturerItemDescription>ביסקוויט פתיבר קלאסי</ManufacturerItemDescription>
      <UnitQty>לא ידוע</UnitQty>
      <Quantity>250.00</Quantity>
      <UnitOfMeasure>לא ידוע</UnitOfMeasure>
      <bIsWeighted>0</bIsWeighted>
      <QtyInPackage>לא ידוע</QtyInPackage>
      <ItemPrice>8.90</ItemPrice>
      <UnitOfMeasurePrice>0.0356</UnitOfMeasurePrice>
      <AllowDiscount>1</AllowDiscount>
      <ItemStatus>1</ItemStatus>
      <ItemId>253989</ItemId>
    </Item>
    <Item>
      <PriceUpdateDate>2025-08-19 08:23:03</PriceUpdateDate>
      <ItemCode>4820154487832</ItemCode>
      <ItemType>1</ItemType>
      <ItemName>ביסקוויט פתיבר קלאסי</ItemName>
      <ManufacturerName>לא ידוע</ManufacturerName>
      <ManufactureCountry>לא ידוע</ManufactureCountry>
      <ManufacturerItemDescription>ביסקוויט פתיבר קלאסי</ManufacturerItemDescription>
      <UnitQty>לא ידוע</UnitQty>
      <Quantity>500.00</Quantity>
      <UnitOfMeasure>לא ידוע</UnitOfMeasure>
      <bIsWeighted>0</bIsWeighted>
      <QtyInPackage>לא ידוע</QtyInPackage>
      <ItemPrice>13.90</ItemPrice>
      <UnitOfMeasurePrice>0.0278</UnitOfMeasurePrice>
      <AllowDiscount>1</AllowDiscount>
      <ItemStatus>1</ItemStatus>
      <ItemId>253990</ItemId>
    </Item>
    <Item>
      <PriceUpdateDate>2025-08-19 08:23:03</PriceUpdateDate>
      <ItemCode>4820154487856</ItemCode>
      <ItemType>1</ItemType>
      <ItemName>ביסקוויט פתיבר קקאו</ItemName>
      <ManufacturerName>לא ידוע</ManufacturerName>
      <ManufactureCountry>לא ידוע</ManufactureCountry>
      <ManufacturerItemDescription>ביסקוויט פתיבר קקאו</ManufacturerItemDescription>
      <UnitQty>לא ידוע</UnitQty>
      <Quantity>250.00</Quantity>
      <UnitOfMeasure>לא ידוע</UnitOfMeasure>
      <bIsWeighted>0</bIsWeighted>
      <QtyInPackage>לא ידוע</QtyInPackage>
      <ItemPrice>8.90</ItemPrice>
      <UnitOfMeasurePrice>0.0356</UnitOfMeasurePrice>
      <AllowDiscount>1</AllowDiscount>
      <ItemStatus>1</ItemStatus>
      <ItemId>253991</ItemId>
    </Item>
    <Item>
      <PriceUpdateDate>2025-08-19 08:23:04</PriceUpdateDate>
      <ItemCode>4820154487870</ItemCode>
      <ItemType>1</ItemType>
      <ItemName>ביסקוויט פתיבר קקאו</ItemName>
      <ManufacturerName>לא ידוע</ManufacturerName>
      <ManufactureCountry>לא ידוע</ManufactureCountry>
      <ManufacturerItemDescription>ביסקוויט פתיבר קקאו</ManufacturerItemDescription>
      <UnitQty>לא ידוע</UnitQty>
      <Quantity>500.00</Quantity>
      <UnitOfMeasure>לא ידוע</UnitOfMeasure>
      <bIsWeighted>0</bIsWeighted>
      <QtyInPackage>לא ידוע</QtyInPackage>
      <ItemPrice>13.90</ItemPrice>
      <UnitOfMeasurePrice>0.0278</UnitOfMeasurePrice>
      <AllowDiscount>1</AllowDiscount>
      <ItemStatus>1</ItemStatus>
      <ItemId>253992</ItemId>
    </Item>
    <Item>
      <PriceUpdateDate>2025-08-20 16:33:12</PriceUpdateDate>
      <ItemCode>50000577989</ItemCode>
      <ItemType>1</ItemType>
      <ItemName>פריסקיז טייסטי נתחי</ItemName>
      <ManufacturerName>לא ידוע</ManufacturerName>
      <ManufactureCountry>לא ידוע</ManufactureCountry>
      <ManufacturerItemDescription>פריסקיז טייסטי נתחי</ManufacturerItemDescription>
      <UnitQty>לא ידוע</UnitQty>
      <Quantity>156.00</Quantity>
      <UnitOfMeasure>לא ידוע</UnitOfMeasure>
      <bIsWeighted>0</bIsWeighted>
      <QtyInPackage>לא ידוע</QtyInPackage>
      <ItemPrice>7.90</ItemPrice>
      <UnitOfMeasurePrice>0.0506</UnitOfMeasurePrice>
      <AllowDiscount>1</AllowDiscount>
      <ItemStatus>1</ItemStatus>
      <ItemId>254005</ItemId>
    </Item>
    <Item>
      <PriceUpdateDate>2025-08-26 16:06:03</PriceUpdateDate>
      <ItemCode>7290118427322</ItemCode>
      <ItemType>1</ItemType>
      <ItemName>אסם פתי בר אצבעות בט</ItemName>
      <ManufacturerName>לא ידוע</ManufacturerName>
      <ManufactureCountry>לא ידוע</ManufactureCountry>
      <ManufacturerItemDescription>אסם פתי בר אצבעות בט</ManufacturerItemDescription>
      <UnitQty>לא ידוע</UnitQty>
      <Quantity>180.00</Quantity>
      <UnitOfMeasure>לא ידוע</UnitOfMeasure>
      <bIsWeighted>0</bIsWeighted>
      <QtyInPackage>לא ידוע</QtyInPackage>
      <ItemPrice>14.90</ItemPrice>
      <UnitOfMeasurePrice>0.0828</UnitOfMeasurePrice>
      <AllowDiscount>1</AllowDiscount>
      <ItemStatus>1</ItemStatus>
      <ItemId>254011</ItemId>
    </Item>
    <Item>
      <PriceUpdateDate>2025-08-26 16:06:06</PriceUpdateDate>
      <ItemCode>7290118427766</ItemCode>
      <ItemType>1</ItemType>
      <ItemName>אסם פודינג בטעם פאי</ItemName>
      <ManufacturerName>לא ידוע</ManufacturerName>
      <ManufactureCountry>לא ידוע</ManufactureCountry>
      <ManufacturerItemDescription>אסם פודינג בטעם פאי</ManufacturerItemDescription>
      <UnitQty>לא ידוע</UnitQty>
      <Quantity>75.00</Quantity>
      <UnitOfMeasure>לא ידוע</UnitOfMeasure>
      <bIsWeighted>0</bIsWeighted>
      <QtyInPackage>לא ידוע</QtyInPackage>
      <ItemPrice>6.50</ItemPrice>
      <UnitOfMeasurePrice>0.0867</UnitOfMeasurePrice>
      <AllowDiscount>1</AllowDiscount>
      <ItemStatus>1</ItemStatus>
      <ItemId>254012</ItemId>
    </Item>
    <Item>
      <PriceUpdateDate>2025-08-26 16:06:07</PriceUpdateDate>
      <ItemCode>7290118428206</ItemCode>
      <ItemType>1</ItemType>
      <ItemName>ויטמינצ'יק שקוף אפרס</ItemName>
      <ManufacturerName>לא ידוע</ManufacturerName>
      <ManufactureCountry>לא ידוע</ManufactureCountry>
      <ManufacturerItemDescription>ויטמינצ'יק שקוף אפרס</ManufacturerItemDescription>
      <UnitQty>לא ידוע</UnitQty>
      <Quantity>1000.00</Quantity>
      <UnitOfMeasure>לא ידוע</UnitOfMeasure>
      <bIsWeighted>0</bIsWeighted>
      <QtyInPackage>לא ידוע</QtyInPackage>
      <ItemPrice>15.90</ItemPrice>
      <UnitOfMeasurePrice>0.0159</UnitOfMeasurePrice>
      <AllowDiscount>1</AllowDiscount>
      <ItemStatus>1</ItemStatus>
      <ItemId>254016</ItemId>
    </Item>
    <Item>
      <PriceUpdateDate>2025-08-26 16:06:08</PriceUpdateDate>
      <ItemCode>7290118428336</ItemCode>
      <ItemType>1</ItemType>
      <ItemName>ויטמינצ'יק טרופי 1לי</ItemName>
      <ManufacturerName>לא ידוע</ManufacturerName>
      <ManufactureCountry>לא ידוע</ManufactureCountry>
      <ManufacturerItemDescription>ויטמינצ'יק טרופי 1לי</ManufacturerItemDescription>
      <UnitQty>לא ידוע</UnitQty>
      <Quantity>1000.00</Quantity>
      <UnitOfMeasure>לא ידוע</UnitOfMeasure>
      <bIsWeighted>0</bIsWeighted>
      <QtyInPackage>לא ידוע</QtyInPackage>
      <ItemPrice>15.90</ItemPrice>
      <UnitOfMeasurePrice>0.0159</UnitOfMeasurePrice>
      <AllowDiscount>1</AllowDiscount>
      <ItemStatus>1</ItemStatus>
      <ItemId>254019</ItemId>
    </Item>
    <Item>
      <PriceUpdateDate>2025-07-01 16:32:10</PriceUpdateDate>
      <ItemCode>7290118428374</ItemCode>
      <ItemType>1</ItemType>
      <ItemName>במבה קלאסי מארז אחיד</ItemName>
      <ManufacturerName>לא ידוע</ManufacturerName>
      <ManufactureCountry>לא ידוע</ManufactureCountry>
      <ManufacturerItemDescription>במבה קלאסי מארז אחיד</ManufacturerItemDescription>
      <UnitQty>לא ידוע</UnitQty>
      <Quantity>240.00</Quantity>
      <UnitOfMeasure>לא ידוע</UnitOfMeasure>
      <bIsWeighted>0</bIsWeighted>
      <QtyInPackage>לא ידוע</QtyInPackage>
      <ItemPrice>17.90</ItemPrice>
      <UnitOfMeasurePrice>0.0746</UnitOfMeasurePrice>
      <AllowDiscount>1</AllowDiscount>
      <ItemStatus>1</ItemStatus>
      <ItemId>254020</ItemId>
    </Item>
    <Item>
      <PriceUpdateDate>2025-08-26 16:06:10</PriceUpdateDate>
      <ItemCode>7290118428794</ItemCode>
      <ItemType>1</ItemType>
      <ItemName>אסם פתי בר פינוקים ב</ItemName>
      <ManufacturerName>לא ידוע</ManufacturerName>
      <ManufactureCountry>לא ידוע</ManufactureCountry>
      <ManufacturerItemDescription>אסם פתי בר פינוקים ב</ManufacturerItemDescription>
      <UnitQty>לא ידוע</UnitQty>
      <Quantity>185.00</Quantity>
      <UnitOfMeasure>לא ידוע</UnitOfMeasure>
      <bIsWeighted>0</bIsWeighted>
      <QtyInPackage>לא ידוע</QtyInPackage>
      <ItemPrice>14.90</ItemPrice>
      <UnitOfMeasurePrice>0.0805</UnitOfMeasurePrice>
      <AllowDiscount>1</AllowDiscount>
      <ItemStatus>1</ItemStatus>
      <ItemId>254027</ItemId>
    </Item>
    <Item>
      <PriceUpdateDate>2025-09-03 13:38:28</PriceUpdateDate>
      <ItemCode>7290119382132</ItemCode>
      <ItemType>1</ItemType>
      <ItemName>פולפה עגבניות חתוכות</ItemName>
      <ManufacturerName>לא ידוע</ManufacturerName>
      <ManufactureCountry>לא ידוע</ManufactureCountry>
      <ManufacturerItemDescription>פולפה עגבניות חתוכות</ManufacturerItemDescription>
      <UnitQty>לא ידוע</UnitQty>
      <Quantity>1200.00</Quantity>
      <UnitOfMeasure>לא ידוע</UnitOfMeasure>
      <bIsWeighted>0</bIsWeighted>
      <QtyInPackage>לא ידוע</QtyInPackage>
      <ItemPrice>23.90</ItemPrice>
      <UnitOfMeasurePrice>0.0199</UnitOfMeasurePrice>
      <AllowDiscount>1</AllowDiscount>
      <ItemStatus>1</ItemStatus>
      <ItemId>254098</ItemId>
    </Item>
    <Item>
      <PriceUpdateDate>2025-09-08 07:58:36</PriceUpdateDate>
      <ItemCode>8718951561267</ItemCode>
      <ItemType>1</ItemType>
      <ItemName>פלמוליב סבון ידיים ח</ItemName>
      <ManufacturerName>לא ידוע</ManufacturerName>
      <ManufactureCountry>לא ידוע</ManufactureCountry>
      <ManufacturerItemDescription>פלמוליב סבון ידיים ח</ManufacturerItemDescription>
      <UnitQty>לא ידוע</UnitQty>
      <Quantity>300.00</Quantity>
      <UnitOfMeasure>לא ידוע</UnitOfMeasure>
      <bIsWeighted>0</bIsWeighted>
      <QtyInPackage>לא ידוע</QtyInPackage>
      <ItemPrice>13.90</ItemPrice>
      <UnitOfMeasurePrice>0.0463</UnitOfMeasurePrice>
      <AllowDiscount>1</AllowDiscount>
      <ItemStatus>1</ItemStatus>
      <ItemId>254147</ItemId>
    </Item>
    <Item>
      <PriceUpdateDate>2025-09-08 07:57:56</PriceUpdateDate>
      <ItemCode>7290121160322</ItemCode>
      <ItemType>1</ItemType>
      <ItemName>ניוקי תפוח אדמה 500</ItemName>
      <ManufacturerName>לא ידוע</ManufacturerName>
      <ManufactureCountry>לא ידוע</ManufactureCountry>
      <ManufacturerItemDescription>ניוקי תפוח אדמה 500</ManufacturerItemDescription>
      <UnitQty>לא ידוע</UnitQty>
      <Quantity>500.00</Quantity>
      <UnitOfMeasure>לא ידוע</UnitOfMeasure>
      <bIsWeighted>0</bIsWeighted>
      <QtyInPackage>לא ידוע</QtyInPackage>
      <ItemPrice>12.90</ItemPrice>
      <UnitOfMeasurePrice>0.0258</UnitOfMeasurePrice>
      <AllowDiscount>1</AllowDiscount>
      <ItemStatus>1</ItemStatus>
      <ItemId>254151</ItemId>
    </Item>
    <Item>
      <PriceUpdateDate>2025-09-08 07:57:56</PriceUpdateDate>
      <ItemCode>7290121160339</ItemCode>
      <ItemType>1</ItemType>
      <ItemName>מיני ניוקי תפוח אדמה</ItemName>
      <ManufacturerName>לא ידוע</ManufacturerName>
      <ManufactureCountry>לא ידוע</ManufactureCountry>
      <ManufacturerItemDescription>מיני ניוקי תפוח אדמה</ManufacturerItemDescription>
      <UnitQty>לא ידוע</UnitQty>
      <Quantity>500.00</Quantity>
      <UnitOfMeasure>לא ידוע</UnitOfMeasure>
      <bIsWeighted>0</bIsWeighted>
      <QtyInPackage>לא ידוע</QtyInPackage>
      <ItemPrice>12.90</ItemPrice>
      <UnitOfMeasurePrice>0.0258</UnitOfMeasurePrice>
      <AllowDiscount>1</AllowDiscount>
      <ItemStatus>1</ItemStatus>
      <ItemId>254152</ItemId>
    </Item>
    <Item>
      <PriceUpdateDate>2025-09-08 07:57:58</PriceUpdateDate>
      <ItemCode>7290121162616</ItemCode>
      <ItemType>1</ItemType>
      <ItemName>ממרח פלפלים 200 גרם</ItemName>
      <ManufacturerName>לא ידוע</ManufacturerName>
      <ManufactureCountry>לא ידוע</ManufactureCountry>
      <ManufacturerItemDescription>ממרח פלפלים 200 גרם</ManufacturerItemDescription>
      <UnitQty>יחידה   </UnitQty>
      <Quantity>0.00</Quantity>
      <UnitOfMeasure>יחידה   </UnitOfMeasure>
      <bIsWeighted>0</bIsWeighted>
      <QtyInPackage>לא ידוע</QtyInPackage>
      <ItemPrice>17.90</ItemPrice>
      <UnitOfMeasurePrice>0.0000</UnitOfMeasurePrice>
      <AllowDiscount>1</AllowDiscount>
      <ItemStatus>1</ItemStatus>
      <ItemId>254154</ItemId>
    </Item>
    <Item>
      <PriceUpdateDate>2025-05-26 14:24:48</PriceUpdateDate>
      <ItemCode>7290110117955</ItemCode>
      <ItemType>1</ItemType>
      <ItemName>מוגז זירו בטעם פירות</ItemName>
      <ManufacturerName>לא ידוע</ManufacturerName>
      <ManufactureCountry>לא ידוע</ManufactureCountry>
      <ManufacturerItemDescription>מוגז זירו בטעם פירות</ManufacturerItemDescription>
      <UnitQty>לא ידוע</UnitQty>
      <Quantity>1000.00</Quantity>
      <UnitOfMeasure>לא ידוע</UnitOfMeasure>
      <bIsWeighted>0</bIsWeighted>
      <QtyInPackage>לא ידוע</QtyInPackage>
      <ItemPrice>15.90</ItemPrice>
      <UnitOfMeasurePrice>0.0159</UnitOfMeasurePrice>
      <AllowDiscount>1</AllowDiscount>
      <ItemStatus>1</ItemStatus>
      <ItemId>254218</ItemId>
    </Item>
    <Item>
      <PriceUpdateDate>2025-09-08 08:00:52</PriceUpdateDate>
      <ItemCode>7290119500123</ItemCode>
      <ItemType>1</ItemType>
      <ItemName>גלילונית ש.אשפה L חז</ItemName>
      <ManufacturerName>קריות זול</ManufacturerName>
      <ManufactureCountry>לא ידוע</ManufactureCountry>
      <ManufacturerItemDescription>גלילונית ש.אשפה L חז</ManufacturerItemDescription>
      <UnitQty>לא ידוע</UnitQty>
      <Quantity>60.00</Quantity>
      <UnitOfMeasure>לא ידוע</UnitOfMeasure>
      <bIsWeighted>0</bIsWeighted>
      <QtyInPackage>לא ידוע</QtyInPackage>
      <ItemPrice>21.90</ItemPrice>
      <UnitOfMeasurePrice>0.3650</UnitOfMeasurePrice>
      <AllowDiscount>1</AllowDiscount>
      <ItemStatus>1</ItemStatus>
      <ItemId>254226</ItemId>
    </Item>
    <Item>
      <PriceUpdateDate>2025-09-08 08:00:52</PriceUpdateDate>
      <ItemCode>7290119500079</ItemCode>
      <ItemType>1</ItemType>
      <ItemName>גלילונית ש.אשפה L חז</ItemName>
      <ManufacturerName>קריות זול</ManufacturerName>
      <ManufactureCountry>לא ידוע</ManufactureCountry>
      <ManufacturerItemDescription>גלילונית ש.אשפה L חז</ManufacturerItemDescription>
      <UnitQty>לא ידוע</UnitQty>
      <Quantity>40.00</Quantity>
      <UnitOfMeasure>לא ידוע</UnitOfMeasure>
      <bIsWeighted>0</bIsWeighted>
      <QtyInPackage>לא ידוע</QtyInPackage>
      <ItemPrice>18.90</ItemPrice>
      <UnitOfMeasurePrice>0.4725</UnitOfMeasurePrice>
      <AllowDiscount>1</AllowDiscount>
      <ItemStatus>1</ItemStatus>
      <ItemId>254229</ItemId>
    </Item>
    <Item>
      <PriceUpdateDate>2025-09-08 08:00:52</PriceUpdateDate>
      <ItemCode>7290119500178</ItemCode>
      <ItemType>1</ItemType>
      <ItemName>גלילונית ש.אשפה XXL</ItemName>
      <ManufacturerName>קריות זול</ManufacturerName>
      <ManufactureCountry>לא ידוע</ManufactureCountry>
      <ManufacturerItemDescription>גלילונית ש.אשפה XXL</ManufacturerItemDescription>
      <UnitQty>לא ידוע</UnitQty>
      <Quantity>50.00</Quantity>
      <UnitOfMeasure>לא ידוע</UnitOfMeasure>
      <bIsWeighted>0</bIsWeighted>
      <QtyInPackage>לא ידוע</QtyInPackage>
      <ItemPrice>19.90</ItemPrice>
      <UnitOfMeasurePrice>0.3980</UnitOfMeasurePrice>
      <AllowDiscount>1</AllowDiscount>
      <ItemStatus>1</ItemStatus>
      <ItemId>254230</ItemId>
    </Item>
    <Item>
      <PriceUpdateDate>2025-08-31 10:26:26</PriceUpdateDate>
      <ItemCode>9000101829068</ItemCode>
      <ItemType>1</ItemType>
      <ItemName>פרסיל דיסקס לבנדר 20</ItemName>
      <ManufacturerName>לא ידוע</ManufacturerName>
      <ManufactureCountry>לא ידוע</ManufactureCountry>
      <ManufacturerItemDescription>פרסיל דיסקס לבנדר 20</ManufacturerItemDescription>
      <UnitQty>לא ידוע</UnitQty>
      <Quantity>20.00</Quantity>
      <UnitOfMeasure>לא ידוע</UnitOfMeasure>
      <bIsWeighted>0</bIsWeighted>
      <QtyInPackage>לא ידוע</QtyInPackage>
      <ItemPrice>31.90</ItemPrice>
      <UnitOfMeasurePrice>1.5950</UnitOfMeasurePrice>
      <AllowDiscount>1</AllowDiscount>
      <ItemStatus>1</ItemStatus>
      <ItemId>254234</ItemId>
    </Item>
    <Item>
      <PriceUpdateDate>2025-08-26 12:05:59</PriceUpdateDate>
      <ItemCode>9000101829211</ItemCode>
      <ItemType>1</ItemType>
      <ItemName>פרסיל דיסקס כתמים קש</ItemName>
      <ManufacturerName>לא ידוע</ManufacturerName>
      <ManufactureCountry>לא ידוע</ManufactureCountry>
      <ManufacturerItemDescription>פרסיל דיסקס כתמים קש</ManufacturerItemDescription>
      <UnitQty>לא ידוע</UnitQty>
      <Quantity>20.00</Quantity>
      <UnitOfMeasure>לא ידוע</UnitOfMeasure>
      <bIsWeighted>0</bIsWeighted>
      <QtyInPackage>לא ידוע</QtyInPackage>
      <ItemPrice>31.90</ItemPrice>
      <UnitOfMeasurePrice>1.5950</UnitOfMeasurePrice>
      <AllowDiscount>1</AllowDiscount>
      <ItemStatus>1</ItemStatus>
      <ItemId>254235</ItemId>
    </Item>
    <Item>
      <PriceUpdateDate>2025-08-26 12:05:59</PriceUpdateDate>
      <ItemCode>9000101830941</ItemCode>
      <ItemType>1</ItemType>
      <ItemName>פרסיל דיסקס עור רגיש</ItemName>
      <ManufacturerName>לא ידוע</ManufacturerName>
      <ManufactureCountry>לא ידוע</ManufactureCountry>
      <ManufacturerItemDescription>פרסיל דיסקס עור רגיש</ManufacturerItemDescription>
      <UnitQty>לא ידוע</UnitQty>
      <Quantity>37.00</Quantity>
      <UnitOfMeasure>לא ידוע</UnitOfMeasure>
      <bIsWeighted>0</bIsWeighted>
      <QtyInPackage>לא ידוע</QtyInPackage>
      <ItemPrice>55.90</ItemPrice>
      <UnitOfMeasurePrice>1.5108</UnitOfMeasurePrice>
      <AllowDiscount>1</AllowDiscount>
      <ItemStatus>1</ItemStatus>
      <ItemId>254236</ItemId>
    </Item>
    <Item>
      <PriceUpdateDate>2025-09-04 12:04:37</PriceUpdateDate>
      <ItemCode>7290119776993</ItemCode>
      <ItemType>1</ItemType>
      <ItemName>שוופס סודה  ענבים מא</ItemName>
      <ManufacturerName>קריות זול</ManufacturerName>
      <ManufactureCountry>לא ידוע</ManufactureCountry>
      <ManufacturerItemDescription>שוופס סודה  ענבים מא</ManufacturerItemDescription>
      <UnitQty>לא ידוע</UnitQty>
      <Quantity>6000.00</Quantity>
      <UnitOfMeasure>לא ידוע</UnitOfMeasure>
      <bIsWeighted>0</bIsWeighted>
      <QtyInPackage>לא ידוע</QtyInPackage>
      <ItemPrice>16.50</ItemPrice>
      <UnitOfMeasurePrice>0.0028</UnitOfMeasurePrice>
      <AllowDiscount>1</AllowDiscount>
      <ItemStatus>1</ItemStatus>
      <ItemId>254244</ItemId>
    </Item>
    <Item>
      <PriceUpdateDate>2025-04-27 15:20:22</PriceUpdateDate>
      <ItemCode>7290119777990</ItemCode>
      <ItemType>1</ItemType>
      <ItemName>שוופס מים בטעם אננס</ItemName>
      <ManufacturerName>לא ידוע</ManufacturerName>
      <ManufactureCountry>לא ידוע</ManufactureCountry>
      <ManufacturerItemDescription>שוופס מים בטעם אננס</ManufacturerItemDescription>
      <UnitQty>לא ידוע</UnitQty>
      <Quantity>500.00</Quantity>
      <UnitOfMeasure>לא ידוע</UnitOfMeasure>
      <bIsWeighted>0</bIsWeighted>
      <QtyInPackage>לא ידוע</QtyInPackage>
      <ItemPrice>6.90</ItemPrice>
      <UnitOfMeasurePrice>0.0138</UnitOfMeasurePrice>
      <AllowDiscount>1</AllowDiscount>
      <ItemStatus>1</ItemStatus>
      <ItemId>254245</ItemId>
    </Item>
    <Item>
      <PriceUpdateDate>2025-08-20 09:29:54</PriceUpdateDate>
      <ItemCode>5900102028412</ItemCode>
      <ItemType>1</ItemType>
      <ItemName>שוקולד מריר 64% מנטה</ItemName>
      <ManufacturerName>לא ידוע</ManufacturerName>
      <ManufactureCountry>לא ידוע</ManufactureCountry>
      <ManufacturerItemDescription>שוקולד מריר 64% מנטה</ManufacturerItemDescription>
      <UnitQty>לא ידוע</UnitQty>
      <Quantity>90.00</Quantity>
      <UnitOfMeasure>לא ידוע</UnitOfMeasure>
      <bIsWeighted>0</bIsWeighted>
      <QtyInPackage>לא ידוע</QtyInPackage>
      <ItemPrice>14.90</ItemPrice>
      <UnitOfMeasurePrice>0.1656</UnitOfMeasurePrice>
      <AllowDiscount>1</AllowDiscount>
      <ItemStatus>1</ItemStatus>
      <ItemId>254356</ItemId>
    </Item>
    <Item>
      <PriceUpdateDate>2025-08-31 08:41:42</PriceUpdateDate>
      <ItemCode>4022025001790</ItemCode>
      <ItemType>1</ItemType>
      <ItemName>בלו נאן גולד 750 מל</ItemName>
      <ManufacturerName>לא ידוע</ManufacturerName>
      <ManufactureCountry>לא ידוע</ManufactureCountry>
      <ManufacturerItemDescription>בלו נאן גולד 750 מל</ManufacturerItemDescription>
      <UnitQty>לא ידוע</UnitQty>
      <Quantity>750.00</Quantity>
      <UnitOfMeasure>לא ידוע</UnitOfMeasure>
      <bIsWeighted>0</bIsWeighted>
      <QtyInPackage>לא ידוע</QtyInPackage>
      <ItemPrice>59.90</ItemPrice>
      <UnitOfMeasurePrice>0.0799</UnitOfMeasurePrice>
      <AllowDiscount>1</AllowDiscount>
      <ItemStatus>1</ItemStatus>
      <ItemId>254361</ItemId>
    </Item>
    <Item>
      <PriceUpdateDate>2025-09-07 08:06:43</PriceUpdateDate>
      <ItemCode>7290120343801</ItemCode>
      <ItemType>1</ItemType>
      <ItemName>פולי סויה פילגוד 400</ItemName>
      <ManufacturerName>לא ידוע</ManufacturerName>
      <ManufactureCountry>לא ידוע</ManufactureCountry>
      <ManufacturerItemDescription>פולי סויה פילגוד 400</ManufacturerItemDescription>
      <UnitQty>לא ידוע</UnitQty>
      <Quantity>400.00</Quantity>
      <UnitOfMeasure>לא ידוע</UnitOfMeasure>
      <bIsWeighted>0</bIsWeighted>
      <QtyInPackage>לא ידוע</QtyInPackage>
      <ItemPrice>7.90</ItemPrice>
      <UnitOfMeasurePrice>0.0198</UnitOfMeasurePrice>
      <AllowDiscount>1</AllowDiscount>
      <ItemStatus>1</ItemStatus>
      <ItemId>254414</ItemId>
    </Item>
    <Item>
      <PriceUpdateDate>2025-09-08 07:54:56</PriceUpdateDate>
      <ItemCode>7290017682983</ItemCode>
      <ItemType>1</ItemType>
      <ItemName>מבשם אוויר ובדים לבנ</ItemName>
      <ManufacturerName>לא ידוע</ManufacturerName>
      <ManufactureCountry>לא ידוע</ManufactureCountry>
      <ManufacturerItemDescription>מבשם אוויר ובדים לבנ</ManufacturerItemDescription>
      <UnitQty>לא ידוע</UnitQty>
      <Quantity>250.00</Quantity>
      <UnitOfMeasure>לא ידוע</UnitOfMeasure>
      <bIsWeighted>0</bIsWeighted>
      <QtyInPackage>לא ידוע</QtyInPackage>
      <ItemPrice>9.90</ItemPrice>
      <UnitOfMeasurePrice>0.0396</UnitOfMeasurePrice>
      <AllowDiscount>1</AllowDiscount>
      <ItemStatus>1</ItemStatus>
      <ItemId>254439</ItemId>
    </Item>
    <Item>
      <PriceUpdateDate>2025-09-08 07:55:01</PriceUpdateDate>
      <ItemCode>7290019627807</ItemCode>
      <ItemType>1</ItemType>
      <ItemName>מטליות מיקרופייבר לר</ItemName>
      <ManufacturerName>לא ידוע</ManufacturerName>
      <ManufactureCountry>לא ידוע</ManufactureCountry>
      <ManufacturerItemDescription>מטליות מיקרופייבר לר</ManufacturerItemDescription>
      <UnitQty>לא ידוע</UnitQty>
      <Quantity>2.00</Quantity>
      <UnitOfMeasure>לא ידוע</UnitOfMeasure>
      <bIsWeighted>0</bIsWeighted>
      <QtyInPackage>לא ידוע</QtyInPackage>
      <ItemPrice>18.90</ItemPrice>
      <UnitOfMeasurePrice>9.4500</UnitOfMeasurePrice>
      <AllowDiscount>1</AllowDiscount>
      <ItemStatus>1</ItemStatus>
      <ItemId>254441</ItemId>
    </Item>
    <Item>
      <PriceUpdateDate>2025-09-08 07:55:01</PriceUpdateDate>
      <ItemCode>7290019627814</ItemCode>
      <ItemType>1</ItemType>
      <ItemName>מטליות מיקרופייבר למ</ItemName>
      <ManufacturerName>לא ידוע</ManufacturerName>
      <ManufactureCountry>לא ידוע</ManufactureCountry>
      <ManufacturerItemDescription>מטליות מיקרופייבר למ</ManufacturerItemDescription>
      <UnitQty>לא ידוע</UnitQty>
      <Quantity>3.00</Quantity>
      <UnitOfMeasure>לא ידוע</UnitOfMeasure>
      <bIsWeighted>0</bIsWeighted>
      <QtyInPackage>לא ידוע</QtyInPackage>
      <ItemPrice>9.90</ItemPrice>
      <UnitOfMeasurePrice>3.3000</UnitOfMeasurePrice>
      <AllowDiscount>1</AllowDiscount>
      <ItemStatus>1</ItemStatus>
      <ItemId>254442</ItemId>
    </Item>
    <Item>
      <PriceUpdateDate>2025-09-08 07:55:02</PriceUpdateDate>
      <ItemCode>7290020173010</ItemCode>
      <ItemType>1</ItemType>
      <ItemName>מטליות מיקרופייבר נש</ItemName>
      <ManufacturerName>לא ידוע</ManufacturerName>
      <ManufactureCountry>לא ידוע</ManufactureCountry>
      <ManufacturerItemDescription>מטליות מיקרופייבר נש</ManufacturerItemDescription>
      <UnitQty>לא ידוע</UnitQty>
      <Quantity>20.00</Quantity>
      <UnitOfMeasure>לא ידוע</UnitOfMeasure>
      <bIsWeighted>0</bIsWeighted>
      <QtyInPackage>לא ידוע</QtyInPackage>
      <ItemPrice>13.90</ItemPrice>
      <UnitOfMeasurePrice>0.6950</UnitOfMeasurePrice>
      <AllowDiscount>1</AllowDiscount>
      <ItemStatus>1</ItemStatus>
      <ItemId>254443</ItemId>
    </Item>
    <Item>
      <PriceUpdateDate>2025-09-08 07:55:02</PriceUpdateDate>
      <ItemCode>7290019627838</ItemCode>
      <ItemType>1</ItemType>
      <ItemName>שקיות סליידר מדיום ו</ItemName>
      <ManufacturerName>לא ידוע</ManufacturerName>
      <ManufactureCountry>לא ידוע</ManufactureCountry>
      <ManufacturerItemDescription>שקיות סליידר מדיום ו</ManufacturerItemDescription>
      <UnitQty>לא ידוע</UnitQty>
      <Quantity>16.00</Quantity>
      <UnitOfMeasure>לא ידוע</UnitOfMeasure>
      <bIsWeighted>0</bIsWeighted>
      <QtyInPackage>לא ידוע</QtyInPackage>
      <ItemPrice>10.90</ItemPrice>
      <UnitOfMeasurePrice>0.6813</UnitOfMeasurePrice>
      <AllowDiscount>1</AllowDiscount>
      <ItemStatus>1</ItemStatus>
      <ItemId>254447</ItemId>
    </Item>
    <Item>
      <PriceUpdateDate>2025-09-08 07:54:58</PriceUpdateDate>
      <ItemCode>7290018929209</ItemCode>
      <ItemType>1</ItemType>
      <ItemName>ניילון לכיסוי מזון ש</ItemName>
      <ManufacturerName>לא ידוע</ManufacturerName>
      <ManufactureCountry>לא ידוע</ManufactureCountry>
      <ManufacturerItemDescription>ניילון לכיסוי מזון ש</ManufacturerItemDescription>
      <UnitQty>יחידה   </UnitQty>
      <Quantity>0.00</Quantity>
      <UnitOfMeasure>יחידה   </UnitOfMeasure>
      <bIsWeighted>0</bIsWeighted>
      <QtyInPackage>לא ידוע</QtyInPackage>
      <ItemPrice>6.90</ItemPrice>
      <UnitOfMeasurePrice>0.0000</UnitOfMeasurePrice>
      <AllowDiscount>1</AllowDiscount>
      <ItemStatus>1</ItemStatus>
      <ItemId>254449</ItemId>
    </Item>
    <Item>
      <PriceUpdateDate>2025-09-08 07:54:59</PriceUpdateDate>
      <ItemCode>7290018929858</ItemCode>
      <ItemType>1</ItemType>
      <ItemName>להבונים לשבתות וחגים</ItemName>
      <ManufacturerName>לא ידוע</ManufacturerName>
      <ManufactureCountry>לא ידוע</ManufactureCountry>
      <ManufacturerItemDescription>להבונים לשבתות וחגים</ManufacturerItemDescription>
      <UnitQty>לא ידוע</UnitQty>
      <Quantity>50.00</Quantity>
      <UnitOfMeasure>לא ידוע</UnitOfMeasure>
      <bIsWeighted>0</bIsWeighted>
      <QtyInPackage>לא ידוע</QtyInPackage>
      <ItemPrice>10.90</ItemPrice>
      <UnitOfMeasurePrice>0.2180</UnitOfMeasurePrice>
      <AllowDiscount>1</AllowDiscount>
      <ItemStatus>1</ItemStatus>
      <ItemId>254451</ItemId>
    </Item>
    <Item>
      <PriceUpdateDate>2025-08-20 07:25:44</PriceUpdateDate>
      <ItemCode>7290120342859</ItemCode>
      <ItemType>1</ItemType>
      <ItemName>נודלס 1.5 ממ פילגוד</ItemName>
      <ManufacturerName>לא ידוע</ManufacturerName>
      <ManufactureCountry>לא ידוע</ManufactureCountry>
      <ManufacturerItemDescription>נודלס 1.5 ממ פילגוד</ManufacturerItemDescription>
      <UnitQty>לא ידוע</UnitQty>
      <Quantity>400.00</Quantity>
      <UnitOfMeasure>לא ידוע</UnitOfMeasure>
      <bIsWeighted>0</bIsWeighted>
      <QtyInPackage>לא ידוע</QtyInPackage>
      <ItemPrice>6.90</ItemPrice>
      <UnitOfMeasurePrice>0.0173</UnitOfMeasurePrice>
      <AllowDiscount>1</AllowDiscount>
      <ItemStatus>1</ItemStatus>
      <ItemId>254456</ItemId>
    </Item>
    <Item>
      <PriceUpdateDate>2025-09-07 08:06:43</PriceUpdateDate>
      <ItemCode>7290120342903</ItemCode>
      <ItemType>1</ItemType>
      <ItemName>נודלס 3ממ פילגוד 400</ItemName>
      <ManufacturerName>לא ידוע</ManufacturerName>
      <ManufactureCountry>לא ידוע</ManufactureCountry>
      <ManufacturerItemDescription>נודלס 3ממ פילגוד 400</ManufacturerItemDescription>
      <UnitQty>לא ידוע</UnitQty>
      <Quantity>400.00</Quantity>
      <UnitOfMeasure>לא ידוע</UnitOfMeasure>
      <bIsWeighted>0</bIsWeighted>
      <QtyInPackage>לא ידוע</QtyInPackage>
      <ItemPrice>6.90</ItemPrice>
      <UnitOfMeasurePrice>0.0173</UnitOfMeasurePrice>
      <AllowDiscount>1</AllowDiscount>
      <ItemStatus>1</ItemStatus>
      <ItemId>254457</ItemId>
    </Item>
    <Item>
      <PriceUpdateDate>2025-08-27 08:21:01</PriceUpdateDate>
      <ItemCode>4760161882131</ItemCode>
      <ItemType>1</ItemType>
      <ItemName>פסטה פנה ריגטה פאבלי</ItemName>
      <ManufacturerName>לא ידוע</ManufacturerName>
      <ManufactureCountry>לא ידוע</ManufactureCountry>
      <ManufacturerItemDescription>פסטה פנה ריגטה פאבלי</ManufacturerItemDescription>
      <UnitQty>לא ידוע</UnitQty>
      <Quantity>400.00</Quantity>
      <UnitOfMeasure>לא ידוע</UnitOfMeasure>
      <bIsWeighted>0</bIsWeighted>
      <QtyInPackage>לא ידוע</QtyInPackage>
      <ItemPrice>5.90</ItemPrice>
      <UnitOfMeasurePrice>0.0148</UnitOfMeasurePrice>
      <AllowDiscount>1</AllowDiscount>
      <ItemStatus>1</ItemStatus>
      <ItemId>254460</ItemId>
    </Item>
    <Item>
      <PriceUpdateDate>2025-08-27 09:11:25</PriceUpdateDate>
      <ItemCode>4760161882148</ItemCode>
      <ItemType>1</ItemType>
      <ItemName>פסטה פוזילי פאבלי 40</ItemName>
      <ManufacturerName>לא ידוע</ManufacturerName>
      <ManufactureCountry>לא ידוע</ManufactureCountry>
      <ManufacturerItemDescription>פסטה פוזילי פאבלי 40</ManufacturerItemDescription>
      <UnitQty>לא ידוע</UnitQty>
      <Quantity>400.00</Quantity>
      <UnitOfMeasure>לא ידוע</UnitOfMeasure>
      <bIsWeighted>0</bIsWeighted>
      <QtyInPackage>לא ידוע</QtyInPackage>
      <ItemPrice>5.90</ItemPrice>
      <UnitOfMeasurePrice>0.0148</UnitOfMeasurePrice>
      <AllowDiscount>1</AllowDiscount>
      <ItemStatus>1</ItemStatus>
      <ItemId>254461</ItemId>
    </Item>
    <Item>
      <PriceUpdateDate>2025-08-19 18:19:17</PriceUpdateDate>
      <ItemCode>658842342989</ItemCode>
      <ItemType>1</ItemType>
      <ItemName>אטריות ביצים למרק תו</ItemName>
      <ManufacturerName>לא ידוע</ManufacturerName>
      <ManufactureCountry>לא ידוע</ManufactureCountry>
      <ManufacturerItemDescription>אטריות ביצים למרק תו</ManufacturerItemDescription>
      <UnitQty>לא ידוע</UnitQty>
      <Quantity>500.00</Quantity>
      <UnitOfMeasure>לא ידוע</UnitOfMeasure>
      <bIsWeighted>0</bIsWeighted>
      <QtyInPackage>לא ידוע</QtyInPackage>
      <ItemPrice>13.90</ItemPrice>
      <UnitOfMeasurePrice>0.0278</UnitOfMeasurePrice>
      <AllowDiscount>1</AllowDiscount>
      <ItemStatus>1</ItemStatus>
      <ItemId>254470</ItemId>
    </Item>
    <Item>
      <PriceUpdateDate>2025-08-19 18:19:18</PriceUpdateDate>
      <ItemCode>658842343009</ItemCode>
      <ItemType>1</ItemType>
      <ItemName>אטריות ביצים רחבות ת</ItemName>
      <ManufacturerName>לא ידוע</ManufacturerName>
      <ManufactureCountry>לא ידוע</ManufactureCountry>
      <ManufacturerItemDescription>אטריות ביצים רחבות ת</ManufacturerItemDescription>
      <UnitQty>לא ידוע</UnitQty>
      <Quantity>500.00</Quantity>
      <UnitOfMeasure>לא ידוע</UnitOfMeasure>
      <bIsWeighted>0</bIsWeighted>
      <QtyInPackage>לא ידוע</QtyInPackage>
      <ItemPrice>13.90</ItemPrice>
      <UnitOfMeasurePrice>0.0278</UnitOfMeasurePrice>
      <AllowDiscount>1</AllowDiscount>
      <ItemStatus>1</ItemStatus>
      <ItemId>254472</ItemId>
    </Item>
    <Item>
      <PriceUpdateDate>2025-08-19 18:19:18</PriceUpdateDate>
      <ItemCode>658842343016</ItemCode>
      <ItemType>1</ItemType>
      <ItemName>אטריות ביצים מסולסלו</ItemName>
      <ManufacturerName>לא ידוע</ManufacturerName>
      <ManufactureCountry>לא ידוע</ManufactureCountry>
      <ManufacturerItemDescription>אטריות ביצים מסולסלו</ManufacturerItemDescription>
      <UnitQty>לא ידוע</UnitQty>
      <Quantity>500.00</Quantity>
      <UnitOfMeasure>לא ידוע</UnitOfMeasure>
      <bIsWeighted>0</bIsWeighted>
      <QtyInPackage>לא ידוע</QtyInPackage>
      <ItemPrice>13.90</ItemPrice>
      <UnitOfMeasurePrice>0.0278</UnitOfMeasurePrice>
      <AllowDiscount>1</AllowDiscount>
      <ItemStatus>1</ItemStatus>
      <ItemId>254473</ItemId>
    </Item>
    <Item>
      <PriceUpdateDate>2025-08-26 11:54:40</PriceUpdateDate>
      <ItemCode>7290114313278</ItemCode>
      <ItemType>1</ItemType>
      <ItemName>מולר פרוטאין משקה בט</ItemName>
      <ManufacturerName>לא ידוע</ManufacturerName>
      <ManufactureCountry>לא ידוע</ManufactureCountry>
      <ManufacturerItemDescription>מולר פרוטאין משקה בט</ManufacturerItemDescription>
      <UnitQty>לא ידוע</UnitQty>
      <Quantity>350.00</Quantity>
      <UnitOfMeasure>לא ידוע</UnitOfMeasure>
      <bIsWeighted>0</bIsWeighted>
      <QtyInPackage>לא ידוע</QtyInPackage>
      <ItemPrice>9.90</ItemPrice>
      <UnitOfMeasurePrice>0.0283</UnitOfMeasurePrice>
      <AllowDiscount>1</AllowDiscount>
      <ItemStatus>1</ItemStatus>
      <ItemId>254503</ItemId>
    </Item>
    <Item>
      <PriceUpdateDate>2025-08-26 11:54:47</PriceUpdateDate>
      <ItemCode>7290114313865</ItemCode>
      <ItemType>1</ItemType>
      <ItemName>חלב נוטל לקטוז 1 ליט</ItemName>
      <ManufacturerName>לא ידוע</ManufacturerName>
      <ManufactureCountry>לא ידוע</ManufactureCountry>
      <ManufacturerItemDescription>חלב נוטל לקטוז 1 ליט</ManufacturerItemDescription>
      <UnitQty>לא ידוע</UnitQty>
      <Quantity>1000.00</Quantity>
      <UnitOfMeasure>לא ידוע</UnitOfMeasure>
      <bIsWeighted>0</bIsWeighted>
      <QtyInPackage>לא ידוע</QtyInPackage>
      <ItemPrice>17.50</ItemPrice>
      <UnitOfMeasurePrice>0.0175</UnitOfMeasurePrice>
      <AllowDiscount>1</AllowDiscount>
      <ItemStatus>1</ItemStatus>
      <ItemId>254505</ItemId>
    </Item>
    <Item>
      <PriceUpdateDate>2025-08-31 09:57:38</PriceUpdateDate>
      <ItemCode>7290019587521</ItemCode>
      <ItemType>1</ItemType>
      <ItemName>קורנישון 26-34 יח 67</ItemName>
      <ManufacturerName>לא ידוע</ManufacturerName>
      <ManufactureCountry>לא ידוע</ManufactureCountry>
      <ManufacturerItemDescription>קורנישון 26-34 יח 67</ManufacturerItemDescription>
      <UnitQty>לא ידוע</UnitQty>
      <Quantity>670.00</Quantity>
      <UnitOfMeasure>לא ידוע</UnitOfMeasure>
      <bIsWeighted>0</bIsWeighted>
      <QtyInPackage>לא ידוע</QtyInPackage>
      <ItemPrice>14.90</ItemPrice>
      <UnitOfMeasurePrice>0.0222</UnitOfMeasurePrice>
      <AllowDiscount>1</AllowDiscount>
      <ItemStatus>1</ItemStatus>
      <ItemId>254523</ItemId>
    </Item>
    <Item>
      <PriceUpdateDate>2025-12-03 09:32:56</PriceUpdateDate>
      <ItemCode>7290020244055</ItemCode>
      <ItemType>1</ItemType>
      <ItemName>*מבצע* ציפס בטטה תומ</ItemName>
      <ManufacturerName>לא ידוע</ManufacturerName>
      <ManufactureCountry>לא ידוע</ManufactureCountry>
      <ManufacturerItemDescription>*מבצע* ציפס בטטה תומ</ManufacturerItemDescription>
      <UnitQty>לא ידוע</UnitQty>
      <Quantity>500.00</Quantity>
      <UnitOfMeasure>לא ידוע</UnitOfMeasure>
      <bIsWeighted>0</bIsWeighted>
      <QtyInPackage>לא ידוע</QtyInPackage>
      <ItemPrice>12.80</ItemPrice>
      <UnitOfMeasurePrice>0.0256</UnitOfMeasurePrice>
      <AllowDiscount>1</AllowDiscount>
      <ItemStatus>1</ItemStatus>
      <ItemId>254524</ItemId>
    </Item>
    <Item>
      <PriceUpdateDate>2025-09-07 12:46:30</PriceUpdateDate>
      <ItemCode>9008700181747</ItemCode>
      <ItemType>1</ItemType>
      <ItemName>הפי דיי נקטר אפרסקים</ItemName>
      <ManufacturerName>לא ידוע</ManufacturerName>
      <ManufactureCountry>לא ידוע</ManufactureCountry>
      <ManufacturerItemDescription>הפי דיי נקטר אפרסקים</ManufacturerItemDescription>
      <UnitQty>לא ידוע</UnitQty>
      <Quantity>1000.00</Quantity>
      <UnitOfMeasure>לא ידוע</UnitOfMeasure>
      <bIsWeighted>0</bIsWeighted>
      <QtyInPackage>לא ידוע</QtyInPackage>
      <ItemPrice>15.90</ItemPrice>
      <UnitOfMeasurePrice>0.0159</UnitOfMeasurePrice>
      <AllowDiscount>1</AllowDiscount>
      <ItemStatus>1</ItemStatus>
      <ItemId>254539</ItemId>
    </Item>
    <Item>
      <PriceUpdateDate>2025-09-07 12:46:31</PriceUpdateDate>
      <ItemCode>9008700183420</ItemCode>
      <ItemType>1</ItemType>
      <ItemName>הפי דיי נקטר אשכולית</ItemName>
      <ManufacturerName>לא ידוע</ManufacturerName>
      <ManufactureCountry>לא ידוע</ManufactureCountry>
      <ManufacturerItemDescription>הפי דיי נקטר אשכולית</ManufacturerItemDescription>
      <UnitQty>לא ידוע</UnitQty>
      <Quantity>1000.00</Quantity>
      <UnitOfMeasure>לא ידוע</UnitOfMeasure>
      <bIsWeighted>0</bIsWeighted>
      <QtyInPackage>לא ידוע</QtyInPackage>
      <ItemPrice>15.90</ItemPrice>
      <UnitOfMeasurePrice>0.0159</UnitOfMeasurePrice>
      <AllowDiscount>1</AllowDiscount>
      <ItemStatus>1</ItemStatus>
      <ItemId>254542</ItemId>
    </Item>
    <Item>
      <PriceUpdateDate>2025-08-31 08:48:49</PriceUpdateDate>
      <ItemCode>7290013725707</ItemCode>
      <ItemType>1</ItemType>
      <ItemName>שמן שומשום 150מ"ל</ItemName>
      <ManufacturerName>לא ידוע</ManufacturerName>
      <ManufactureCountry>לא ידוע</ManufactureCountry>
      <ManufacturerItemDescription>שמן שומשום 150מ"ל</ManufacturerItemDescription>
      <UnitQty>לא ידוע</UnitQty>
      <Quantity>150.00</Quantity>
      <UnitOfMeasure>לא ידוע</UnitOfMeasure>
      <bIsWeighted>0</bIsWeighted>
      <QtyInPackage>לא ידוע</QtyInPackage>
      <ItemPrice>15.90</ItemPrice>
      <UnitOfMeasurePrice>0.1060</UnitOfMeasurePrice>
      <AllowDiscount>1</AllowDiscount>
      <ItemStatus>1</ItemStatus>
      <ItemId>254617</ItemId>
    </Item>
    <Item>
      <PriceUpdateDate>2025-08-31 14:06:04</PriceUpdateDate>
      <ItemCode>7290019926979</ItemCode>
      <ItemType>1</ItemType>
      <ItemName>האופה פתיתים בצורת כ</ItemName>
      <ManufacturerName>לא ידוע</ManufacturerName>
      <ManufactureCountry>לא ידוע</ManufactureCountry>
      <ManufacturerItemDescription>האופה פתיתים בצורת כ</ManufacturerItemDescription>
      <UnitQty>לא ידוע</UnitQty>
      <Quantity>400.00</Quantity>
      <UnitOfMeasure>לא ידוע</UnitOfMeasure>
      <bIsWeighted>0</bIsWeighted>
      <QtyInPackage>לא ידוע</QtyInPackage>
      <ItemPrice>6.50</ItemPrice>
      <UnitOfMeasurePrice>0.0163</UnitOfMeasurePrice>
      <AllowDiscount>1</AllowDiscount>
      <ItemStatus>1</ItemStatus>
      <ItemId>254636</ItemId>
    </Item>
    <Item>
      <PriceUpdateDate>2025-08-31 14:06:02</PriceUpdateDate>
      <ItemCode>7290019926238</ItemCode>
      <ItemType>1</ItemType>
      <ItemName>האופה - דפי אורז 300</ItemName>
      <ManufacturerName>לא ידוע</ManufacturerName>
      <ManufactureCountry>לא ידוע</ManufactureCountry>
      <ManufacturerItemDescription>האופה - דפי אורז 300</ManufacturerItemDescription>
      <UnitQty>לא ידוע</UnitQty>
      <Quantity>300.00</Quantity>
      <UnitOfMeasure>לא ידוע</UnitOfMeasure>
      <bIsWeighted>0</bIsWeighted>
      <QtyInPackage>לא ידוע</QtyInPackage>
      <ItemPrice>10.90</ItemPrice>
      <UnitOfMeasurePrice>0.0363</UnitOfMeasurePrice>
      <AllowDiscount>1</AllowDiscount>
      <ItemStatus>1</ItemStatus>
      <ItemId>254640</ItemId>
    </Item>
    <Item>
      <PriceUpdateDate>2025-09-03 13:28:53</PriceUpdateDate>
      <ItemCode>7290119860791</ItemCode>
      <ItemType>1</ItemType>
      <ItemName>וואווז אפונה ירוקה ע</ItemName>
      <ManufacturerName>לא ידוע</ManufacturerName>
      <ManufactureCountry>לא ידוע</ManufactureCountry>
      <ManufacturerItemDescription>וואווז אפונה ירוקה ע</ManufacturerItemDescription>
      <UnitQty>לא ידוע</UnitQty>
      <Quantity>50.00</Quantity>
      <UnitOfMeasure>לא ידוע</UnitOfMeasure>
      <bIsWeighted>0</bIsWeighted>
      <QtyInPackage>לא ידוע</QtyInPackage>
      <ItemPrice>6.90</ItemPrice>
      <UnitOfMeasurePrice>0.1380</UnitOfMeasurePrice>
      <AllowDiscount>1</AllowDiscount>
      <ItemStatus>1</ItemStatus>
      <ItemId>254696</ItemId>
    </Item>
    <Item>
      <PriceUpdateDate>2025-09-03 13:28:53</PriceUpdateDate>
      <ItemCode>7290119860814</ItemCode>
      <ItemType>1</ItemType>
      <ItemName>וואווז עדשים כתומות</ItemName>
      <ManufacturerName>לא ידוע</ManufacturerName>
      <ManufactureCountry>לא ידוע</ManufactureCountry>
      <ManufacturerItemDescription>וואווז עדשים כתומות</ManufacturerItemDescription>
      <UnitQty>לא ידוע</UnitQty>
      <Quantity>50.00</Quantity>
      <UnitOfMeasure>לא ידוע</UnitOfMeasure>
      <bIsWeighted>0</bIsWeighted>
      <QtyInPackage>לא ידוע</QtyInPackage>
      <ItemPrice>6.90</ItemPrice>
      <UnitOfMeasurePrice>0.1380</UnitOfMeasurePrice>
      <AllowDiscount>1</AllowDiscount>
      <ItemStatus>1</ItemStatus>
      <ItemId>254698</ItemId>
    </Item>
    <Item>
      <PriceUpdateDate>2025-09-07 10:41:08</PriceUpdateDate>
      <ItemCode>7290104965753</ItemCode>
      <ItemType>1</ItemType>
      <ItemName>קרליין שמפו 10 זרעים</ItemName>
      <ManufacturerName>לא ידוע</ManufacturerName>
      <ManufactureCountry>לא ידוע</ManufactureCountry>
      <ManufacturerItemDescription>קרליין שמפו 10 זרעים</ManufacturerItemDescription>
      <UnitQty>לא ידוע</UnitQty>
      <Quantity>700.00</Quantity>
      <UnitOfMeasure>לא ידוע</UnitOfMeasure>
      <bIsWeighted>0</bIsWeighted>
      <QtyInPackage>לא ידוע</QtyInPackage>
      <ItemPrice>15.90</ItemPrice>
      <UnitOfMeasurePrice>0.0227</UnitOfMeasurePrice>
      <AllowDiscount>1</AllowDiscount>
      <ItemStatus>1</ItemStatus>
      <ItemId>254773</ItemId>
    </Item>
    <Item>
      <PriceUpdateDate>2025-09-07 10:42:18</PriceUpdateDate>
      <ItemCode>7290108358414</ItemCode>
      <ItemType>1</ItemType>
      <ItemName>סנו מקסימה גל כביסה+</ItemName>
      <ManufacturerName>לא ידוע</ManufacturerName>
      <ManufactureCountry>לא ידוע</ManufactureCountry>
      <ManufacturerItemDescription>סנו מקסימה גל כביסה+</ManufacturerItemDescription>
      <UnitQty>ליטרים</UnitQty>
      <Quantity>3.00</Quantity>
      <UnitOfMeasure>ליטר    </UnitOfMeasure>
      <bIsWeighted>0</bIsWeighted>
      <QtyInPackage>לא ידוע</QtyInPackage>
      <ItemPrice>63.90</ItemPrice>
      <UnitOfMeasurePrice>21.3000</UnitOfMeasurePrice>
      <AllowDiscount>1</AllowDiscount>
      <ItemStatus>1</ItemStatus>
      <ItemId>254776</ItemId>
    </Item>
    <Item>
      <PriceUpdateDate>2025-06-12 15:05:18</PriceUpdateDate>
      <ItemCode>7290110118624</ItemCode>
      <ItemType>1</ItemType>
      <ItemName>פיוז טי בטעם אבטיח ת</ItemName>
      <ManufacturerName>לא ידוע</ManufacturerName>
      <ManufactureCountry>לא ידוע</ManufactureCountry>
      <ManufacturerItemDescription>פיוז טי בטעם אבטיח ת</ManufacturerItemDescription>
      <UnitQty>לא ידוע</UnitQty>
      <Quantity>1500.00</Quantity>
      <UnitOfMeasure>לא ידוע</UnitOfMeasure>
      <bIsWeighted>0</bIsWeighted>
      <QtyInPackage>לא ידוע</QtyInPackage>
      <ItemPrice>9.10</ItemPrice>
      <UnitOfMeasurePrice>0.0061</UnitOfMeasurePrice>
      <AllowDiscount>1</AllowDiscount>
      <ItemStatus>1</ItemStatus>
      <ItemId>254789</ItemId>
    </Item>
    <Item>
      <PriceUpdateDate>2025-09-01 08:22:00</PriceUpdateDate>
      <ItemCode>7290019997214</ItemCode>
      <ItemType>1</ItemType>
      <ItemName>זיתים ירוקים ענקיים</ItemName>
      <ManufacturerName>לא ידוע</ManufacturerName>
      <ManufactureCountry>לא ידוע</ManufactureCountry>
      <ManufacturerItemDescription>זיתים ירוקים ענקיים</ManufacturerItemDescription>
      <UnitQty>לא ידוע</UnitQty>
      <Quantity>340.00</Quantity>
      <UnitOfMeasure>לא ידוע</UnitOfMeasure>
      <bIsWeighted>0</bIsWeighted>
      <QtyInPackage>לא ידוע</QtyInPackage>
      <ItemPrice>15.90</ItemPrice>
      <UnitOfMeasurePrice>0.0468</UnitOfMeasurePrice>
      <AllowDiscount>1</AllowDiscount>
      <ItemStatus>1</ItemStatus>
      <ItemId>254807</ItemId>
    </Item>
    <Item>
      <PriceUpdateDate>2025-08-21 13:13:55</PriceUpdateDate>
      <ItemCode>7290008351829</ItemCode>
      <ItemType>1</ItemType>
      <ItemName>אצבעות דג 700 גר'  ת</ItemName>
      <ManufacturerName>לא ידוע</ManufacturerName>
      <ManufactureCountry>לא ידוע</ManufactureCountry>
      <ManufacturerItemDescription>אצבעות דג 700 גר'  ת</ManufacturerItemDescription>
      <UnitQty>לא ידוע</UnitQty>
      <Quantity>700.00</Quantity>
      <UnitOfMeasure>לא ידוע</UnitOfMeasure>
      <bIsWeighted>0</bIsWeighted>
      <QtyInPackage>לא ידוע</QtyInPackage>
      <ItemPrice>38.90</ItemPrice>
      <UnitOfMeasurePrice>0.0556</UnitOfMeasurePrice>
      <AllowDiscount>1</AllowDiscount>
      <ItemStatus>1</ItemStatus>
      <ItemId>254811</ItemId>
    </Item>
    <Item>
      <PriceUpdateDate>2025-06-15 14:20:19</PriceUpdateDate>
      <ItemCode>7290019333616</ItemCode>
      <ItemType>1</ItemType>
      <ItemName>ירקות מעורבים בטעם ח</ItemName>
      <ManufacturerName>לא ידוע</ManufacturerName>
      <ManufactureCountry>לא ידוע</ManufactureCountry>
      <ManufacturerItemDescription>ירקות מעורבים בטעם ח</ManufacturerItemDescription>
      <UnitQty>לא ידוע</UnitQty>
      <Quantity>320.00</Quantity>
      <UnitOfMeasure>לא ידוע</UnitOfMeasure>
      <bIsWeighted>0</bIsWeighted>
      <QtyInPackage>לא ידוע</QtyInPackage>
      <ItemPrice>17.90</ItemPrice>
      <UnitOfMeasurePrice>0.0559</UnitOfMeasurePrice>
      <AllowDiscount>1</AllowDiscount>
      <ItemStatus>1</ItemStatus>
      <ItemId>254813</ItemId>
    </Item>
    <Item>
      <PriceUpdateDate>2025-09-08 07:55:15</PriceUpdateDate>
      <ItemCode>7290019401773</ItemCode>
      <ItemType>1</ItemType>
      <ItemName>חטיף פרוטאין מקס צ'י</ItemName>
      <ManufacturerName>לא ידוע</ManufacturerName>
      <ManufactureCountry>לא ידוע</ManufactureCountry>
      <ManufacturerItemDescription>חטיף פרוטאין מקס צ'י</ManufacturerItemDescription>
      <UnitQty>לא ידוע</UnitQty>
      <Quantity>72.00</Quantity>
      <UnitOfMeasure>לא ידוע</UnitOfMeasure>
      <bIsWeighted>0</bIsWeighted>
      <QtyInPackage>לא ידוע</QtyInPackage>
      <ItemPrice>19.90</ItemPrice>
      <UnitOfMeasurePrice>0.2764</UnitOfMeasurePrice>
      <AllowDiscount>1</AllowDiscount>
      <ItemStatus>1</ItemStatus>
      <ItemId>254814</ItemId>
    </Item>
    <Item>
      <PriceUpdateDate>2025-09-08 07:55:15</PriceUpdateDate>
      <ItemCode>7290019401766</ItemCode>
      <ItemType>1</ItemType>
      <ItemName>חטיף פרוטאין מקס צ'י</ItemName>
      <ManufacturerName>לא ידוע</ManufacturerName>
      <ManufactureCountry>לא ידוע</ManufactureCountry>
      <ManufacturerItemDescription>חטיף פרוטאין מקס צ'י</ManufacturerItemDescription>
      <UnitQty>לא ידוע</UnitQty>
      <Quantity>72.00</Quantity>
      <UnitOfMeasure>לא ידוע</UnitOfMeasure>
      <bIsWeighted>0</bIsWeighted>
      <QtyInPackage>לא ידוע</QtyInPackage>
      <ItemPrice>19.90</ItemPrice>
      <UnitOfMeasurePrice>0.2764</UnitOfMeasurePrice>
      <AllowDiscount>1</AllowDiscount>
      <ItemStatus>1</ItemStatus>
      <ItemId>254819</ItemId>
    </Item>
    <Item>
      <PriceUpdateDate>2025-08-26 16:06:04</PriceUpdateDate>
      <ItemCode>7290118427605</ItemCode>
      <ItemType>1</ItemType>
      <ItemName>מנה חמה ווק נודלס בר</ItemName>
      <ManufacturerName>קריות זול</ManufacturerName>
      <ManufactureCountry>לא ידוע</ManufactureCountry>
      <ManufacturerItemDescription>מנה חמה ווק נודלס בר</ManufacturerItemDescription>
      <UnitQty>לא ידוע</UnitQty>
      <Quantity>70.00</Quantity>
      <UnitOfMeasure>לא ידוע</UnitOfMeasure>
      <bIsWeighted>0</bIsWeighted>
      <QtyInPackage>לא ידוע</QtyInPackage>
      <ItemPrice>15.90</ItemPrice>
      <UnitOfMeasurePrice>0.2271</UnitOfMeasurePrice>
      <AllowDiscount>1</AllowDiscount>
      <ItemStatus>1</ItemStatus>
      <ItemId>254834</ItemId>
    </Item>
    <Item>
      <PriceUpdateDate>2025-08-26 16:06:04</PriceUpdateDate>
      <ItemCode>7290118427629</ItemCode>
      <ItemType>1</ItemType>
      <ItemName>מנה חמה מרק בסגנון ר</ItemName>
      <ManufacturerName>קריות זול</ManufacturerName>
      <ManufactureCountry>לא ידוע</ManufactureCountry>
      <ManufacturerItemDescription>מנה חמה מרק בסגנון ר</ManufacturerItemDescription>
      <UnitQty>לא ידוע</UnitQty>
      <Quantity>70.00</Quantity>
      <UnitOfMeasure>לא ידוע</UnitOfMeasure>
      <bIsWeighted>0</bIsWeighted>
      <QtyInPackage>לא ידוע</QtyInPackage>
      <ItemPrice>15.90</ItemPrice>
      <UnitOfMeasurePrice>0.2271</UnitOfMeasurePrice>
      <AllowDiscount>1</AllowDiscount>
      <ItemStatus>1</ItemStatus>
      <ItemId>254835</ItemId>
    </Item>
    <Item>
      <PriceUpdateDate>2025-08-26 16:06:05</PriceUpdateDate>
      <ItemCode>7290118427704</ItemCode>
      <ItemType>1</ItemType>
      <ItemName>מנה חמה מרק בסגנון ט</ItemName>
      <ManufacturerName>קריות זול</ManufacturerName>
      <ManufactureCountry>לא ידוע</ManufactureCountry>
      <ManufacturerItemDescription>מנה חמה מרק בסגנון ט</ManufacturerItemDescription>
      <UnitQty>לא ידוע</UnitQty>
      <Quantity>70.00</Quantity>
      <UnitOfMeasure>לא ידוע</UnitOfMeasure>
      <bIsWeighted>0</bIsWeighted>
      <QtyInPackage>לא ידוע</QtyInPackage>
      <ItemPrice>15.90</ItemPrice>
      <UnitOfMeasurePrice>0.2271</UnitOfMeasurePrice>
      <AllowDiscount>1</AllowDiscount>
      <ItemStatus>1</ItemStatus>
      <ItemId>254837</ItemId>
    </Item>
    <Item>
      <PriceUpdateDate>2025-09-04 12:04:34</PriceUpdateDate>
      <ItemCode>7290119774944</ItemCode>
      <ItemType>1</ItemType>
      <ItemName>נרה מים מינרליים 1.5</ItemName>
      <ManufacturerName>לא ידוע</ManufacturerName>
      <ManufactureCountry>לא ידוע</ManufactureCountry>
      <ManufacturerItemDescription>נרה מים מינרליים 1.5</ManufacturerItemDescription>
      <UnitQty>לא ידוע</UnitQty>
      <Quantity>9000.00</Quantity>
      <UnitOfMeasure>לא ידוע</UnitOfMeasure>
      <bIsWeighted>0</bIsWeighted>
      <QtyInPackage>לא ידוע</QtyInPackage>
      <ItemPrice>15.90</ItemPrice>
      <UnitOfMeasurePrice>0.0018</UnitOfMeasurePrice>
      <AllowDiscount>1</AllowDiscount>
      <ItemStatus>1</ItemStatus>
      <ItemId>254841</ItemId>
    </Item>
    <Item>
      <PriceUpdateDate>2025-08-20 12:43:16</PriceUpdateDate>
      <ItemCode>70970475399</ItemCode>
      <ItemType>1</ItemType>
      <ItemName>סוכריות ג'לי בינס פי</ItemName>
      <ManufacturerName>לא ידוע</ManufacturerName>
      <ManufactureCountry>לא ידוע</ManufactureCountry>
      <ManufacturerItemDescription>סוכריות ג'לי בינס פי</ManufacturerItemDescription>
      <UnitQty>לא ידוע</UnitQty>
      <Quantity>120.00</Quantity>
      <UnitOfMeasure>לא ידוע</UnitOfMeasure>
      <bIsWeighted>0</bIsWeighted>
      <QtyInPackage>לא ידוע</QtyInPackage>
      <ItemPrice>12.90</ItemPrice>
      <UnitOfMeasurePrice>0.1075</UnitOfMeasurePrice>
      <AllowDiscount>1</AllowDiscount>
      <ItemStatus>1</ItemStatus>
      <ItemId>254877</ItemId>
    </Item>
    <Item>
      <PriceUpdateDate>2025-08-26 16:05:51</PriceUpdateDate>
      <ItemCode>7290118423669</ItemCode>
      <ItemType>1</ItemType>
      <ItemName>אפרופו טיובס טבעות ב</ItemName>
      <ManufacturerName>קריות זול</ManufacturerName>
      <ManufactureCountry>לא ידוע</ManufactureCountry>
      <ManufacturerItemDescription>אפרופו טיובס טבעות ב</ManufacturerItemDescription>
      <UnitQty>לא ידוע</UnitQty>
      <Quantity>50.00</Quantity>
      <UnitOfMeasure>לא ידוע</UnitOfMeasure>
      <bIsWeighted>0</bIsWeighted>
      <QtyInPackage>לא ידוע</QtyInPackage>
      <ItemPrice>6.90</ItemPrice>
      <UnitOfMeasurePrice>0.1380</UnitOfMeasurePrice>
      <AllowDiscount>1</AllowDiscount>
      <ItemStatus>1</ItemStatus>
      <ItemId>254899</ItemId>
    </Item>
    <Item>
      <PriceUpdateDate>2025-08-26 16:06:01</PriceUpdateDate>
      <ItemCode>7290118426264</ItemCode>
      <ItemType>1</ItemType>
      <ItemName>אסם חטיפי קרקר חמוץ</ItemName>
      <ManufacturerName>לא ידוע</ManufacturerName>
      <ManufactureCountry>לא ידוע</ManufactureCountry>
      <ManufacturerItemDescription>אסם חטיפי קרקר חמוץ</ManufacturerItemDescription>
      <UnitQty>לא ידוע</UnitQty>
      <Quantity>150.00</Quantity>
      <UnitOfMeasure>לא ידוע</UnitOfMeasure>
      <bIsWeighted>0</bIsWeighted>
      <QtyInPackage>לא ידוע</QtyInPackage>
      <ItemPrice>13.90</ItemPrice>
      <UnitOfMeasurePrice>0.0927</UnitOfMeasurePrice>
      <AllowDiscount>1</AllowDiscount>
      <ItemStatus>1</ItemStatus>
      <ItemId>254902</ItemId>
    </Item>
    <Item>
      <PriceUpdateDate>2025-08-26 16:06:09</PriceUpdateDate>
      <ItemCode>7290118428770</ItemCode>
      <ItemType>1</ItemType>
      <ItemName>אפרופו טיובס חמוץ חר</ItemName>
      <ManufacturerName>לא ידוע</ManufacturerName>
      <ManufactureCountry>לא ידוע</ManufactureCountry>
      <ManufacturerItemDescription>אפרופו טיובס חמוץ חר</ManufacturerItemDescription>
      <UnitQty>לא ידוע</UnitQty>
      <Quantity>50.00</Quantity>
      <UnitOfMeasure>לא ידוע</UnitOfMeasure>
      <bIsWeighted>0</bIsWeighted>
      <QtyInPackage>לא ידוע</QtyInPackage>
      <ItemPrice>6.90</ItemPrice>
      <UnitOfMeasurePrice>0.1380</UnitOfMeasurePrice>
      <AllowDiscount>1</AllowDiscount>
      <ItemStatus>1</ItemStatus>
      <ItemId>254903</ItemId>
    </Item>
    <Item>
      <PriceUpdateDate>2025-08-19 09:34:16</PriceUpdateDate>
      <ItemCode>3046920023443</ItemCode>
      <ItemType>1</ItemType>
      <ItemName>לינדט קרמי דארק 80 ג</ItemName>
      <ManufacturerName>לא ידוע</ManufacturerName>
      <ManufactureCountry>לא ידוע</ManufactureCountry>
      <ManufacturerItemDescription>לינדט קרמי דארק 80 ג</ManufacturerItemDescription>
      <UnitQty>לא ידוע</UnitQty>
      <Quantity>80.00</Quantity>
      <UnitOfMeasure>לא ידוע</UnitOfMeasure>
      <bIsWeighted>0</bIsWeighted>
      <QtyInPackage>לא ידוע</QtyInPackage>
      <ItemPrice>26.90</ItemPrice>
      <UnitOfMeasurePrice>0.3362</UnitOfMeasurePrice>
      <AllowDiscount>1</AllowDiscount>
      <ItemStatus>1</ItemStatus>
      <ItemId>254957</ItemId>
    </Item>
    <Item>
      <PriceUpdateDate>2025-08-26 11:49:32</PriceUpdateDate>
      <ItemCode>7290116934556</ItemCode>
      <ItemType>1</ItemType>
      <ItemName>ג'לי תנובה בטעם אפרס</ItemName>
      <ManufacturerName>קריות זול</ManufacturerName>
      <ManufactureCountry>לא ידוע</ManufactureCountry>
      <ManufacturerItemDescription>ג'לי תנובה בטעם אפרס</ManufacturerItemDescription>
      <UnitQty>לא ידוע</UnitQty>
      <Quantity>125.00</Quantity>
      <UnitOfMeasure>לא ידוע</UnitOfMeasure>
      <bIsWeighted>0</bIsWeighted>
      <QtyInPackage>לא ידוע</QtyInPackage>
      <ItemPrice>3.50</ItemPrice>
      <UnitOfMeasurePrice>0.0280</UnitOfMeasurePrice>
      <AllowDiscount>1</AllowDiscount>
      <ItemStatus>1</ItemStatus>
      <ItemId>254961</ItemId>
    </Item>
    <Item>
      <PriceUpdateDate>2025-08-19 11:27:45</PriceUpdateDate>
      <ItemCode>7290000365114</ItemCode>
      <ItemType>1</ItemType>
      <ItemName>כתף מפולפל 120 גרם ט</ItemName>
      <ManufacturerName>לא ידוע</ManufacturerName>
      <ManufactureCountry>לא ידוע</ManufactureCountry>
      <ManufacturerItemDescription>כתף מפולפל 120 גרם ט</ManufacturerItemDescription>
      <UnitQty>לא ידוע</UnitQty>
      <Quantity>120.00</Quantity>
      <UnitOfMeasure>לא ידוע</UnitOfMeasure>
      <bIsWeighted>0</bIsWeighted>
      <QtyInPackage>לא ידוע</QtyInPackage>
      <ItemPrice>41.90</ItemPrice>
      <UnitOfMeasurePrice>0.3492</UnitOfMeasurePrice>
      <AllowDiscount>1</AllowDiscount>
      <ItemStatus>1</ItemStatus>
      <ItemId>254966</ItemId>
    </Item>
    <Item>
      <PriceUpdateDate>2025-08-26 11:49:33</PriceUpdateDate>
      <ItemCode>7290116935409</ItemCode>
      <ItemType>1</ItemType>
      <ItemName>נפוליאון 25% מוקצף ט</ItemName>
      <ManufacturerName>קריות זול</ManufacturerName>
      <ManufactureCountry>לא ידוע</ManufactureCountry>
      <ManufacturerItemDescription>נפוליאון 25% מוקצף ט</ManufacturerItemDescription>
      <UnitQty>לא ידוע</UnitQty>
      <Quantity>180.00</Quantity>
      <UnitOfMeasure>לא ידוע</UnitOfMeasure>
      <bIsWeighted>0</bIsWeighted>
      <QtyInPackage>לא ידוע</QtyInPackage>
      <ItemPrice>17.90</ItemPrice>
      <UnitOfMeasurePrice>0.0994</UnitOfMeasurePrice>
      <AllowDiscount>1</AllowDiscount>
      <ItemStatus>1</ItemStatus>
      <ItemId>254969</ItemId>
    </Item>
    <Item>
      <PriceUpdateDate>2025-09-08 07:55:03</PriceUpdateDate>
      <ItemCode>7290020173249</ItemCode>
      <ItemType>1</ItemType>
      <ItemName>מטליות ספונג 5 יחידו</ItemName>
      <ManufacturerName>לא ידוע</ManufacturerName>
      <ManufactureCountry>לא ידוע</ManufactureCountry>
      <ManufacturerItemDescription>מטליות ספונג 5 יחידו</ManufacturerItemDescription>
      <UnitQty>יחידה   </UnitQty>
      <Quantity>0.00</Quantity>
      <UnitOfMeasure>יחידה   </UnitOfMeasure>
      <bIsWeighted>0</bIsWeighted>
      <QtyInPackage>לא ידוע</QtyInPackage>
      <ItemPrice>10.90</ItemPrice>
      <UnitOfMeasurePrice>0.0000</UnitOfMeasurePrice>
      <AllowDiscount>1</AllowDiscount>
      <ItemStatus>1</ItemStatus>
      <ItemId>255011</ItemId>
    </Item>
    <Item>
      <PriceUpdateDate>2025-09-07 08:01:49</PriceUpdateDate>
      <ItemCode>7290119420049</ItemCode>
      <ItemType>1</ItemType>
      <ItemName>ביטון יוחאי-פפריקה מ</ItemName>
      <ManufacturerName>לא ידוע</ManufacturerName>
      <ManufactureCountry>לא ידוע</ManufactureCountry>
      <ManufacturerItemDescription>ביטון יוחאי-פפריקה מ</ManufacturerItemDescription>
      <UnitQty>לא ידוע</UnitQty>
      <Quantity>400.00</Quantity>
      <UnitOfMeasure>לא ידוע</UnitOfMeasure>
      <bIsWeighted>0</bIsWeighted>
      <QtyInPackage>לא ידוע</QtyInPackage>
      <ItemPrice>24.90</ItemPrice>
      <UnitOfMeasurePrice>0.0622</UnitOfMeasurePrice>
      <AllowDiscount>1</AllowDiscount>
      <ItemStatus>1</ItemStatus>
      <ItemId>255021</ItemId>
    </Item>
    <Item>
      <PriceUpdateDate>2025-09-04 08:12:07</PriceUpdateDate>
      <ItemCode>7290109581514</ItemCode>
      <ItemType>1</ItemType>
      <ItemName>פסטה עם נקניקיות 350</ItemName>
      <ManufacturerName>לא ידוע</ManufacturerName>
      <ManufactureCountry>לא ידוע</ManufactureCountry>
      <ManufacturerItemDescription>פסטה עם נקניקיות 350</ManufacturerItemDescription>
      <UnitQty>לא ידוע</UnitQty>
      <Quantity>350.00</Quantity>
      <UnitOfMeasure>לא ידוע</UnitOfMeasure>
      <bIsWeighted>0</bIsWeighted>
      <QtyInPackage>לא ידוע</QtyInPackage>
      <ItemPrice>34.90</ItemPrice>
      <UnitOfMeasurePrice>0.0997</UnitOfMeasurePrice>
      <AllowDiscount>1</AllowDiscount>
      <ItemStatus>1</ItemStatus>
      <ItemId>255034</ItemId>
    </Item>
    <Item>
      <PriceUpdateDate>2025-09-04 07:46:39</PriceUpdateDate>
      <ItemCode>7290109581521</ItemCode>
      <ItemType>1</ItemType>
      <ItemName>נודלס טריאקי עם רצוע</ItemName>
      <ManufacturerName>לא ידוע</ManufacturerName>
      <ManufactureCountry>לא ידוע</ManufactureCountry>
      <ManufacturerItemDescription>נודלס טריאקי עם רצוע</ManufacturerItemDescription>
      <UnitQty>לא ידוע</UnitQty>
      <Quantity>350.00</Quantity>
      <UnitOfMeasure>לא ידוע</UnitOfMeasure>
      <bIsWeighted>0</bIsWeighted>
      <QtyInPackage>לא ידוע</QtyInPackage>
      <ItemPrice>34.90</ItemPrice>
      <UnitOfMeasurePrice>0.0997</UnitOfMeasurePrice>
      <AllowDiscount>1</AllowDiscount>
      <ItemStatus>1</ItemStatus>
      <ItemId>255035</ItemId>
    </Item>
    <Item>
      <PriceUpdateDate>2025-09-08 07:55:31</PriceUpdateDate>
      <ItemCode>7290020030207</ItemCode>
      <ItemType>1</ItemType>
      <ItemName>עוגיות מזרחיות קלאסי</ItemName>
      <ManufacturerName>לא ידוע</ManufacturerName>
      <ManufactureCountry>לא ידוע</ManufactureCountry>
      <ManufacturerItemDescription>עוגיות מזרחיות קלאסי</ManufacturerItemDescription>
      <UnitQty>לא ידוע</UnitQty>
      <Quantity>400.00</Quantity>
      <UnitOfMeasure>לא ידוע</UnitOfMeasure>
      <bIsWeighted>0</bIsWeighted>
      <QtyInPackage>לא ידוע</QtyInPackage>
      <ItemPrice>13.90</ItemPrice>
      <UnitOfMeasurePrice>0.0348</UnitOfMeasurePrice>
      <AllowDiscount>1</AllowDiscount>
      <ItemStatus>1</ItemStatus>
      <ItemId>255048</ItemId>
    </Item>
    <Item>
      <PriceUpdateDate>2025-08-31 10:00:05</PriceUpdateDate>
      <ItemCode>7290019870692</ItemCode>
      <ItemType>1</ItemType>
      <ItemName>לוקיטוס סוכריות על מ</ItemName>
      <ManufacturerName>לא ידוע</ManufacturerName>
      <ManufactureCountry>לא ידוע</ManufactureCountry>
      <ManufacturerItemDescription>לוקיטוס סוכריות על מ</ManufacturerItemDescription>
      <UnitQty>לא ידוע</UnitQty>
      <Quantity>170.00</Quantity>
      <UnitOfMeasure>לא ידוע</UnitOfMeasure>
      <bIsWeighted>0</bIsWeighted>
      <QtyInPackage>לא ידוע</QtyInPackage>
      <ItemPrice>13.90</ItemPrice>
      <UnitOfMeasurePrice>0.0818</UnitOfMeasurePrice>
      <AllowDiscount>1</AllowDiscount>
      <ItemStatus>1</ItemStatus>
      <ItemId>255049</ItemId>
    </Item>
    <Item>
      <PriceUpdateDate>2025-09-08 07:58:40</PriceUpdateDate>
      <ItemCode>8718951731202</ItemCode>
      <ItemType>1</ItemType>
      <ItemName>אג'קס חגיגת הפרחים א</ItemName>
      <ManufacturerName>לא ידוע</ManufacturerName>
      <ManufactureCountry>לא ידוע</ManufactureCountry>
      <ManufacturerItemDescription>אג'קס חגיגת הפרחים א</ManufacturerItemDescription>
      <UnitQty>ליטרים</UnitQty>
      <Quantity>1.50</Quantity>
      <UnitOfMeasure>ליטר    </UnitOfMeasure>
      <bIsWeighted>0</bIsWeighted>
      <QtyInPackage>לא ידוע</QtyInPackage>
      <ItemPrice>23.90</ItemPrice>
      <UnitOfMeasurePrice>15.9333</UnitOfMeasurePrice>
      <AllowDiscount>1</AllowDiscount>
      <ItemStatus>1</ItemStatus>
      <ItemId>255058</ItemId>
    </Item>
    <Item>
      <PriceUpdateDate>2025-07-13 10:20:20</PriceUpdateDate>
      <ItemCode>8700216732345</ItemCode>
      <ItemType>1</ItemType>
      <ItemName>לנור כדוריות הבושם ב</ItemName>
      <ManufacturerName>לא ידוע</ManufacturerName>
      <ManufactureCountry>לא ידוע</ManufactureCountry>
      <ManufacturerItemDescription>לנור כדוריות הבושם ב</ManufacturerItemDescription>
      <UnitQty>לא ידוע</UnitQty>
      <Quantity>150.00</Quantity>
      <UnitOfMeasure>לא ידוע</UnitOfMeasure>
      <bIsWeighted>0</bIsWeighted>
      <QtyInPackage>לא ידוע</QtyInPackage>
      <ItemPrice>22.90</ItemPrice>
      <UnitOfMeasurePrice>0.1527</UnitOfMeasurePrice>
      <AllowDiscount>1</AllowDiscount>
      <ItemStatus>1</ItemStatus>
      <ItemId>255064</ItemId>
    </Item>
    <Item>
      <PriceUpdateDate>2025-08-18 14:32:24</PriceUpdateDate>
      <ItemCode>4015600807436</ItemCode>
      <ItemType>1</ItemType>
      <ItemName>דאודורנט גילט פאוור</ItemName>
      <ManufacturerName>לא ידוע</ManufacturerName>
      <ManufactureCountry>לא ידוע</ManufactureCountry>
      <ManufacturerItemDescription>דאודורנט גילט פאוור</ManufacturerItemDescription>
      <UnitQty>לא ידוע</UnitQty>
      <Quantity>75.00</Quantity>
      <UnitOfMeasure>לא ידוע</UnitOfMeasure>
      <bIsWeighted>0</bIsWeighted>
      <QtyInPackage>לא ידוע</QtyInPackage>
      <ItemPrice>23.90</ItemPrice>
      <UnitOfMeasurePrice>0.3187</UnitOfMeasurePrice>
      <AllowDiscount>1</AllowDiscount>
      <ItemStatus>1</ItemStatus>
      <ItemId>255074</ItemId>
    </Item>
    <Item>
      <PriceUpdateDate>2025-08-18 14:32:24</PriceUpdateDate>
      <ItemCode>4015600807573</ItemCode>
      <ItemType>1</ItemType>
      <ItemName>דאודורנט גילט פאוור</ItemName>
      <ManufacturerName>לא ידוע</ManufacturerName>
      <ManufactureCountry>לא ידוע</ManufactureCountry>
      <ManufacturerItemDescription>דאודורנט גילט פאוור</ManufacturerItemDescription>
      <UnitQty>לא ידוע</UnitQty>
      <Quantity>75.00</Quantity>
      <UnitOfMeasure>לא ידוע</UnitOfMeasure>
      <bIsWeighted>0</bIsWeighted>
      <QtyInPackage>לא ידוע</QtyInPackage>
      <ItemPrice>23.90</ItemPrice>
      <UnitOfMeasurePrice>0.3187</UnitOfMeasurePrice>
      <AllowDiscount>1</AllowDiscount>
      <ItemStatus>1</ItemStatus>
      <ItemId>255075</ItemId>
    </Item>
    <Item>
      <PriceUpdateDate>2025-10-19 08:38:54</PriceUpdateDate>
      <ItemCode>8700216227742</ItemCode>
      <ItemType>1</ItemType>
      <ItemName>אולוויז תחבושות פלטי</ItemName>
      <ManufacturerName>לא ידוע</ManufacturerName>
      <ManufactureCountry>לא ידוע</ManufactureCountry>
      <ManufacturerItemDescription>אולוויז תחבושות פלטי</ManufacturerItemDescription>
      <UnitQty>יחידה   </UnitQty>
      <Quantity>0.00</Quantity>
      <UnitOfMeasure>יחידה   </UnitOfMeasure>
      <bIsWeighted>0</bIsWeighted>
      <QtyInPackage>לא ידוע</QtyInPackage>
      <ItemPrice>22.90</ItemPrice>
      <UnitOfMeasurePrice>0.0000</UnitOfMeasurePrice>
      <AllowDiscount>1</AllowDiscount>
      <ItemStatus>1</ItemStatus>
      <ItemId>255083</ItemId>
    </Item>
    <Item>
      <PriceUpdateDate>2025-09-07 08:02:12</PriceUpdateDate>
      <ItemCode>7290019502357</ItemCode>
      <ItemType>1</ItemType>
      <ItemName>דר פישר אפקטיב קר מו</ItemName>
      <ManufacturerName>לא ידוע</ManufacturerName>
      <ManufactureCountry>לא ידוע</ManufactureCountry>
      <ManufacturerItemDescription>דר פישר אפקטיב קר מו</ManufacturerItemDescription>
      <UnitQty>לא ידוע</UnitQty>
      <Quantity>150.00</Quantity>
      <UnitOfMeasure>לא ידוע</UnitOfMeasure>
      <bIsWeighted>0</bIsWeighted>
      <QtyInPackage>לא ידוע</QtyInPackage>
      <ItemPrice>25.90</ItemPrice>
      <UnitOfMeasurePrice>0.1727</UnitOfMeasurePrice>
      <AllowDiscount>1</AllowDiscount>
      <ItemStatus>1</ItemStatus>
      <ItemId>255090</ItemId>
    </Item>
    <Item>
      <PriceUpdateDate>2025-08-26 11:17:43</PriceUpdateDate>
      <ItemCode>7290000297200</ItemCode>
      <ItemType>1</ItemType>
      <ItemName>אפקטיב קר תרחיץ פנים</ItemName>
      <ManufacturerName>לא ידוע</ManufacturerName>
      <ManufactureCountry>לא ידוע</ManufactureCountry>
      <ManufacturerItemDescription>אפקטיב קר תרחיץ פנים</ManufacturerItemDescription>
      <UnitQty>לא ידוע</UnitQty>
      <Quantity>245.00</Quantity>
      <UnitOfMeasure>לא ידוע</UnitOfMeasure>
      <bIsWeighted>0</bIsWeighted>
      <QtyInPackage>לא ידוע</QtyInPackage>
      <ItemPrice>25.90</ItemPrice>
      <UnitOfMeasurePrice>0.1057</UnitOfMeasurePrice>
      <AllowDiscount>1</AllowDiscount>
      <ItemStatus>1</ItemStatus>
      <ItemId>255093</ItemId>
    </Item>
    <Item>
      <PriceUpdateDate>2025-09-07 08:02:12</PriceUpdateDate>
      <ItemCode>7290019502432</ItemCode>
      <ItemType>1</ItemType>
      <ItemName>פרופשיונל קרם לחות ל</ItemName>
      <ManufacturerName>לא ידוע</ManufacturerName>
      <ManufactureCountry>לא ידוע</ManufactureCountry>
      <ManufacturerItemDescription>פרופשיונל קרם לחות ל</ManufacturerItemDescription>
      <UnitQty>לא ידוע</UnitQty>
      <Quantity>400.00</Quantity>
      <UnitOfMeasure>לא ידוע</UnitOfMeasure>
      <bIsWeighted>0</bIsWeighted>
      <QtyInPackage>לא ידוע</QtyInPackage>
      <ItemPrice>25.90</ItemPrice>
      <UnitOfMeasurePrice>0.0647</UnitOfMeasurePrice>
      <AllowDiscount>1</AllowDiscount>
      <ItemStatus>1</ItemStatus>
      <ItemId>255100</ItemId>
    </Item>
    <Item>
      <PriceUpdateDate>2025-09-07 08:02:41</PriceUpdateDate>
      <ItemCode>7290112489203</ItemCode>
      <ItemType>1</ItemType>
      <ItemName>צלחת קטנה הדר שקוף 1</ItemName>
      <ManufacturerName>לא ידוע</ManufacturerName>
      <ManufactureCountry>לא ידוע</ManufactureCountry>
      <ManufacturerItemDescription>צלחת קטנה הדר שקוף 1</ManufacturerItemDescription>
      <UnitQty>יחידה   </UnitQty>
      <Quantity>0.00</Quantity>
      <UnitOfMeasure>יחידה   </UnitOfMeasure>
      <bIsWeighted>0</bIsWeighted>
      <QtyInPackage>לא ידוע</QtyInPackage>
      <ItemPrice>12.90</ItemPrice>
      <UnitOfMeasurePrice>0.0000</UnitOfMeasurePrice>
      <AllowDiscount>1</AllowDiscount>
      <ItemStatus>1</ItemStatus>
      <ItemId>255128</ItemId>
    </Item>
    <Item>
      <PriceUpdateDate>2025-09-07 08:02:41</PriceUpdateDate>
      <ItemCode>7290112489227</ItemCode>
      <ItemType>1</ItemType>
      <ItemName>צלחת גדולה הדר פנינה</ItemName>
      <ManufacturerName>לא ידוע</ManufacturerName>
      <ManufactureCountry>לא ידוע</ManufactureCountry>
      <ManufacturerItemDescription>צלחת גדולה הדר פנינה</ManufacturerItemDescription>
      <UnitQty>יחידה   </UnitQty>
      <Quantity>0.00</Quantity>
      <UnitOfMeasure>יחידה   </UnitOfMeasure>
      <bIsWeighted>0</bIsWeighted>
      <QtyInPackage>לא ידוע</QtyInPackage>
      <ItemPrice>20.50</ItemPrice>
      <UnitOfMeasurePrice>0.0000</UnitOfMeasurePrice>
      <AllowDiscount>1</AllowDiscount>
      <ItemStatus>1</ItemStatus>
      <ItemId>255135</ItemId>
    </Item>
    <Item>
      <PriceUpdateDate>2025-09-08 07:57:11</PriceUpdateDate>
      <ItemCode>7622200003938</ItemCode>
      <ItemType>1</ItemType>
      <ItemName>אצבעות מילקיניס מילק</ItemName>
      <ManufacturerName>לא ידוע</ManufacturerName>
      <ManufactureCountry>לא ידוע</ManufactureCountry>
      <ManufacturerItemDescription>אצבעות מילקיניס מילק</ManufacturerItemDescription>
      <UnitQty>לא ידוע</UnitQty>
      <Quantity>87.50</Quantity>
      <UnitOfMeasure>לא ידוע</UnitOfMeasure>
      <bIsWeighted>0</bIsWeighted>
      <QtyInPackage>לא ידוע</QtyInPackage>
      <ItemPrice>11.90</ItemPrice>
      <UnitOfMeasurePrice>0.1360</UnitOfMeasurePrice>
      <AllowDiscount>1</AllowDiscount>
      <ItemStatus>1</ItemStatus>
      <ItemId>255155</ItemId>
    </Item>
    <Item>
      <PriceUpdateDate>2025-09-07 19:38:19</PriceUpdateDate>
      <ItemCode>7290017617688</ItemCode>
      <ItemType>1</ItemType>
      <ItemName>סטארקיסט פילה טונה פ</ItemName>
      <ManufacturerName>קריות זול</ManufacturerName>
      <ManufactureCountry>לא ידוע</ManufactureCountry>
      <ManufacturerItemDescription>סטארקיסט פילה טונה פ</ManufacturerItemDescription>
      <UnitQty>לא ידוע</UnitQty>
      <Quantity>120.00</Quantity>
      <UnitOfMeasure>לא ידוע</UnitOfMeasure>
      <bIsWeighted>0</bIsWeighted>
      <QtyInPackage>לא ידוע</QtyInPackage>
      <ItemPrice>17.90</ItemPrice>
      <UnitOfMeasurePrice>0.1492</UnitOfMeasurePrice>
      <AllowDiscount>1</AllowDiscount>
      <ItemStatus>1</ItemStatus>
      <ItemId>255156</ItemId>
    </Item>
    <Item>
      <PriceUpdateDate>2025-09-07 19:38:19</PriceUpdateDate>
      <ItemCode>7290017617695</ItemCode>
      <ItemType>1</ItemType>
      <ItemName>סטארקיסט פילה טונה פ</ItemName>
      <ManufacturerName>קריות זול</ManufacturerName>
      <ManufactureCountry>לא ידוע</ManufactureCountry>
      <ManufacturerItemDescription>סטארקיסט פילה טונה פ</ManufacturerItemDescription>
      <UnitQty>לא ידוע</UnitQty>
      <Quantity>120.00</Quantity>
      <UnitOfMeasure>לא ידוע</UnitOfMeasure>
      <bIsWeighted>0</bIsWeighted>
      <QtyInPackage>לא ידוע</QtyInPackage>
      <ItemPrice>17.90</ItemPrice>
      <UnitOfMeasurePrice>0.1492</UnitOfMeasurePrice>
      <AllowDiscount>1</AllowDiscount>
      <ItemStatus>1</ItemStatus>
      <ItemId>255157</ItemId>
    </Item>
    <Item>
      <PriceUpdateDate>2025-09-07 19:38:19</PriceUpdateDate>
      <ItemCode>7290017617701</ItemCode>
      <ItemType>1</ItemType>
      <ItemName>סטארקיסט פילה טונה פ</ItemName>
      <ManufacturerName>קריות זול</ManufacturerName>
      <ManufactureCountry>לא ידוע</ManufactureCountry>
      <ManufacturerItemDescription>סטארקיסט פילה טונה פ</ManufacturerItemDescription>
      <UnitQty>לא ידוע</UnitQty>
      <Quantity>120.00</Quantity>
      <UnitOfMeasure>לא ידוע</UnitOfMeasure>
      <bIsWeighted>0</bIsWeighted>
      <QtyInPackage>לא ידוע</QtyInPackage>
      <ItemPrice>17.90</ItemPrice>
      <UnitOfMeasurePrice>0.1492</UnitOfMeasurePrice>
      <AllowDiscount>1</AllowDiscount>
      <ItemStatus>1</ItemStatus>
      <ItemId>255158</ItemId>
    </Item>
    <Item>
      <PriceUpdateDate>2025-07-14 14:20:28</PriceUpdateDate>
      <ItemCode>7290000336381</ItemCode>
      <ItemType>1</ItemType>
      <ItemName>ג'אמפ מסטיק אבטיח 1.</ItemName>
      <ManufacturerName>קריות זול</ManufacturerName>
      <ManufactureCountry>לא ידוע</ManufactureCountry>
      <ManufacturerItemDescription>ג'אמפ מסטיק אבטיח 1.</ManufacturerItemDescription>
      <UnitQty>לא ידוע</UnitQty>
      <Quantity>1500.00</Quantity>
      <UnitOfMeasure>לא ידוע</UnitOfMeasure>
      <bIsWeighted>0</bIsWeighted>
      <QtyInPackage>לא ידוע</QtyInPackage>
      <ItemPrice>8.90</ItemPrice>
      <UnitOfMeasurePrice>0.0059</UnitOfMeasurePrice>
      <AllowDiscount>1</AllowDiscount>
      <ItemStatus>1</ItemStatus>
      <ItemId>255162</ItemId>
    </Item>
    <Item>
      <PriceUpdateDate>2025-12-03 10:57:10</PriceUpdateDate>
      <ItemCode>5901576059483</ItemCode>
      <ItemType>1</ItemType>
      <ItemName>פילה מקרל מומלח בעיש</ItemName>
      <ManufacturerName>לא ידוע</ManufacturerName>
      <ManufactureCountry>לא ידוע</ManufactureCountry>
      <ManufacturerItemDescription>פילה מקרל מומלח בעיש</ManufacturerItemDescription>
      <UnitQty>לא ידוע</UnitQty>
      <Quantity>150.00</Quantity>
      <UnitOfMeasure>לא ידוע</UnitOfMeasure>
      <bIsWeighted>0</bIsWeighted>
      <QtyInPackage>לא ידוע</QtyInPackage>
      <ItemPrice>26.90</ItemPrice>
      <UnitOfMeasurePrice>0.1793</UnitOfMeasurePrice>
      <AllowDiscount>1</AllowDiscount>
      <ItemStatus>1</ItemStatus>
      <ItemId>255163</ItemId>
    </Item>
    <Item>
      <PriceUpdateDate>2025-08-26 16:06:43</PriceUpdateDate>
      <ItemCode>8445291537590</ItemCode>
      <ItemType>1</ItemType>
      <ItemName>פליקס שלוקים ג'ויאבל</ItemName>
      <ManufacturerName>לא ידוע</ManufacturerName>
      <ManufactureCountry>לא ידוע</ManufactureCountry>
      <ManufacturerItemDescription>פליקס שלוקים ג'ויאבל</ManufacturerItemDescription>
      <UnitQty>לא ידוע</UnitQty>
      <Quantity>40.00</Quantity>
      <UnitOfMeasure>לא ידוע</UnitOfMeasure>
      <bIsWeighted>0</bIsWeighted>
      <QtyInPackage>לא ידוע</QtyInPackage>
      <ItemPrice>12.90</ItemPrice>
      <UnitOfMeasurePrice>0.3225</UnitOfMeasurePrice>
      <AllowDiscount>1</AllowDiscount>
      <ItemStatus>1</ItemStatus>
      <ItemId>255184</ItemId>
    </Item>
    <Item>
      <PriceUpdateDate>2025-08-26 16:10:48</PriceUpdateDate>
      <ItemCode>7290018198810</ItemCode>
      <ItemType>1</ItemType>
      <ItemName>תפוגן צ'יפס קריספי ק</ItemName>
      <ManufacturerName>לא ידוע</ManufacturerName>
      <ManufactureCountry>לא ידוע</ManufactureCountry>
      <ManufacturerItemDescription>תפוגן צ'יפס קריספי ק</ManufacturerItemDescription>
      <UnitQty>לא ידוע</UnitQty>
      <Quantity>1250.00</Quantity>
      <UnitOfMeasure>לא ידוע</UnitOfMeasure>
      <bIsWeighted>0</bIsWeighted>
      <QtyInPackage>לא ידוע</QtyInPackage>
      <ItemPrice>30.90</ItemPrice>
      <UnitOfMeasurePrice>0.0247</UnitOfMeasurePrice>
      <AllowDiscount>1</AllowDiscount>
      <ItemStatus>1</ItemStatus>
      <ItemId>255189</ItemId>
    </Item>
    <Item>
      <PriceUpdateDate>2025-12-05 08:46:44</PriceUpdateDate>
      <ItemCode>7290110579463</ItemCode>
      <ItemType>1</ItemType>
      <ItemName>שוקולד פרה מריר עם ש</ItemName>
      <ManufacturerName>קריות זול</ManufacturerName>
      <ManufactureCountry>לא ידוע</ManufactureCountry>
      <ManufacturerItemDescription>שוקולד פרה מריר עם ש</ManufacturerItemDescription>
      <UnitQty>לא ידוע</UnitQty>
      <Quantity>100.00</Quantity>
      <UnitOfMeasure>לא ידוע</UnitOfMeasure>
      <bIsWeighted>0</bIsWeighted>
      <QtyInPackage>לא ידוע</QtyInPackage>
      <ItemPrice>9.50</ItemPrice>
      <UnitOfMeasurePrice>0.0950</UnitOfMeasurePrice>
      <AllowDiscount>1</AllowDiscount>
      <ItemStatus>1</ItemStatus>
      <ItemId>255197</ItemId>
    </Item>
    <Item>
      <PriceUpdateDate>2025-12-05 08:46:44</PriceUpdateDate>
      <ItemCode>7290119382576</ItemCode>
      <ItemType>1</ItemType>
      <ItemName>שוקולד לבן עוגיות 10</ItemName>
      <ManufacturerName>קריות זול</ManufacturerName>
      <ManufactureCountry>לא ידוע</ManufactureCountry>
      <ManufacturerItemDescription>שוקולד לבן עוגיות 10</ManufacturerItemDescription>
      <UnitQty>לא ידוע</UnitQty>
      <Quantity>100.00</Quantity>
      <UnitOfMeasure>לא ידוע</UnitOfMeasure>
      <bIsWeighted>0</bIsWeighted>
      <QtyInPackage>לא ידוע</QtyInPackage>
      <ItemPrice>9.50</ItemPrice>
      <UnitOfMeasurePrice>0.0950</UnitOfMeasurePrice>
      <AllowDiscount>1</AllowDiscount>
      <ItemStatus>1</ItemStatus>
      <ItemId>255198</ItemId>
    </Item>
    <Item>
      <PriceUpdateDate>2025-08-28 10:19:18</PriceUpdateDate>
      <ItemCode>7290117267363</ItemCode>
      <ItemType>1</ItemType>
      <ItemName>ציפס קפוא קלאסי וילי</ItemName>
      <ManufacturerName>לא ידוע</ManufacturerName>
      <ManufactureCountry>לא ידוע</ManufactureCountry>
      <ManufacturerItemDescription>ציפס קפוא קלאסי וילי</ManufacturerItemDescription>
      <UnitQty>לא ידוע</UnitQty>
      <Quantity>1000.00</Quantity>
      <UnitOfMeasure>לא ידוע</UnitOfMeasure>
      <bIsWeighted>0</bIsWeighted>
      <QtyInPackage>לא ידוע</QtyInPackage>
      <ItemPrice>16.90</ItemPrice>
      <UnitOfMeasurePrice>0.0169</UnitOfMeasurePrice>
      <AllowDiscount>1</AllowDiscount>
      <ItemStatus>1</ItemStatus>
      <ItemId>255209</ItemId>
    </Item>
    <Item>
      <PriceUpdateDate>2025-09-07 12:45:30</PriceUpdateDate>
      <ItemCode>7290020398031</ItemCode>
      <ItemType>1</ItemType>
      <ItemName>נודלס בטעם ירקות בתו</ItemName>
      <ManufacturerName>לא ידוע</ManufacturerName>
      <ManufactureCountry>לא ידוע</ManufactureCountry>
      <ManufacturerItemDescription>נודלס בטעם ירקות בתו</ManufacturerItemDescription>
      <UnitQty>לא ידוע</UnitQty>
      <Quantity>120.00</Quantity>
      <UnitOfMeasure>לא ידוע</UnitOfMeasure>
      <bIsWeighted>0</bIsWeighted>
      <QtyInPackage>לא ידוע</QtyInPackage>
      <ItemPrice>12.90</ItemPrice>
      <UnitOfMeasurePrice>0.1075</UnitOfMeasurePrice>
      <AllowDiscount>1</AllowDiscount>
      <ItemStatus>1</ItemStatus>
      <ItemId>255212</ItemId>
    </Item>
    <Item>
      <PriceUpdateDate>2025-10-08 08:01:04</PriceUpdateDate>
      <ItemCode>7290001455494</ItemCode>
      <ItemType>1</ItemType>
      <ItemName>אמנון פילה ללא עור מ</ItemName>
      <ManufacturerName>לא ידוע</ManufacturerName>
      <ManufactureCountry>לא ידוע</ManufactureCountry>
      <ManufacturerItemDescription>אמנון פילה ללא עור מ</ManufacturerItemDescription>
      <UnitQty>קילוגרמים</UnitQty>
      <Quantity>1.00</Quantity>
      <UnitOfMeasure>ק"ג</UnitOfMeasure>
      <bIsWeighted>1</bIsWeighted>
      <QtyInPackage>לא ידוע</QtyInPackage>
      <ItemPrice>36.90</ItemPrice>
      <UnitOfMeasurePrice>36.9000</UnitOfMeasurePrice>
      <AllowDiscount>1</AllowDiscount>
      <ItemStatus>1</ItemStatus>
      <ItemId>255214</ItemId>
    </Item>
    <Item>
      <PriceUpdateDate>2025-09-08 07:58:55</PriceUpdateDate>
      <ItemCode>7290121801850</ItemCode>
      <ItemType>1</ItemType>
      <ItemName>בקבוק טריטן 700 מ''ל</ItemName>
      <ManufacturerName>לא ידוע</ManufacturerName>
      <ManufactureCountry>לא ידוע</ManufactureCountry>
      <ManufacturerItemDescription>בקבוק טריטן 700 מ''ל</ManufacturerItemDescription>
      <UnitQty>יחידה   </UnitQty>
      <Quantity>0.00</Quantity>
      <UnitOfMeasure>יחידה   </UnitOfMeasure>
      <bIsWeighted>0</bIsWeighted>
      <QtyInPackage>לא ידוע</QtyInPackage>
      <ItemPrice>26.90</ItemPrice>
      <UnitOfMeasurePrice>0.0000</UnitOfMeasurePrice>
      <AllowDiscount>1</AllowDiscount>
      <ItemStatus>1</ItemStatus>
      <ItemId>255244</ItemId>
    </Item>
    <Item>
      <PriceUpdateDate>2025-09-08 07:58:56</PriceUpdateDate>
      <ItemCode>7290121801959</ItemCode>
      <ItemType>1</ItemType>
      <ItemName>בקבוק טריטן 700 מ''ל</ItemName>
      <ManufacturerName>לא ידוע</ManufacturerName>
      <ManufactureCountry>לא ידוע</ManufactureCountry>
      <ManufacturerItemDescription>בקבוק טריטן 700 מ''ל</ManufacturerItemDescription>
      <UnitQty>יחידה   </UnitQty>
      <Quantity>0.00</Quantity>
      <UnitOfMeasure>יחידה   </UnitOfMeasure>
      <bIsWeighted>0</bIsWeighted>
      <QtyInPackage>לא ידוע</QtyInPackage>
      <ItemPrice>26.90</ItemPrice>
      <UnitOfMeasurePrice>0.0000</UnitOfMeasurePrice>
      <AllowDiscount>1</AllowDiscount>
      <ItemStatus>1</ItemStatus>
      <ItemId>255245</ItemId>
    </Item>
    <Item>
      <PriceUpdateDate>2025-08-26 11:49:45</PriceUpdateDate>
      <ItemCode>7290116935898</ItemCode>
      <ItemType>1</ItemType>
      <ItemName>יוגורט חלבון GO אוור</ItemName>
      <ManufacturerName>לא ידוע</ManufacturerName>
      <ManufactureCountry>ישראל</ManufactureCountry>
      <ManufacturerItemDescription>יוגורט חלבון GO אוור</ManufacturerItemDescription>
      <UnitQty>לא ידוע</UnitQty>
      <Quantity>200.00</Quantity>
      <UnitOfMeasure>לא ידוע</UnitOfMeasure>
      <bIsWeighted>0</bIsWeighted>
      <QtyInPackage>לא ידוע</QtyInPackage>
      <ItemPrice>7.50</ItemPrice>
      <UnitOfMeasurePrice>0.0375</UnitOfMeasurePrice>
      <AllowDiscount>1</AllowDiscount>
      <ItemStatus>1</ItemStatus>
      <ItemId>255285</ItemId>
    </Item>
    <Item>
      <PriceUpdateDate>2025-08-31 10:12:27</PriceUpdateDate>
      <ItemCode>7290110573058</ItemCode>
      <ItemType>1</ItemType>
      <ItemName>סימפוניה 5% עירית 20</ItemName>
      <ManufacturerName>קריות זול</ManufacturerName>
      <ManufactureCountry>לא ידוע</ManufactureCountry>
      <ManufacturerItemDescription>סימפוניה 5% עירית 20</ManufacturerItemDescription>
      <UnitQty>לא ידוע</UnitQty>
      <Quantity>200.00</Quantity>
      <UnitOfMeasure>לא ידוע</UnitOfMeasure>
      <bIsWeighted>0</bIsWeighted>
      <QtyInPackage>לא ידוע</QtyInPackage>
      <ItemPrice>12.50</ItemPrice>
      <UnitOfMeasurePrice>0.0625</UnitOfMeasurePrice>
      <AllowDiscount>1</AllowDiscount>
      <ItemStatus>1</ItemStatus>
      <ItemId>255289</ItemId>
    </Item>
    <Item>
      <PriceUpdateDate>2025-08-31 10:16:19</PriceUpdateDate>
      <ItemCode>7290020213341</ItemCode>
      <ItemType>1</ItemType>
      <ItemName>קרנצי גריל בוטנים מצ</ItemName>
      <ManufacturerName>לא ידוע</ManufacturerName>
      <ManufactureCountry>לא ידוע</ManufactureCountry>
      <ManufacturerItemDescription>קרנצי גריל בוטנים מצ</ManufacturerItemDescription>
      <UnitQty>לא ידוע</UnitQty>
      <Quantity>150.00</Quantity>
      <UnitOfMeasure>לא ידוע</UnitOfMeasure>
      <bIsWeighted>0</bIsWeighted>
      <QtyInPackage>לא ידוע</QtyInPackage>
      <ItemPrice>11.90</ItemPrice>
      <UnitOfMeasurePrice>0.0793</UnitOfMeasurePrice>
      <AllowDiscount>1</AllowDiscount>
      <ItemStatus>1</ItemStatus>
      <ItemId>255294</ItemId>
    </Item>
    <Item>
      <PriceUpdateDate>2025-09-07 12:45:30</PriceUpdateDate>
      <ItemCode>7290020398000</ItemCode>
      <ItemType>1</ItemType>
      <ItemName>נודלס בטעם עוף בתוספ</ItemName>
      <ManufacturerName>לא ידוע</ManufacturerName>
      <ManufactureCountry>לא ידוע</ManufactureCountry>
      <ManufacturerItemDescription>נודלס בטעם עוף בתוספ</ManufacturerItemDescription>
      <UnitQty>לא ידוע</UnitQty>
      <Quantity>120.00</Quantity>
      <UnitOfMeasure>לא ידוע</UnitOfMeasure>
      <bIsWeighted>0</bIsWeighted>
      <QtyInPackage>לא ידוע</QtyInPackage>
      <ItemPrice>12.90</ItemPrice>
      <UnitOfMeasurePrice>0.1075</UnitOfMeasurePrice>
      <AllowDiscount>1</AllowDiscount>
      <ItemStatus>1</ItemStatus>
      <ItemId>255297</ItemId>
    </Item>
    <Item>
      <PriceUpdateDate>2025-09-08 14:35:20</PriceUpdateDate>
      <ItemCode>850006036073</ItemCode>
      <ItemType>1</ItemType>
      <ItemName>מיקס גדול קטן בטעם ט</ItemName>
      <ManufacturerName>לא ידוע</ManufacturerName>
      <ManufactureCountry>לא ידוע</ManufactureCountry>
      <ManufacturerItemDescription>מיקס גדול קטן בטעם ט</ManufacturerItemDescription>
      <UnitQty>לא ידוע</UnitQty>
      <Quantity>300.00</Quantity>
      <UnitOfMeasure>לא ידוע</UnitOfMeasure>
      <bIsWeighted>0</bIsWeighted>
      <QtyInPackage>לא ידוע</QtyInPackage>
      <ItemPrice>17.90</ItemPrice>
      <UnitOfMeasurePrice>0.0597</UnitOfMeasurePrice>
      <AllowDiscount>1</AllowDiscount>
      <ItemStatus>1</ItemStatus>
      <ItemId>255836</ItemId>
    </Item>
    <Item>
      <PriceUpdateDate>2025-09-07 08:02:45</PriceUpdateDate>
      <ItemCode>7290112489494</ItemCode>
      <ItemType>1</ItemType>
      <ItemName>נייר אפיה ענק XL פאל</ItemName>
      <ManufacturerName>לא ידוע</ManufacturerName>
      <ManufactureCountry>לא ידוע</ManufactureCountry>
      <ManufacturerItemDescription>נייר אפיה ענק XL פאל</ManufacturerItemDescription>
      <UnitQty>יחידה   </UnitQty>
      <Quantity>0.00</Quantity>
      <UnitOfMeasure>יחידה   </UnitOfMeasure>
      <bIsWeighted>0</bIsWeighted>
      <QtyInPackage>לא ידוע</QtyInPackage>
      <ItemPrice>10.50</ItemPrice>
      <UnitOfMeasurePrice>0.0000</UnitOfMeasurePrice>
      <AllowDiscount>1</AllowDiscount>
      <ItemStatus>1</ItemStatus>
      <ItemId>255491</ItemId>
    </Item>
    <Item>
      <PriceUpdateDate>2025-09-08 08:00:43</PriceUpdateDate>
      <ItemCode>8700216965743</ItemCode>
      <ItemType>1</ItemType>
      <ItemName>אריאל אבקת כביסה 2.5</ItemName>
      <ManufacturerName>לא ידוע</ManufacturerName>
      <ManufactureCountry>לא ידוע</ManufactureCountry>
      <ManufacturerItemDescription>אריאל אבקת כביסה 2.5</ManufacturerItemDescription>
      <UnitQty>קילוגרמים</UnitQty>
      <Quantity>2.50</Quantity>
      <UnitOfMeasure>ק"ג     </UnitOfMeasure>
      <bIsWeighted>0</bIsWeighted>
      <QtyInPackage>לא ידוע</QtyInPackage>
      <ItemPrice>42.90</ItemPrice>
      <UnitOfMeasurePrice>17.1600</UnitOfMeasurePrice>
      <AllowDiscount>1</AllowDiscount>
      <ItemStatus>1</ItemStatus>
      <ItemId>255435</ItemId>
    </Item>
    <Item>
      <PriceUpdateDate>2025-08-18 11:43:09</PriceUpdateDate>
      <ItemCode>4002631026448</ItemCode>
      <ItemType>1</ItemType>
      <ItemName>בירה קונינגבכר  7% 5</ItemName>
      <ManufacturerName>לא ידוע</ManufacturerName>
      <ManufactureCountry>לא ידוע</ManufactureCountry>
      <ManufacturerItemDescription>בירה קונינגבכר  7% 5</ManufacturerItemDescription>
      <UnitQty>לא ידוע</UnitQty>
      <Quantity>500.00</Quantity>
      <UnitOfMeasure>לא ידוע</UnitOfMeasure>
      <bIsWeighted>0</bIsWeighted>
      <QtyInPackage>לא ידוע</QtyInPackage>
      <ItemPrice>9.90</ItemPrice>
      <UnitOfMeasurePrice>0.0198</UnitOfMeasurePrice>
      <AllowDiscount>1</AllowDiscount>
      <ItemStatus>1</ItemStatus>
      <ItemId>255453</ItemId>
    </Item>
    <Item>
      <PriceUpdateDate>2025-09-08 07:54:45</PriceUpdateDate>
      <ItemCode>7290019168881</ItemCode>
      <ItemType>1</ItemType>
      <ItemName>צלחת 9 ארוז שקוף  75</ItemName>
      <ManufacturerName>לא ידוע</ManufacturerName>
      <ManufactureCountry>לא ידוע</ManufactureCountry>
      <ManufacturerItemDescription>צלחת 9 ארוז שקוף  75</ManufacturerItemDescription>
      <UnitQty>יחידה   </UnitQty>
      <Quantity>0.00</Quantity>
      <UnitOfMeasure>יחידה   </UnitOfMeasure>
      <bIsWeighted>0</bIsWeighted>
      <QtyInPackage>לא ידוע</QtyInPackage>
      <ItemPrice>20.90</ItemPrice>
      <UnitOfMeasurePrice>0.0000</UnitOfMeasurePrice>
      <AllowDiscount>1</AllowDiscount>
      <ItemStatus>1</ItemStatus>
      <ItemId>255455</ItemId>
    </Item>
    <Item>
      <PriceUpdateDate>2025-09-07 08:02:45</PriceUpdateDate>
      <ItemCode>7290112489500</ItemCode>
      <ItemType>1</ItemType>
      <ItemName>נייר אפיה אינגליש פא</ItemName>
      <ManufacturerName>לא ידוע</ManufacturerName>
      <ManufactureCountry>לא ידוע</ManufactureCountry>
      <ManufacturerItemDescription>נייר אפיה אינגליש פא</ManufacturerItemDescription>
      <UnitQty>יחידה   </UnitQty>
      <Quantity>0.00</Quantity>
      <UnitOfMeasure>יחידה   </UnitOfMeasure>
      <bIsWeighted>0</bIsWeighted>
      <QtyInPackage>לא ידוע</QtyInPackage>
      <ItemPrice>10.50</ItemPrice>
      <UnitOfMeasurePrice>0.0000</UnitOfMeasurePrice>
      <AllowDiscount>1</AllowDiscount>
      <ItemStatus>1</ItemStatus>
      <ItemId>255492</ItemId>
    </Item>
    <Item>
      <PriceUpdateDate>2025-08-04 12:05:20</PriceUpdateDate>
      <ItemCode>7290018976197</ItemCode>
      <ItemType>1</ItemType>
      <ItemName>פופקורן בטעם קרמל לל</ItemName>
      <ManufacturerName>לא ידוע</ManufacturerName>
      <ManufactureCountry>לא ידוע</ManufactureCountry>
      <ManufacturerItemDescription>פופקורן בטעם קרמל לל</ManufacturerItemDescription>
      <UnitQty>לא ידוע</UnitQty>
      <Quantity>80.00</Quantity>
      <UnitOfMeasure>לא ידוע</UnitOfMeasure>
      <bIsWeighted>0</bIsWeighted>
      <QtyInPackage>לא ידוע</QtyInPackage>
      <ItemPrice>8.90</ItemPrice>
      <UnitOfMeasurePrice>0.1113</UnitOfMeasurePrice>
      <AllowDiscount>1</AllowDiscount>
      <ItemStatus>1</ItemStatus>
      <ItemId>255501</ItemId>
    </Item>
    <Item>
      <PriceUpdateDate>2025-08-31 10:00:48</PriceUpdateDate>
      <ItemCode>7290020239044</ItemCode>
      <ItemType>1</ItemType>
      <ItemName>חטיפי בורקיטס גבינות</ItemName>
      <ManufacturerName>לא ידוע</ManufacturerName>
      <ManufactureCountry>לא ידוע</ManufactureCountry>
      <ManufacturerItemDescription>חטיפי בורקיטס גבינות</ManufacturerItemDescription>
      <UnitQty>לא ידוע</UnitQty>
      <Quantity>770.00</Quantity>
      <UnitOfMeasure>לא ידוע</UnitOfMeasure>
      <bIsWeighted>0</bIsWeighted>
      <QtyInPackage>לא ידוע</QtyInPackage>
      <ItemPrice>32.90</ItemPrice>
      <UnitOfMeasurePrice>0.0427</UnitOfMeasurePrice>
      <AllowDiscount>1</AllowDiscount>
      <ItemStatus>1</ItemStatus>
      <ItemId>255502</ItemId>
    </Item>
    <Item>
      <PriceUpdateDate>2025-09-01 08:22:01</PriceUpdateDate>
      <ItemCode>7290019997290</ItemCode>
      <ItemType>1</ItemType>
      <ItemName>גרגרי חומוס במי מלח</ItemName>
      <ManufacturerName>לא ידוע</ManufacturerName>
      <ManufactureCountry>לא ידוע</ManufactureCountry>
      <ManufacturerItemDescription>גרגרי חומוס במי מלח</ManufacturerItemDescription>
      <UnitQty>לא ידוע</UnitQty>
      <Quantity>330.00</Quantity>
      <UnitOfMeasure>לא ידוע</UnitOfMeasure>
      <bIsWeighted>0</bIsWeighted>
      <QtyInPackage>לא ידוע</QtyInPackage>
      <ItemPrice>10.90</ItemPrice>
      <UnitOfMeasurePrice>0.0330</UnitOfMeasurePrice>
      <AllowDiscount>1</AllowDiscount>
      <ItemStatus>1</ItemStatus>
      <ItemId>255522</ItemId>
    </Item>
    <Item>
      <PriceUpdateDate>2025-08-31 10:00:07</PriceUpdateDate>
      <ItemCode>7290019870869</ItemCode>
      <ItemType>1</ItemType>
      <ItemName>צוקטה עוגיות חמאה סנ</ItemName>
      <ManufacturerName>לא ידוע</ManufacturerName>
      <ManufactureCountry>לא ידוע</ManufactureCountry>
      <ManufacturerItemDescription>צוקטה עוגיות חמאה סנ</ManufacturerItemDescription>
      <UnitQty>לא ידוע</UnitQty>
      <Quantity>188.00</Quantity>
      <UnitOfMeasure>לא ידוע</UnitOfMeasure>
      <bIsWeighted>0</bIsWeighted>
      <QtyInPackage>לא ידוע</QtyInPackage>
      <ItemPrice>11.90</ItemPrice>
      <UnitOfMeasurePrice>0.0633</UnitOfMeasurePrice>
      <AllowDiscount>1</AllowDiscount>
      <ItemStatus>1</ItemStatus>
      <ItemId>255547</ItemId>
    </Item>
    <Item>
      <PriceUpdateDate>2025-08-11 14:20:23</PriceUpdateDate>
      <ItemCode>7290003359233</ItemCode>
      <ItemType>1</ItemType>
      <ItemName>שעועית ירוקה עדינה ק</ItemName>
      <ManufacturerName>לא ידוע</ManufacturerName>
      <ManufactureCountry>לא ידוע</ManufactureCountry>
      <ManufacturerItemDescription>שעועית ירוקה עדינה ק</ManufacturerItemDescription>
      <UnitQty>לא ידוע</UnitQty>
      <Quantity>600.00</Quantity>
      <UnitOfMeasure>לא ידוע</UnitOfMeasure>
      <bIsWeighted>0</bIsWeighted>
      <QtyInPackage>לא ידוע</QtyInPackage>
      <ItemPrice>12.90</ItemPrice>
      <UnitOfMeasurePrice>0.0215</UnitOfMeasurePrice>
      <AllowDiscount>1</AllowDiscount>
      <ItemStatus>1</ItemStatus>
      <ItemId>255559</ItemId>
    </Item>
    <Item>
      <PriceUpdateDate>2025-08-11 14:20:23</PriceUpdateDate>
      <ItemCode>7290003359257</ItemCode>
      <ItemType>1</ItemType>
      <ItemName>אפונה ירוקה עדינה קפ</ItemName>
      <ManufacturerName>לא ידוע</ManufacturerName>
      <ManufactureCountry>לא ידוע</ManufactureCountry>
      <ManufacturerItemDescription>אפונה ירוקה עדינה קפ</ManufacturerItemDescription>
      <UnitQty>לא ידוע</UnitQty>
      <Quantity>600.00</Quantity>
      <UnitOfMeasure>לא ידוע</UnitOfMeasure>
      <bIsWeighted>0</bIsWeighted>
      <QtyInPackage>לא ידוע</QtyInPackage>
      <ItemPrice>12.90</ItemPrice>
      <UnitOfMeasurePrice>0.0215</UnitOfMeasurePrice>
      <AllowDiscount>1</AllowDiscount>
      <ItemStatus>1</ItemStatus>
      <ItemId>255560</ItemId>
    </Item>
    <Item>
      <PriceUpdateDate>2025-08-11 14:20:23</PriceUpdateDate>
      <ItemCode>7290003359745</ItemCode>
      <ItemType>1</ItemType>
      <ItemName>לקט אפונה וגזר קפואי</ItemName>
      <ManufacturerName>לא ידוע</ManufacturerName>
      <ManufactureCountry>לא ידוע</ManufactureCountry>
      <ManufacturerItemDescription>לקט אפונה וגזר קפואי</ManufacturerItemDescription>
      <UnitQty>לא ידוע</UnitQty>
      <Quantity>800.00</Quantity>
      <UnitOfMeasure>לא ידוע</UnitOfMeasure>
      <bIsWeighted>0</bIsWeighted>
      <QtyInPackage>לא ידוע</QtyInPackage>
      <ItemPrice>12.90</ItemPrice>
      <UnitOfMeasurePrice>0.0161</UnitOfMeasurePrice>
      <AllowDiscount>1</AllowDiscount>
      <ItemStatus>1</ItemStatus>
      <ItemId>255561</ItemId>
    </Item>
    <Item>
      <PriceUpdateDate>2025-08-11 14:35:20</PriceUpdateDate>
      <ItemCode>7290003359240</ItemCode>
      <ItemType>1</ItemType>
      <ItemName>שעועית צהובה חתוכה ק</ItemName>
      <ManufacturerName>לא ידוע</ManufacturerName>
      <ManufactureCountry>לא ידוע</ManufactureCountry>
      <ManufacturerItemDescription>שעועית צהובה חתוכה ק</ManufacturerItemDescription>
      <UnitQty>לא ידוע</UnitQty>
      <Quantity>800.00</Quantity>
      <UnitOfMeasure>לא ידוע</UnitOfMeasure>
      <bIsWeighted>0</bIsWeighted>
      <QtyInPackage>לא ידוע</QtyInPackage>
      <ItemPrice>12.90</ItemPrice>
      <UnitOfMeasurePrice>0.0161</UnitOfMeasurePrice>
      <AllowDiscount>1</AllowDiscount>
      <ItemStatus>1</ItemStatus>
      <ItemId>255562</ItemId>
    </Item>
    <Item>
      <PriceUpdateDate>2025-08-11 14:35:20</PriceUpdateDate>
      <ItemCode>7290003359844</ItemCode>
      <ItemType>1</ItemType>
      <ItemName>לקט קוסקוס קפוא 800</ItemName>
      <ManufacturerName>לא ידוע</ManufacturerName>
      <ManufactureCountry>לא ידוע</ManufactureCountry>
      <ManufacturerItemDescription>לקט קוסקוס קפוא 800</ManufacturerItemDescription>
      <UnitQty>לא ידוע</UnitQty>
      <Quantity>800.00</Quantity>
      <UnitOfMeasure>לא ידוע</UnitOfMeasure>
      <bIsWeighted>0</bIsWeighted>
      <QtyInPackage>לא ידוע</QtyInPackage>
      <ItemPrice>12.90</ItemPrice>
      <UnitOfMeasurePrice>0.0161</UnitOfMeasurePrice>
      <AllowDiscount>1</AllowDiscount>
      <ItemStatus>1</ItemStatus>
      <ItemId>255563</ItemId>
    </Item>
    <Item>
      <PriceUpdateDate>2025-08-11 14:35:20</PriceUpdateDate>
      <ItemCode>7290008351157</ItemCode>
      <ItemType>1</ItemType>
      <ItemName>אפונה ירוקה קפואה 80</ItemName>
      <ManufacturerName>לא ידוע</ManufacturerName>
      <ManufactureCountry>לא ידוע</ManufactureCountry>
      <ManufacturerItemDescription>אפונה ירוקה קפואה 80</ManufacturerItemDescription>
      <UnitQty>לא ידוע</UnitQty>
      <Quantity>800.00</Quantity>
      <UnitOfMeasure>לא ידוע</UnitOfMeasure>
      <bIsWeighted>0</bIsWeighted>
      <QtyInPackage>לא ידוע</QtyInPackage>
      <ItemPrice>12.90</ItemPrice>
      <UnitOfMeasurePrice>0.0161</UnitOfMeasurePrice>
      <AllowDiscount>1</AllowDiscount>
      <ItemStatus>1</ItemStatus>
      <ItemId>255564</ItemId>
    </Item>
    <Item>
      <PriceUpdateDate>2025-08-11 14:35:20</PriceUpdateDate>
      <ItemCode>7290008351171</ItemCode>
      <ItemType>1</ItemType>
      <ItemName>גרעיני תירס קפוא מתו</ItemName>
      <ManufacturerName>לא ידוע</ManufacturerName>
      <ManufactureCountry>לא ידוע</ManufactureCountry>
      <ManufacturerItemDescription>גרעיני תירס קפוא מתו</ManufacturerItemDescription>
      <UnitQty>לא ידוע</UnitQty>
      <Quantity>800.00</Quantity>
      <UnitOfMeasure>לא ידוע</UnitOfMeasure>
      <bIsWeighted>0</bIsWeighted>
      <QtyInPackage>לא ידוע</QtyInPackage>
      <ItemPrice>12.90</ItemPrice>
      <UnitOfMeasurePrice>0.0161</UnitOfMeasurePrice>
      <AllowDiscount>1</AllowDiscount>
      <ItemStatus>1</ItemStatus>
      <ItemId>255565</ItemId>
    </Item>
    <Item>
      <PriceUpdateDate>2025-08-13 15:35:19</PriceUpdateDate>
      <ItemCode>5410316959810</ItemCode>
      <ItemType>1</ItemType>
      <ItemName>סמירנוף אייס פחית 25</ItemName>
      <ManufacturerName>קריות זול</ManufacturerName>
      <ManufactureCountry>לא ידוע</ManufactureCountry>
      <ManufacturerItemDescription>סמירנוף אייס פחית 25</ManufacturerItemDescription>
      <UnitQty>לא ידוע</UnitQty>
      <Quantity>250.00</Quantity>
      <UnitOfMeasure>לא ידוע</UnitOfMeasure>
      <bIsWeighted>0</bIsWeighted>
      <QtyInPackage>לא ידוע</QtyInPackage>
      <ItemPrice>14.90</ItemPrice>
      <UnitOfMeasurePrice>0.0596</UnitOfMeasurePrice>
      <AllowDiscount>1</AllowDiscount>
      <ItemStatus>1</ItemStatus>
      <ItemId>255585</ItemId>
    </Item>
    <Item>
      <PriceUpdateDate>2025-08-19 11:20:46</PriceUpdateDate>
      <ItemCode>7290019635581</ItemCode>
      <ItemType>1</ItemType>
      <ItemName>גבינת שמנת ניו יורק</ItemName>
      <ManufacturerName>לא ידוע</ManufacturerName>
      <ManufactureCountry>לא ידוע</ManufactureCountry>
      <ManufacturerItemDescription>גבינת שמנת ניו יורק</ManufacturerItemDescription>
      <UnitQty>לא ידוע</UnitQty>
      <Quantity>200.00</Quantity>
      <UnitOfMeasure>לא ידוע</UnitOfMeasure>
      <bIsWeighted>0</bIsWeighted>
      <QtyInPackage>לא ידוע</QtyInPackage>
      <ItemPrice>17.90</ItemPrice>
      <UnitOfMeasurePrice>0.0895</UnitOfMeasurePrice>
      <AllowDiscount>1</AllowDiscount>
      <ItemStatus>1</ItemStatus>
      <ItemId>255662</ItemId>
    </Item>
    <Item>
      <PriceUpdateDate>2025-08-24 14:50:17</PriceUpdateDate>
      <ItemCode>7290109924571</ItemCode>
      <ItemType>1</ItemType>
      <ItemName>אסטוניש פרימיום משחה</ItemName>
      <ManufacturerName>לא ידוע</ManufacturerName>
      <ManufactureCountry>לא ידוע</ManufactureCountry>
      <ManufacturerItemDescription>אסטוניש פרימיום משחה</ManufacturerItemDescription>
      <UnitQty>לא ידוע</UnitQty>
      <Quantity>400.00</Quantity>
      <UnitOfMeasure>לא ידוע</UnitOfMeasure>
      <bIsWeighted>0</bIsWeighted>
      <QtyInPackage>לא ידוע</QtyInPackage>
      <ItemPrice>28.90</ItemPrice>
      <UnitOfMeasurePrice>0.0722</UnitOfMeasurePrice>
      <AllowDiscount>1</AllowDiscount>
      <ItemStatus>1</ItemStatus>
      <ItemId>255741</ItemId>
    </Item>
    <Item>
      <PriceUpdateDate>2025-09-08 16:05:20</PriceUpdateDate>
      <ItemCode>7290006380142</ItemCode>
      <ItemType>1</ItemType>
      <ItemName>גזר ארוז</ItemName>
      <ManufacturerName>לא ידוע</ManufacturerName>
      <ManufactureCountry>ישראל</ManufactureCountry>
      <ManufacturerItemDescription>גזר ארוז</ManufacturerItemDescription>
      <UnitQty>קילוגרמים</UnitQty>
      <Quantity>1.00</Quantity>
      <UnitOfMeasure>ק"ג</UnitOfMeasure>
      <bIsWeighted>1</bIsWeighted>
      <QtyInPackage>לא ידוע</QtyInPackage>
      <ItemPrice>4.90</ItemPrice>
      <UnitOfMeasurePrice>4.9000</UnitOfMeasurePrice>
      <AllowDiscount>1</AllowDiscount>
      <ItemStatus>1</ItemStatus>
      <ItemId>255844</ItemId>
    </Item>
    <Item>
      <PriceUpdateDate>2025-09-09 11:50:26</PriceUpdateDate>
      <ItemCode>857900005174</ItemCode>
      <ItemType>1</ItemType>
      <ItemName>מיני פריכיות אורז מר</ItemName>
      <ManufacturerName>לא ידוע</ManufacturerName>
      <ManufactureCountry>לא ידוע</ManufactureCountry>
      <ManufacturerItemDescription>מיני פריכיות אורז מר</ManufacturerItemDescription>
      <UnitQty>לא ידוע</UnitQty>
      <Quantity>113.00</Quantity>
      <UnitOfMeasure>לא ידוע</UnitOfMeasure>
      <bIsWeighted>0</bIsWeighted>
      <QtyInPackage>לא ידוע</QtyInPackage>
      <ItemPrice>21.90</ItemPrice>
      <UnitOfMeasurePrice>0.1938</UnitOfMeasurePrice>
      <AllowDiscount>1</AllowDiscount>
      <ItemStatus>1</ItemStatus>
      <ItemId>255849</ItemId>
    </Item>
    <Item>
      <PriceUpdateDate>2025-09-10 12:20:22</PriceUpdateDate>
      <ItemCode>7290015324571</ItemCode>
      <ItemType>1</ItemType>
      <ItemName>פפריקה מתוקה בשמן בס</ItemName>
      <ManufacturerName>לא ידוע</ManufacturerName>
      <ManufactureCountry>לא ידוע</ManufactureCountry>
      <ManufacturerItemDescription>פפריקה מתוקה בשמן בס</ManufacturerItemDescription>
      <UnitQty>לא ידוע</UnitQty>
      <Quantity>400.00</Quantity>
      <UnitOfMeasure>לא ידוע</UnitOfMeasure>
      <bIsWeighted>0</bIsWeighted>
      <QtyInPackage>לא ידוע</QtyInPackage>
      <ItemPrice>23.90</ItemPrice>
      <UnitOfMeasurePrice>0.0597</UnitOfMeasurePrice>
      <AllowDiscount>1</AllowDiscount>
      <ItemStatus>1</ItemStatus>
      <ItemId>255862</ItemId>
    </Item>
    <Item>
      <PriceUpdateDate>2025-09-10 14:50:20</PriceUpdateDate>
      <ItemCode>7290118427872</ItemCode>
      <ItemType>1</ItemType>
      <ItemName>פיטנס בר גרנולה חמוצ</ItemName>
      <ManufacturerName>לא ידוע</ManufacturerName>
      <ManufactureCountry>לא ידוע</ManufactureCountry>
      <ManufacturerItemDescription>פיטנס בר גרנולה חמוצ</ManufacturerItemDescription>
      <UnitQty>לא ידוע</UnitQty>
      <Quantity>190.00</Quantity>
      <UnitOfMeasure>לא ידוע</UnitOfMeasure>
      <bIsWeighted>0</bIsWeighted>
      <QtyInPackage>לא ידוע</QtyInPackage>
      <ItemPrice>19.90</ItemPrice>
      <UnitOfMeasurePrice>0.1047</UnitOfMeasurePrice>
      <AllowDiscount>1</AllowDiscount>
      <ItemStatus>1</ItemStatus>
      <ItemId>255863</ItemId>
    </Item>
    <Item>
      <PriceUpdateDate>2025-09-10 15:05:20</PriceUpdateDate>
      <ItemCode>7290118427858</ItemCode>
      <ItemType>1</ItemType>
      <ItemName>פיטנס בר גרנולה שוקו</ItemName>
      <ManufacturerName>לא ידוע</ManufacturerName>
      <ManufactureCountry>לא ידוע</ManufactureCountry>
      <ManufacturerItemDescription>פיטנס בר גרנולה שוקו</ManufacturerItemDescription>
      <UnitQty>לא ידוע</UnitQty>
      <Quantity>190.00</Quantity>
      <UnitOfMeasure>לא ידוע</UnitOfMeasure>
      <bIsWeighted>0</bIsWeighted>
      <QtyInPackage>לא ידוע</QtyInPackage>
      <ItemPrice>19.90</ItemPrice>
      <UnitOfMeasurePrice>0.1047</UnitOfMeasurePrice>
      <AllowDiscount>1</AllowDiscount>
      <ItemStatus>1</ItemStatus>
      <ItemId>255864</ItemId>
    </Item>
    <Item>
      <PriceUpdateDate>2025-09-10 15:05:20</PriceUpdateDate>
      <ItemCode>7290118427896</ItemCode>
      <ItemType>1</ItemType>
      <ItemName>פיטנס בר גרנולה דבש</ItemName>
      <ManufacturerName>לא ידוע</ManufacturerName>
      <ManufactureCountry>לא ידוע</ManufactureCountry>
      <ManufacturerItemDescription>פיטנס בר גרנולה דבש</ManufacturerItemDescription>
      <UnitQty>לא ידוע</UnitQty>
      <Quantity>190.00</Quantity>
      <UnitOfMeasure>לא ידוע</UnitOfMeasure>
      <bIsWeighted>0</bIsWeighted>
      <QtyInPackage>לא ידוע</QtyInPackage>
      <ItemPrice>19.90</ItemPrice>
      <UnitOfMeasurePrice>0.1047</UnitOfMeasurePrice>
      <AllowDiscount>1</AllowDiscount>
      <ItemStatus>1</ItemStatus>
      <ItemId>255865</ItemId>
    </Item>
    <Item>
      <PriceUpdateDate>2025-09-17 13:05:23</PriceUpdateDate>
      <ItemCode>8850006491591</ItemCode>
      <ItemType>1</ItemType>
      <ItemName>פלמוליב סבון מוצק זי</ItemName>
      <ManufacturerName>קריות זול</ManufacturerName>
      <ManufactureCountry>לא ידוע</ManufactureCountry>
      <ManufacturerItemDescription>פלמוליב סבון מוצק זי</ManufacturerItemDescription>
      <UnitQty>לא ידוע</UnitQty>
      <Quantity>360.00</Quantity>
      <UnitOfMeasure>לא ידוע</UnitOfMeasure>
      <bIsWeighted>0</bIsWeighted>
      <QtyInPackage>לא ידוע</QtyInPackage>
      <ItemPrice>19.90</ItemPrice>
      <UnitOfMeasurePrice>0.0553</UnitOfMeasurePrice>
      <AllowDiscount>1</AllowDiscount>
      <ItemStatus>1</ItemStatus>
      <ItemId>255959</ItemId>
    </Item>
    <Item>
      <PriceUpdateDate>2025-10-15 11:35:28</PriceUpdateDate>
      <ItemCode>7290019870890</ItemCode>
      <ItemType>1</ItemType>
      <ItemName>לוקיטוס מרשמלו קוביו</ItemName>
      <ManufacturerName>לא ידוע</ManufacturerName>
      <ManufactureCountry>לא ידוע</ManufactureCountry>
      <ManufacturerItemDescription>לוקיטוס מרשמלו קוביו</ManufacturerItemDescription>
      <UnitQty>לא ידוע</UnitQty>
      <Quantity>150.00</Quantity>
      <UnitOfMeasure>לא ידוע</UnitOfMeasure>
      <bIsWeighted>0</bIsWeighted>
      <QtyInPackage>לא ידוע</QtyInPackage>
      <ItemPrice>8.90</ItemPrice>
      <UnitOfMeasurePrice>0.0593</UnitOfMeasurePrice>
      <AllowDiscount>1</AllowDiscount>
      <ItemStatus>1</ItemStatus>
      <ItemId>256060</ItemId>
    </Item>
    <Item>
      <PriceUpdateDate>2025-10-16 11:50:22</PriceUpdateDate>
      <ItemCode>7290020216311</ItemCode>
      <ItemType>1</ItemType>
      <ItemName>פיתות פרו אנג'ל  שמי</ItemName>
      <ManufacturerName>לא ידוע</ManufacturerName>
      <ManufactureCountry>לא ידוע</ManufactureCountry>
      <ManufacturerItemDescription>פיתות פרו אנג'ל  שמי</ManufacturerItemDescription>
      <UnitQty>לא ידוע</UnitQty>
      <Quantity>500.00</Quantity>
      <UnitOfMeasure>לא ידוע</UnitOfMeasure>
      <bIsWeighted>0</bIsWeighted>
      <QtyInPackage>לא ידוע</QtyInPackage>
      <ItemPrice>22.90</ItemPrice>
      <UnitOfMeasurePrice>0.0458</UnitOfMeasurePrice>
      <AllowDiscount>1</AllowDiscount>
      <ItemStatus>1</ItemStatus>
      <ItemId>256103</ItemId>
    </Item>
    <Item>
      <PriceUpdateDate>2025-10-19 10:20:18</PriceUpdateDate>
      <ItemCode>7290117267615</ItemCode>
      <ItemType>1</ItemType>
      <ItemName>רוטב עגבניות מרוכז מ</ItemName>
      <ManufacturerName>לא ידוע</ManufacturerName>
      <ManufactureCountry>לא ידוע</ManufactureCountry>
      <ManufacturerItemDescription>רוטב עגבניות מרוכז מ</ManufacturerItemDescription>
      <UnitQty>לא ידוע</UnitQty>
      <Quantity>210.00</Quantity>
      <UnitOfMeasure>לא ידוע</UnitOfMeasure>
      <bIsWeighted>0</bIsWeighted>
      <QtyInPackage>לא ידוע</QtyInPackage>
      <ItemPrice>5.90</ItemPrice>
      <UnitOfMeasurePrice>0.0281</UnitOfMeasurePrice>
      <AllowDiscount>1</AllowDiscount>
      <ItemStatus>1</ItemStatus>
      <ItemId>256129</ItemId>
    </Item>
    <Item>
      <PriceUpdateDate>2025-10-19 10:35:19</PriceUpdateDate>
      <ItemCode>7290117264423</ItemCode>
      <ItemType>1</ItemType>
      <ItemName>מעטפת בצק פילו עם פט</ItemName>
      <ManufacturerName>לא ידוע</ManufacturerName>
      <ManufactureCountry>לא ידוע</ManufactureCountry>
      <ManufacturerItemDescription>מעטפת בצק פילו עם פט</ManufacturerItemDescription>
      <UnitQty>לא ידוע</UnitQty>
      <Quantity>300.00</Quantity>
      <UnitOfMeasure>לא ידוע</UnitOfMeasure>
      <bIsWeighted>0</bIsWeighted>
      <QtyInPackage>לא ידוע</QtyInPackage>
      <ItemPrice>19.90</ItemPrice>
      <UnitOfMeasurePrice>0.0663</UnitOfMeasurePrice>
      <AllowDiscount>1</AllowDiscount>
      <ItemStatus>1</ItemStatus>
      <ItemId>256130</ItemId>
    </Item>
    <Item>
      <PriceUpdateDate>2025-09-04 08:24:32</PriceUpdateDate>
      <ItemCode>72989425</ItemCode>
      <ItemType>1</ItemType>
      <ItemName>בן&amp;גריס גלידה פיינטי</ItemName>
      <ManufacturerName>לא ידוע</ManufacturerName>
      <ManufactureCountry>לא ידוע</ManufactureCountry>
      <ManufacturerItemDescription>בן&amp;גריס גלידה פיינטי</ManufacturerItemDescription>
      <UnitQty>יחידה   </UnitQty>
      <Quantity>500.00</Quantity>
      <UnitOfMeasure>יחידה   </UnitOfMeasure>
      <bIsWeighted>0</bIsWeighted>
      <QtyInPackage>לא ידוע</QtyInPackage>
      <ItemPrice>24.90</ItemPrice>
      <UnitOfMeasurePrice>0.0498</UnitOfMeasurePrice>
      <AllowDiscount>1</AllowDiscount>
      <ItemStatus>1</ItemStatus>
      <ItemId>133133</ItemId>
    </Item>
    <Item>
      <PriceUpdateDate>2025-09-04 08:24:32</PriceUpdateDate>
      <ItemCode>72991886</ItemCode>
      <ItemType>1</ItemType>
      <ItemName>בן&amp;גריס גלידה ריבת ח</ItemName>
      <ManufacturerName>לא ידוע</ManufacturerName>
      <ManufactureCountry>לא ידוע</ManufactureCountry>
      <ManufacturerItemDescription>בן&amp;גריס גלידה ריבת ח</ManufacturerItemDescription>
      <UnitQty>לא ידוע</UnitQty>
      <Quantity>500.00</Quantity>
      <UnitOfMeasure>לא ידוע</UnitOfMeasure>
      <bIsWeighted>0</bIsWeighted>
      <QtyInPackage>לא ידוע</QtyInPackage>
      <ItemPrice>24.90</ItemPrice>
      <UnitOfMeasurePrice>0.0498</UnitOfMeasurePrice>
      <AllowDiscount>1</AllowDiscount>
      <ItemStatus>1</ItemStatus>
      <ItemId>133134</ItemId>
    </Item>
    <Item>
      <PriceUpdateDate>2025-08-27 12:23:28</PriceUpdateDate>
      <ItemCode>76840400218</ItemCode>
      <ItemType>1</ItemType>
      <ItemName>גלידת בן אנד ג'ריס ע</ItemName>
      <ManufacturerName>לא ידוע</ManufacturerName>
      <ManufactureCountry>לא ידוע</ManufactureCountry>
      <ManufacturerItemDescription>גלידת בן אנד ג'ריס ע</ManufacturerItemDescription>
      <UnitQty>יחידה   </UnitQty>
      <Quantity>473.00</Quantity>
      <UnitOfMeasure>יחידה   </UnitOfMeasure>
      <bIsWeighted>0</bIsWeighted>
      <QtyInPackage>לא ידוע</QtyInPackage>
      <ItemPrice>24.90</ItemPrice>
      <UnitOfMeasurePrice>0.0526</UnitOfMeasurePrice>
      <AllowDiscount>1</AllowDiscount>
      <ItemStatus>1</ItemStatus>
      <ItemId>133166</ItemId>
    </Item>
    <Item>
      <PriceUpdateDate>2025-08-19 14:03:44</PriceUpdateDate>
      <ItemCode>7290002026402</ItemCode>
      <ItemType>1</ItemType>
      <ItemName>בלינצס גבינה 350גר</ItemName>
      <ManufacturerName>לא ידוע</ManufacturerName>
      <ManufactureCountry>לא ידוע</ManufactureCountry>
      <ManufacturerItemDescription>בלינצס גבינה 350גר</ManufacturerItemDescription>
      <UnitQty>לא ידוע</UnitQty>
      <Quantity>350.00</Quantity>
      <UnitOfMeasure>לא ידוע</UnitOfMeasure>
      <bIsWeighted>0</bIsWeighted>
      <QtyInPackage>לא ידוע</QtyInPackage>
      <ItemPrice>17.90</ItemPrice>
      <UnitOfMeasurePrice>0.0511</UnitOfMeasurePrice>
      <AllowDiscount>1</AllowDiscount>
      <ItemStatus>1</ItemStatus>
      <ItemId>133173</ItemId>
    </Item>
    <Item>
      <PriceUpdateDate>2025-08-19 14:03:45</PriceUpdateDate>
      <ItemCode>7290002026440</ItemCode>
      <ItemType>1</ItemType>
      <ItemName>פרצלס קפוא 280גר</ItemName>
      <ManufacturerName>לא ידוע</ManufacturerName>
      <ManufactureCountry>לא ידוע</ManufactureCountry>
      <ManufacturerItemDescription>פרצלס קפוא 280גר</ManufacturerItemDescription>
      <UnitQty>לא ידוע</UnitQty>
      <Quantity>280.00</Quantity>
      <UnitOfMeasure>לא ידוע</UnitOfMeasure>
      <bIsWeighted>0</bIsWeighted>
      <QtyInPackage>לא ידוע</QtyInPackage>
      <ItemPrice>17.90</ItemPrice>
      <UnitOfMeasurePrice>0.0639</UnitOfMeasurePrice>
      <AllowDiscount>1</AllowDiscount>
      <ItemStatus>1</ItemStatus>
      <ItemId>133176</ItemId>
    </Item>
    <Item>
      <PriceUpdateDate>2025-09-07 12:42:26</PriceUpdateDate>
      <ItemCode>7296082000028</ItemCode>
      <ItemType>1</ItemType>
      <ItemName>ביצים אומגה מדיום 12</ItemName>
      <ManufacturerName>לא ידוע</ManufacturerName>
      <ManufactureCountry>לא ידוע</ManufactureCountry>
      <ManufacturerItemDescription>ביצים אומגה מדיום 12</ManufacturerItemDescription>
      <UnitQty>לא ידוע</UnitQty>
      <Quantity>12.00</Quantity>
      <UnitOfMeasure>לא ידוע</UnitOfMeasure>
      <bIsWeighted>0</bIsWeighted>
      <QtyInPackage>לא ידוע</QtyInPackage>
      <ItemPrice>22.90</ItemPrice>
      <UnitOfMeasurePrice>1.9083</UnitOfMeasurePrice>
      <AllowDiscount>1</AllowDiscount>
      <ItemStatus>1</ItemStatus>
      <ItemId>133218</ItemId>
    </Item>
    <Item>
      <PriceUpdateDate>2025-09-07 12:42:26</PriceUpdateDate>
      <ItemCode>7296082000035</ItemCode>
      <ItemType>1</ItemType>
      <ItemName>ביצים אומגה 6יח L</ItemName>
      <ManufacturerName>לא ידוע</ManufacturerName>
      <ManufactureCountry>לא ידוע</ManufactureCountry>
      <ManufacturerItemDescription>ביצים אומגה 6יח L</ManufacturerItemDescription>
      <UnitQty>לא ידוע</UnitQty>
      <Quantity>6.00</Quantity>
      <UnitOfMeasure>לא ידוע</UnitOfMeasure>
      <bIsWeighted>0</bIsWeighted>
      <QtyInPackage>לא ידוע</QtyInPackage>
      <ItemPrice>20.90</ItemPrice>
      <UnitOfMeasurePrice>3.4833</UnitOfMeasurePrice>
      <AllowDiscount>1</AllowDiscount>
      <ItemStatus>1</ItemStatus>
      <ItemId>133219</ItemId>
    </Item>
    <Item>
      <PriceUpdateDate>2025-09-07 12:42:26</PriceUpdateDate>
      <ItemCode>7296082000066</ItemCode>
      <ItemType>1</ItemType>
      <ItemName>ביצים אומגה 12 יח L</ItemName>
      <ManufacturerName>לא ידוע</ManufacturerName>
      <ManufactureCountry>לא ידוע</ManufactureCountry>
      <ManufacturerItemDescription>ביצים אומגה 12 יח L</ManufacturerItemDescription>
      <UnitQty>לא ידוע</UnitQty>
      <Quantity>12.00</Quantity>
      <UnitOfMeasure>לא ידוע</UnitOfMeasure>
      <bIsWeighted>0</bIsWeighted>
      <QtyInPackage>לא ידוע</QtyInPackage>
      <ItemPrice>27.90</ItemPrice>
      <UnitOfMeasurePrice>2.3250</UnitOfMeasurePrice>
      <AllowDiscount>1</AllowDiscount>
      <ItemStatus>1</ItemStatus>
      <ItemId>133220</ItemId>
    </Item>
    <Item>
      <PriceUpdateDate>2025-09-08 07:54:27</PriceUpdateDate>
      <ItemCode>7290016580273</ItemCode>
      <ItemType>1</ItemType>
      <ItemName>דנטס תבניות אפיה לחל</ItemName>
      <ManufacturerName>לא ידוע</ManufacturerName>
      <ManufactureCountry>לא ידוע</ManufactureCountry>
      <ManufacturerItemDescription>דנטס תבניות אפיה לחל</ManufacturerItemDescription>
      <UnitQty>יחידה   </UnitQty>
      <Quantity>0.00</Quantity>
      <UnitOfMeasure>יחידה   </UnitOfMeasure>
      <bIsWeighted>0</bIsWeighted>
      <QtyInPackage>לא ידוע</QtyInPackage>
      <ItemPrice>12.90</ItemPrice>
      <UnitOfMeasurePrice>0.0000</UnitOfMeasurePrice>
      <AllowDiscount>1</AllowDiscount>
      <ItemStatus>1</ItemStatus>
      <ItemId>250886</ItemId>
    </Item>
    <Item>
      <PriceUpdateDate>2025-03-03 16:05:28</PriceUpdateDate>
      <ItemCode>7290009951431</ItemCode>
      <ItemType>1</ItemType>
      <ItemName>פירות אקזוטיים במשקל</ItemName>
      <ManufacturerName>לא ידוע</ManufacturerName>
      <ManufactureCountry>לא ידוע</ManufactureCountry>
      <ManufacturerItemDescription>פירות אקזוטיים במשקל</ManufacturerItemDescription>
      <UnitQty>קילוגרמים</UnitQty>
      <Quantity>1.00</Quantity>
      <UnitOfMeasure>ק"ג</UnitOfMeasure>
      <bIsWeighted>1</bIsWeighted>
      <QtyInPackage>לא ידוע</QtyInPackage>
      <ItemPrice>99.00</ItemPrice>
      <UnitOfMeasurePrice>99.0000</UnitOfMeasurePrice>
      <AllowDiscount>1</AllowDiscount>
      <ItemStatus>1</ItemStatus>
      <ItemId>251861</ItemId>
    </Item>
    <Item>
      <PriceUpdateDate>2025-03-03 16:05:29</PriceUpdateDate>
      <ItemCode>7290009951462</ItemCode>
      <ItemType>1</ItemType>
      <ItemName>עשבי תיבול במשקל</ItemName>
      <ManufacturerName>לא ידוע</ManufacturerName>
      <ManufactureCountry>לא ידוע</ManufactureCountry>
      <ManufacturerItemDescription>עשבי תיבול במשקל</ManufacturerItemDescription>
      <UnitQty>קילוגרמים</UnitQty>
      <Quantity>1.00</Quantity>
      <UnitOfMeasure>ק"ג</UnitOfMeasure>
      <bIsWeighted>1</bIsWeighted>
      <QtyInPackage>לא ידוע</QtyInPackage>
      <ItemPrice>86.00</ItemPrice>
      <UnitOfMeasurePrice>86.0000</UnitOfMeasurePrice>
      <AllowDiscount>1</AllowDiscount>
      <ItemStatus>1</ItemStatus>
      <ItemId>251864</ItemId>
    </Item>
    <Item>
      <PriceUpdateDate>2025-08-18 12:03:46</PriceUpdateDate>
      <ItemCode>7290003189045</ItemCode>
      <ItemType>1</ItemType>
      <ItemName>הולנדית כפיר א.ח. נו</ItemName>
      <ManufacturerName>לא ידוע</ManufacturerName>
      <ManufactureCountry>ישראל</ManufactureCountry>
      <ManufacturerItemDescription>הולנדית כפיר א.ח. נו</ManufacturerItemDescription>
      <UnitQty>קילוגרמים</UnitQty>
      <Quantity>1.00</Quantity>
      <UnitOfMeasure>ק"ג</UnitOfMeasure>
      <bIsWeighted>1</bIsWeighted>
      <QtyInPackage>לא ידוע</QtyInPackage>
      <ItemPrice>49.00</ItemPrice>
      <UnitOfMeasurePrice>49.0000</UnitOfMeasurePrice>
      <AllowDiscount>1</AllowDiscount>
      <ItemStatus>1</ItemStatus>
      <ItemId>133271</ItemId>
    </Item>
    <Item>
      <PriceUpdateDate>2025-08-18 12:03:47</PriceUpdateDate>
      <ItemCode>7290003189199</ItemCode>
      <ItemType>1</ItemType>
      <ItemName>כפיר חריפה א.ח.נוכרי</ItemName>
      <ManufacturerName>לא ידוע</ManufacturerName>
      <ManufactureCountry>ישראל</ManufactureCountry>
      <ManufacturerItemDescription>כפיר חריפה א.ח.נוכרי</ManufacturerItemDescription>
      <UnitQty>קילוגרמים</UnitQty>
      <Quantity>1.00</Quantity>
      <UnitOfMeasure>ק"ג</UnitOfMeasure>
      <bIsWeighted>1</bIsWeighted>
      <QtyInPackage>לא ידוע</QtyInPackage>
      <ItemPrice>49.00</ItemPrice>
      <UnitOfMeasurePrice>49.0000</UnitOfMeasurePrice>
      <AllowDiscount>1</AllowDiscount>
      <ItemStatus>1</ItemStatus>
      <ItemId>133273</ItemId>
    </Item>
    <Item>
      <PriceUpdateDate>2025-08-18 12:03:47</PriceUpdateDate>
      <ItemCode>7290003189274</ItemCode>
      <ItemType>1</ItemType>
      <ItemName>מעושנת כפיר א.ח. נוכ</ItemName>
      <ManufacturerName>לא ידוע</ManufacturerName>
      <ManufactureCountry>ישראל</ManufactureCountry>
      <ManufacturerItemDescription>מעושנת כפיר א.ח. נוכ</ManufacturerItemDescription>
      <UnitQty>קילוגרמים</UnitQty>
      <Quantity>1.00</Quantity>
      <UnitOfMeasure>ק"ג</UnitOfMeasure>
      <bIsWeighted>1</bIsWeighted>
      <QtyInPackage>לא ידוע</QtyInPackage>
      <ItemPrice>55.00</ItemPrice>
      <UnitOfMeasurePrice>55.0000</UnitOfMeasurePrice>
      <AllowDiscount>1</AllowDiscount>
      <ItemStatus>1</ItemStatus>
      <ItemId>133275</ItemId>
    </Item>
    <Item>
      <PriceUpdateDate>2025-08-18 12:03:47</PriceUpdateDate>
      <ItemCode>7290003189380</ItemCode>
      <ItemType>1</ItemType>
      <ItemName>צהובה עם שום שמיר כפ</ItemName>
      <ManufacturerName>לא ידוע</ManufacturerName>
      <ManufactureCountry>ישראל</ManufactureCountry>
      <ManufacturerItemDescription>צהובה עם שום שמיר כפ</ManufacturerItemDescription>
      <UnitQty>קילוגרמים</UnitQty>
      <Quantity>1.00</Quantity>
      <UnitOfMeasure>ק"ג</UnitOfMeasure>
      <bIsWeighted>1</bIsWeighted>
      <QtyInPackage>לא ידוע</QtyInPackage>
      <ItemPrice>49.00</ItemPrice>
      <UnitOfMeasurePrice>49.0000</UnitOfMeasurePrice>
      <AllowDiscount>1</AllowDiscount>
      <ItemStatus>1</ItemStatus>
      <ItemId>133278</ItemId>
    </Item>
    <Item>
      <PriceUpdateDate>2025-08-26 12:06:53</PriceUpdateDate>
      <ItemCode>7290003189076</ItemCode>
      <ItemType>1</ItemType>
      <ItemName>כפיר פיצרלה מגורדת 5</ItemName>
      <ManufacturerName>לא ידוע</ManufacturerName>
      <ManufactureCountry>לא ידוע</ManufactureCountry>
      <ManufacturerItemDescription>כפיר פיצרלה מגורדת 5</ManufacturerItemDescription>
      <UnitQty>לא ידוע</UnitQty>
      <Quantity>500.00</Quantity>
      <UnitOfMeasure>לא ידוע</UnitOfMeasure>
      <bIsWeighted>0</bIsWeighted>
      <QtyInPackage>לא ידוע</QtyInPackage>
      <ItemPrice>27.90</ItemPrice>
      <UnitOfMeasurePrice>0.0558</UnitOfMeasurePrice>
      <AllowDiscount>1</AllowDiscount>
      <ItemStatus>1</ItemStatus>
      <ItemId>133282</ItemId>
    </Item>
    <Item>
      <PriceUpdateDate>2025-08-31 09:56:38</PriceUpdateDate>
      <ItemCode>7290019635192</ItemCode>
      <ItemType>1</ItemType>
      <ItemName>פרוסות גאודה עיזים 1</ItemName>
      <ManufacturerName>לא ידוע</ManufacturerName>
      <ManufactureCountry>לא ידוע</ManufactureCountry>
      <ManufacturerItemDescription>פרוסות גאודה עיזים 1</ManufacturerItemDescription>
      <UnitQty>לא ידוע</UnitQty>
      <Quantity>150.00</Quantity>
      <UnitOfMeasure>לא ידוע</UnitOfMeasure>
      <bIsWeighted>0</bIsWeighted>
      <QtyInPackage>לא ידוע</QtyInPackage>
      <ItemPrice>32.90</ItemPrice>
      <UnitOfMeasurePrice>0.2193</UnitOfMeasurePrice>
      <AllowDiscount>1</AllowDiscount>
      <ItemStatus>1</ItemStatus>
      <ItemId>245515</ItemId>
    </Item>
    <Item>
      <PriceUpdateDate>2025-08-26 11:07:52</PriceUpdateDate>
      <ItemCode>7290002133162</ItemCode>
      <ItemType>1</ItemType>
      <ItemName>בולגרית גביע 5% 250ג</ItemName>
      <ManufacturerName>קריות זול</ManufacturerName>
      <ManufactureCountry>לא ידוע</ManufactureCountry>
      <ManufacturerItemDescription>בולגרית גביע 5% 250ג</ManufacturerItemDescription>
      <UnitQty>לא ידוע</UnitQty>
      <Quantity>250.00</Quantity>
      <UnitOfMeasure>לא ידוע</UnitOfMeasure>
      <bIsWeighted>0</bIsWeighted>
      <QtyInPackage>לא ידוע</QtyInPackage>
      <ItemPrice>29.90</ItemPrice>
      <UnitOfMeasurePrice>0.1196</UnitOfMeasurePrice>
      <AllowDiscount>1</AllowDiscount>
      <ItemStatus>1</ItemStatus>
      <ItemId>133321</ItemId>
    </Item>
    <Item>
      <PriceUpdateDate>2025-08-26 11:08:04</PriceUpdateDate>
      <ItemCode>7290013771216</ItemCode>
      <ItemType>1</ItemType>
      <ItemName>פטאקי 16% 250גר השומ</ItemName>
      <ManufacturerName>לא ידוע</ManufacturerName>
      <ManufactureCountry>לא ידוע</ManufactureCountry>
      <ManufacturerItemDescription>פטאקי 16% 250גר השומ</ManufacturerItemDescription>
      <UnitQty>לא ידוע</UnitQty>
      <Quantity>250.00</Quantity>
      <UnitOfMeasure>לא ידוע</UnitOfMeasure>
      <bIsWeighted>0</bIsWeighted>
      <QtyInPackage>לא ידוע</QtyInPackage>
      <ItemPrice>22.90</ItemPrice>
      <UnitOfMeasurePrice>0.0916</UnitOfMeasurePrice>
      <AllowDiscount>1</AllowDiscount>
      <ItemStatus>1</ItemStatus>
      <ItemId>133342</ItemId>
    </Item>
    <Item>
      <PriceUpdateDate>2025-08-20 14:13:35</PriceUpdateDate>
      <ItemCode>7290000207063</ItemCode>
      <ItemType>1</ItemType>
      <ItemName>פריכוז יכין 240 ג'</ItemName>
      <ManufacturerName>לא ידוע</ManufacturerName>
      <ManufactureCountry>לא ידוע</ManufactureCountry>
      <ManufacturerItemDescription>פריכוז יכין 240 ג'</ManufacturerItemDescription>
      <UnitQty>לא ידוע</UnitQty>
      <Quantity>260.00</Quantity>
      <UnitOfMeasure>לא ידוע</UnitOfMeasure>
      <bIsWeighted>0</bIsWeighted>
      <QtyInPackage>לא ידוע</QtyInPackage>
      <ItemPrice>6.50</ItemPrice>
      <UnitOfMeasurePrice>0.0250</UnitOfMeasurePrice>
      <AllowDiscount>1</AllowDiscount>
      <ItemStatus>1</ItemStatus>
      <ItemId>133354</ItemId>
    </Item>
    <Item>
      <PriceUpdateDate>2025-08-20 14:13:36</PriceUpdateDate>
      <ItemCode>7290000207162</ItemCode>
      <ItemType>1</ItemType>
      <ItemName>רוטב עגבניות 22BX יכ</ItemName>
      <ManufacturerName>קריות זול</ManufacturerName>
      <ManufactureCountry>לא ידוע</ManufactureCountry>
      <ManufacturerItemDescription>רוטב עגבניות 22BX יכ</ManufacturerItemDescription>
      <UnitQty>לא ידוע</UnitQty>
      <Quantity>100.00</Quantity>
      <UnitOfMeasure>לא ידוע</UnitOfMeasure>
      <bIsWeighted>0</bIsWeighted>
      <QtyInPackage>לא ידוע</QtyInPackage>
      <ItemPrice>3.20</ItemPrice>
      <UnitOfMeasurePrice>0.0320</UnitOfMeasurePrice>
      <AllowDiscount>1</AllowDiscount>
      <ItemStatus>1</ItemStatus>
      <ItemId>133358</ItemId>
    </Item>
    <Item>
      <PriceUpdateDate>2025-08-20 14:13:36</PriceUpdateDate>
      <ItemCode>7290000208008</ItemCode>
      <ItemType>1</ItemType>
      <ItemName>חריסה יכין 570גר</ItemName>
      <ManufacturerName>קריות זול</ManufacturerName>
      <ManufactureCountry>לא ידוע</ManufactureCountry>
      <ManufacturerItemDescription>חריסה יכין 570גר</ManufacturerItemDescription>
      <UnitQty>לא ידוע</UnitQty>
      <Quantity>570.00</Quantity>
      <UnitOfMeasure>לא ידוע</UnitOfMeasure>
      <bIsWeighted>0</bIsWeighted>
      <QtyInPackage>לא ידוע</QtyInPackage>
      <ItemPrice>13.90</ItemPrice>
      <UnitOfMeasurePrice>0.0244</UnitOfMeasurePrice>
      <AllowDiscount>1</AllowDiscount>
      <ItemStatus>1</ItemStatus>
      <ItemId>133361</ItemId>
    </Item>
    <Item>
      <PriceUpdateDate>2025-08-20 14:13:36</PriceUpdateDate>
      <ItemCode>7290000208022</ItemCode>
      <ItemType>1</ItemType>
      <ItemName>עגבניות מרוסקות יכין</ItemName>
      <ManufacturerName>קריות זול</ManufacturerName>
      <ManufactureCountry>לא ידוע</ManufactureCountry>
      <ManufacturerItemDescription>עגבניות מרוסקות יכין</ManufacturerItemDescription>
      <UnitQty>לא ידוע</UnitQty>
      <Quantity>800.00</Quantity>
      <UnitOfMeasure>לא ידוע</UnitOfMeasure>
      <bIsWeighted>0</bIsWeighted>
      <QtyInPackage>לא ידוע</QtyInPackage>
      <ItemPrice>11.90</ItemPrice>
      <UnitOfMeasurePrice>0.0149</UnitOfMeasurePrice>
      <AllowDiscount>1</AllowDiscount>
      <ItemStatus>1</ItemStatus>
      <ItemId>133362</ItemId>
    </Item>
    <Item>
      <PriceUpdateDate>2025-08-20 14:13:36</PriceUpdateDate>
      <ItemCode>7290000208077</ItemCode>
      <ItemType>1</ItemType>
      <ItemName>אפונה יכין 550 ג' A2</ItemName>
      <ManufacturerName>קריות זול</ManufacturerName>
      <ManufactureCountry>לא ידוע</ManufactureCountry>
      <ManufacturerItemDescription>אפונה יכין 550 ג' A2</ManufacturerItemDescription>
      <UnitQty>לא ידוע</UnitQty>
      <Quantity>550.00</Quantity>
      <UnitOfMeasure>לא ידוע</UnitOfMeasure>
      <bIsWeighted>0</bIsWeighted>
      <QtyInPackage>לא ידוע</QtyInPackage>
      <ItemPrice>11.90</ItemPrice>
      <UnitOfMeasurePrice>0.0216</UnitOfMeasurePrice>
      <AllowDiscount>1</AllowDiscount>
      <ItemStatus>1</ItemStatus>
      <ItemId>133364</ItemId>
    </Item>
    <Item>
      <PriceUpdateDate>2025-08-20 14:13:37</PriceUpdateDate>
      <ItemCode>7290000208138</ItemCode>
      <ItemType>1</ItemType>
      <ItemName>סירופ דיאט ענבים יכי</ItemName>
      <ManufacturerName>לא ידוע</ManufacturerName>
      <ManufactureCountry>לא ידוע</ManufactureCountry>
      <ManufacturerItemDescription>סירופ דיאט ענבים יכי</ManufacturerItemDescription>
      <UnitQty>לא ידוע</UnitQty>
      <Quantity>1000.00</Quantity>
      <UnitOfMeasure>לא ידוע</UnitOfMeasure>
      <bIsWeighted>0</bIsWeighted>
      <QtyInPackage>לא ידוע</QtyInPackage>
      <ItemPrice>13.90</ItemPrice>
      <UnitOfMeasurePrice>0.0139</UnitOfMeasurePrice>
      <AllowDiscount>1</AllowDiscount>
      <ItemStatus>1</ItemStatus>
      <ItemId>133369</ItemId>
    </Item>
    <Item>
      <PriceUpdateDate>2025-08-20 14:13:37</PriceUpdateDate>
      <ItemCode>7290000208213</ItemCode>
      <ItemType>1</ItemType>
      <ItemName>שעועית ברוטב יכין 56</ItemName>
      <ManufacturerName>קריות זול</ManufacturerName>
      <ManufactureCountry>לא ידוע</ManufactureCountry>
      <ManufacturerItemDescription>שעועית ברוטב יכין 56</ManufacturerItemDescription>
      <UnitQty>לא ידוע</UnitQty>
      <Quantity>580.00</Quantity>
      <UnitOfMeasure>לא ידוע</UnitOfMeasure>
      <bIsWeighted>0</bIsWeighted>
      <QtyInPackage>לא ידוע</QtyInPackage>
      <ItemPrice>11.90</ItemPrice>
      <UnitOfMeasurePrice>0.0205</UnitOfMeasurePrice>
      <AllowDiscount>1</AllowDiscount>
      <ItemStatus>1</ItemStatus>
      <ItemId>133373</ItemId>
    </Item>
    <Item>
      <PriceUpdateDate>2025-08-20 14:13:38</PriceUpdateDate>
      <ItemCode>7290000208220</ItemCode>
      <ItemType>1</ItemType>
      <ItemName>שעועית צ'ילי יכין 56</ItemName>
      <ManufacturerName>קריות זול</ManufacturerName>
      <ManufactureCountry>לא ידוע</ManufactureCountry>
      <ManufacturerItemDescription>שעועית צ'ילי יכין 56</ManufacturerItemDescription>
      <UnitQty>לא ידוע</UnitQty>
      <Quantity>550.00</Quantity>
      <UnitOfMeasure>לא ידוע</UnitOfMeasure>
      <bIsWeighted>0</bIsWeighted>
      <QtyInPackage>לא ידוע</QtyInPackage>
      <ItemPrice>11.90</ItemPrice>
      <UnitOfMeasurePrice>0.0216</UnitOfMeasurePrice>
      <AllowDiscount>1</AllowDiscount>
      <ItemStatus>1</ItemStatus>
      <ItemId>133374</ItemId>
    </Item>
    <Item>
      <PriceUpdateDate>2025-08-20 14:13:38</PriceUpdateDate>
      <ItemCode>7290000208244</ItemCode>
      <ItemType>1</ItemType>
      <ItemName>רוטב שקשוקה יכין 570</ItemName>
      <ManufacturerName>קריות זול</ManufacturerName>
      <ManufactureCountry>לא ידוע</ManufactureCountry>
      <ManufacturerItemDescription>רוטב שקשוקה יכין 570</ManufacturerItemDescription>
      <UnitQty>לא ידוע</UnitQty>
      <Quantity>570.00</Quantity>
      <UnitOfMeasure>לא ידוע</UnitOfMeasure>
      <bIsWeighted>0</bIsWeighted>
      <QtyInPackage>לא ידוע</QtyInPackage>
      <ItemPrice>11.90</ItemPrice>
      <UnitOfMeasurePrice>0.0209</UnitOfMeasurePrice>
      <AllowDiscount>1</AllowDiscount>
      <ItemStatus>1</ItemStatus>
      <ItemId>133376</ItemId>
    </Item>
    <Item>
      <PriceUpdateDate>2025-08-20 14:13:39</PriceUpdateDate>
      <ItemCode>7290000208312</ItemCode>
      <ItemType>1</ItemType>
      <ItemName>תירס מתוק יכין 400 ג</ItemName>
      <ManufacturerName>קריות זול</ManufacturerName>
      <ManufactureCountry>לא ידוע</ManufactureCountry>
      <ManufacturerItemDescription>תירס מתוק יכין 400 ג</ManufacturerItemDescription>
      <UnitQty>לא ידוע</UnitQty>
      <Quantity>400.00</Quantity>
      <UnitOfMeasure>לא ידוע</UnitOfMeasure>
      <bIsWeighted>0</bIsWeighted>
      <QtyInPackage>לא ידוע</QtyInPackage>
      <ItemPrice>9.50</ItemPrice>
      <UnitOfMeasurePrice>0.0238</UnitOfMeasurePrice>
      <AllowDiscount>1</AllowDiscount>
      <ItemStatus>1</ItemStatus>
      <ItemId>133380</ItemId>
    </Item>
    <Item>
      <PriceUpdateDate>2025-08-20 14:13:39</PriceUpdateDate>
      <ItemCode>7290000208329</ItemCode>
      <ItemType>1</ItemType>
      <ItemName>תירס מתוק יכין 550 ג</ItemName>
      <ManufacturerName>קריות זול</ManufacturerName>
      <ManufactureCountry>לא ידוע</ManufactureCountry>
      <ManufacturerItemDescription>תירס מתוק יכין 550 ג</ManufacturerItemDescription>
      <UnitQty>לא ידוע</UnitQty>
      <Quantity>550.00</Quantity>
      <UnitOfMeasure>לא ידוע</UnitOfMeasure>
      <bIsWeighted>0</bIsWeighted>
      <QtyInPackage>לא ידוע</QtyInPackage>
      <ItemPrice>11.90</ItemPrice>
      <UnitOfMeasurePrice>0.0216</UnitOfMeasurePrice>
      <AllowDiscount>1</AllowDiscount>
      <ItemStatus>1</ItemStatus>
      <ItemId>133381</ItemId>
    </Item>
    <Item>
      <PriceUpdateDate>2025-08-20 14:13:39</PriceUpdateDate>
      <ItemCode>7290000208336</ItemCode>
      <ItemType>1</ItemType>
      <ItemName>רוטב עגבניות 22BX יכ</ItemName>
      <ManufacturerName>קריות זול</ManufacturerName>
      <ManufactureCountry>לא ידוע</ManufactureCountry>
      <ManufacturerItemDescription>רוטב עגבניות 22BX יכ</ManufacturerItemDescription>
      <UnitQty>לא ידוע</UnitQty>
      <Quantity>240.00</Quantity>
      <UnitOfMeasure>לא ידוע</UnitOfMeasure>
      <bIsWeighted>0</bIsWeighted>
      <QtyInPackage>לא ידוע</QtyInPackage>
      <ItemPrice>5.90</ItemPrice>
      <UnitOfMeasurePrice>0.0246</UnitOfMeasurePrice>
      <AllowDiscount>1</AllowDiscount>
      <ItemStatus>1</ItemStatus>
      <ItemId>133382</ItemId>
    </Item>
    <Item>
      <PriceUpdateDate>2025-08-20 14:13:39</PriceUpdateDate>
      <ItemCode>7290000208343</ItemCode>
      <ItemType>1</ItemType>
      <ItemName>עגבניות מרוסקות שום</ItemName>
      <ManufacturerName>לא ידוע</ManufacturerName>
      <ManufactureCountry>לא ידוע</ManufactureCountry>
      <ManufacturerItemDescription>עגבניות מרוסקות שום</ManufacturerItemDescription>
      <UnitQty>לא ידוע</UnitQty>
      <Quantity>800.00</Quantity>
      <UnitOfMeasure>לא ידוע</UnitOfMeasure>
      <bIsWeighted>0</bIsWeighted>
      <QtyInPackage>לא ידוע</QtyInPackage>
      <ItemPrice>11.90</ItemPrice>
      <UnitOfMeasurePrice>0.0149</UnitOfMeasurePrice>
      <AllowDiscount>1</AllowDiscount>
      <ItemStatus>1</ItemStatus>
      <ItemId>133384</ItemId>
    </Item>
    <Item>
      <PriceUpdateDate>2025-08-20 14:13:40</PriceUpdateDate>
      <ItemCode>7290000208367</ItemCode>
      <ItemType>1</ItemType>
      <ItemName>עגבניות מרוסקות בזיל</ItemName>
      <ManufacturerName>לא ידוע</ManufacturerName>
      <ManufactureCountry>לא ידוע</ManufactureCountry>
      <ManufacturerItemDescription>עגבניות מרוסקות בזיל</ManufacturerItemDescription>
      <UnitQty>לא ידוע</UnitQty>
      <Quantity>800.00</Quantity>
      <UnitOfMeasure>לא ידוע</UnitOfMeasure>
      <bIsWeighted>0</bIsWeighted>
      <QtyInPackage>לא ידוע</QtyInPackage>
      <ItemPrice>11.90</ItemPrice>
      <UnitOfMeasurePrice>0.0149</UnitOfMeasurePrice>
      <AllowDiscount>1</AllowDiscount>
      <ItemStatus>1</ItemStatus>
      <ItemId>133386</ItemId>
    </Item>
    <Item>
      <PriceUpdateDate>2025-08-20 14:13:40</PriceUpdateDate>
      <ItemCode>7290000208428</ItemCode>
      <ItemType>1</ItemType>
      <ItemName>חומוס יכין 550 ג' A2</ItemName>
      <ManufacturerName>קריות זול</ManufacturerName>
      <ManufactureCountry>לא ידוע</ManufactureCountry>
      <ManufacturerItemDescription>חומוס יכין 550 ג' A2</ManufacturerItemDescription>
      <UnitQty>לא ידוע</UnitQty>
      <Quantity>550.00</Quantity>
      <UnitOfMeasure>לא ידוע</UnitOfMeasure>
      <bIsWeighted>0</bIsWeighted>
      <QtyInPackage>לא ידוע</QtyInPackage>
      <ItemPrice>11.90</ItemPrice>
      <UnitOfMeasurePrice>0.0216</UnitOfMeasurePrice>
      <AllowDiscount>1</AllowDiscount>
      <ItemStatus>1</ItemStatus>
      <ItemId>133388</ItemId>
    </Item>
    <Item>
      <PriceUpdateDate>2025-08-20 14:13:40</PriceUpdateDate>
      <ItemCode>7290000208459</ItemCode>
      <ItemType>1</ItemType>
      <ItemName>לקט ירקות יכין 550 ג</ItemName>
      <ManufacturerName>קריות זול</ManufacturerName>
      <ManufactureCountry>לא ידוע</ManufactureCountry>
      <ManufacturerItemDescription>לקט ירקות יכין 550 ג</ManufacturerItemDescription>
      <UnitQty>לא ידוע</UnitQty>
      <Quantity>550.00</Quantity>
      <UnitOfMeasure>לא ידוע</UnitOfMeasure>
      <bIsWeighted>0</bIsWeighted>
      <QtyInPackage>לא ידוע</QtyInPackage>
      <ItemPrice>11.90</ItemPrice>
      <UnitOfMeasurePrice>0.0216</UnitOfMeasurePrice>
      <AllowDiscount>1</AllowDiscount>
      <ItemStatus>1</ItemStatus>
      <ItemId>133391</ItemId>
    </Item>
    <Item>
      <PriceUpdateDate>2025-08-20 14:13:41</PriceUpdateDate>
      <ItemCode>7290000208800</ItemCode>
      <ItemType>1</ItemType>
      <ItemName>תירס ילדים יכין 400</ItemName>
      <ManufacturerName>לא ידוע</ManufacturerName>
      <ManufactureCountry>לא ידוע</ManufactureCountry>
      <ManufacturerItemDescription>תירס ילדים יכין 400</ManufacturerItemDescription>
      <UnitQty>לא ידוע</UnitQty>
      <Quantity>285.00</Quantity>
      <UnitOfMeasure>לא ידוע</UnitOfMeasure>
      <bIsWeighted>0</bIsWeighted>
      <QtyInPackage>לא ידוע</QtyInPackage>
      <ItemPrice>9.50</ItemPrice>
      <UnitOfMeasurePrice>0.0333</UnitOfMeasurePrice>
      <AllowDiscount>1</AllowDiscount>
      <ItemStatus>1</ItemStatus>
      <ItemId>133404</ItemId>
    </Item>
    <Item>
      <PriceUpdateDate>2025-08-20 14:13:41</PriceUpdateDate>
      <ItemCode>7290000208855</ItemCode>
      <ItemType>1</ItemType>
      <ItemName>רוטב פסטה יכין 240 ג</ItemName>
      <ManufacturerName>קריות זול</ManufacturerName>
      <ManufactureCountry>לא ידוע</ManufactureCountry>
      <ManufacturerItemDescription>רוטב פסטה יכין 240 ג</ManufacturerItemDescription>
      <UnitQty>לא ידוע</UnitQty>
      <Quantity>240.00</Quantity>
      <UnitOfMeasure>לא ידוע</UnitOfMeasure>
      <bIsWeighted>0</bIsWeighted>
      <QtyInPackage>לא ידוע</QtyInPackage>
      <ItemPrice>7.90</ItemPrice>
      <UnitOfMeasurePrice>0.0329</UnitOfMeasurePrice>
      <AllowDiscount>1</AllowDiscount>
      <ItemStatus>1</ItemStatus>
      <ItemId>133405</ItemId>
    </Item>
    <Item>
      <PriceUpdateDate>2025-08-20 14:13:41</PriceUpdateDate>
      <ItemCode>7290000208893</ItemCode>
      <ItemType>1</ItemType>
      <ItemName>תירס יכין וואקום</ItemName>
      <ManufacturerName>קריות זול</ManufacturerName>
      <ManufactureCountry>לא ידוע</ManufactureCountry>
      <ManufacturerItemDescription>תירס יכין וואקום</ManufacturerItemDescription>
      <UnitQty>לא ידוע</UnitQty>
      <Quantity>340.00</Quantity>
      <UnitOfMeasure>לא ידוע</UnitOfMeasure>
      <bIsWeighted>0</bIsWeighted>
      <QtyInPackage>לא ידוע</QtyInPackage>
      <ItemPrice>9.50</ItemPrice>
      <UnitOfMeasurePrice>0.0279</UnitOfMeasurePrice>
      <AllowDiscount>1</AllowDiscount>
      <ItemStatus>1</ItemStatus>
      <ItemId>133406</ItemId>
    </Item>
    <Item>
      <PriceUpdateDate>2025-08-20 14:13:41</PriceUpdateDate>
      <ItemCode>7290000208930</ItemCode>
      <ItemType>1</ItemType>
      <ItemName>עגבניות קצוצות עם שו</ItemName>
      <ManufacturerName>לא ידוע</ManufacturerName>
      <ManufactureCountry>לא ידוע</ManufactureCountry>
      <ManufacturerItemDescription>עגבניות קצוצות עם שו</ManufacturerItemDescription>
      <UnitQty>לא ידוע</UnitQty>
      <Quantity>240.00</Quantity>
      <UnitOfMeasure>לא ידוע</UnitOfMeasure>
      <bIsWeighted>0</bIsWeighted>
      <QtyInPackage>לא ידוע</QtyInPackage>
      <ItemPrice>7.90</ItemPrice>
      <UnitOfMeasurePrice>0.0329</UnitOfMeasurePrice>
      <AllowDiscount>1</AllowDiscount>
      <ItemStatus>1</ItemStatus>
      <ItemId>133408</ItemId>
    </Item>
    <Item>
      <PriceUpdateDate>2025-08-20 14:13:41</PriceUpdateDate>
      <ItemCode>7290000208947</ItemCode>
      <ItemType>1</ItemType>
      <ItemName>עגבניות קצוצות יכין</ItemName>
      <ManufacturerName>לא ידוע</ManufacturerName>
      <ManufactureCountry>לא ידוע</ManufactureCountry>
      <ManufacturerItemDescription>עגבניות קצוצות יכין</ManufacturerItemDescription>
      <UnitQty>לא ידוע</UnitQty>
      <Quantity>240.00</Quantity>
      <UnitOfMeasure>לא ידוע</UnitOfMeasure>
      <bIsWeighted>0</bIsWeighted>
      <QtyInPackage>לא ידוע</QtyInPackage>
      <ItemPrice>7.90</ItemPrice>
      <UnitOfMeasurePrice>0.0329</UnitOfMeasurePrice>
      <AllowDiscount>1</AllowDiscount>
      <ItemStatus>1</ItemStatus>
      <ItemId>133409</ItemId>
    </Item>
    <Item>
      <PriceUpdateDate>2025-01-29 08:15:27</PriceUpdateDate>
      <ItemCode>7290000208978</ItemCode>
      <ItemType>1</ItemType>
      <ItemName>פריכוז יכין 100 ג'</ItemName>
      <ManufacturerName>לא ידוע</ManufacturerName>
      <ManufactureCountry>לא ידוע</ManufactureCountry>
      <ManufacturerItemDescription>פריכוז יכין 100 ג'</ManufacturerItemDescription>
      <UnitQty>לא ידוע</UnitQty>
      <Quantity>100.00</Quantity>
      <UnitOfMeasure>לא ידוע</UnitOfMeasure>
      <bIsWeighted>0</bIsWeighted>
      <QtyInPackage>לא ידוע</QtyInPackage>
      <ItemPrice>2.90</ItemPrice>
      <UnitOfMeasurePrice>0.0290</UnitOfMeasurePrice>
      <AllowDiscount>1</AllowDiscount>
      <ItemStatus>1</ItemStatus>
      <ItemId>133410</ItemId>
    </Item>
    <Item>
      <PriceUpdateDate>2025-08-20 14:13:42</PriceUpdateDate>
      <ItemCode>7290000209012</ItemCode>
      <ItemType>1</ItemType>
      <ItemName>חומץ 5% יכין 1 ל'</ItemName>
      <ManufacturerName>קריות זול</ManufacturerName>
      <ManufactureCountry>לא ידוע</ManufactureCountry>
      <ManufacturerItemDescription>חומץ 5% יכין 1 ל'</ManufacturerItemDescription>
      <UnitQty>לא ידוע</UnitQty>
      <Quantity>1000.00</Quantity>
      <UnitOfMeasure>לא ידוע</UnitOfMeasure>
      <bIsWeighted>0</bIsWeighted>
      <QtyInPackage>לא ידוע</QtyInPackage>
      <ItemPrice>7.50</ItemPrice>
      <UnitOfMeasurePrice>0.0075</UnitOfMeasurePrice>
      <AllowDiscount>1</AllowDiscount>
      <ItemStatus>1</ItemStatus>
      <ItemId>133412</ItemId>
    </Item>
    <Item>
      <PriceUpdateDate>2025-08-20 14:13:42</PriceUpdateDate>
      <ItemCode>7290000209043</ItemCode>
      <ItemType>1</ItemType>
      <ItemName>רוטב לימון יכין 1 ל'</ItemName>
      <ManufacturerName>לא ידוע</ManufacturerName>
      <ManufactureCountry>לא ידוע</ManufactureCountry>
      <ManufacturerItemDescription>רוטב לימון יכין 1 ל'</ManufacturerItemDescription>
      <UnitQty>לא ידוע</UnitQty>
      <Quantity>1000.00</Quantity>
      <UnitOfMeasure>לא ידוע</UnitOfMeasure>
      <bIsWeighted>0</bIsWeighted>
      <QtyInPackage>לא ידוע</QtyInPackage>
      <ItemPrice>8.90</ItemPrice>
      <UnitOfMeasurePrice>0.0089</UnitOfMeasurePrice>
      <AllowDiscount>1</AllowDiscount>
      <ItemStatus>1</ItemStatus>
      <ItemId>133413</ItemId>
    </Item>
    <Item>
      <PriceUpdateDate>2025-08-20 14:13:42</PriceUpdateDate>
      <ItemCode>7290000209173</ItemCode>
      <ItemType>1</ItemType>
      <ItemName>חומצה אצטית 5% יכין</ItemName>
      <ManufacturerName>לא ידוע</ManufacturerName>
      <ManufactureCountry>לא ידוע</ManufactureCountry>
      <ManufacturerItemDescription>חומצה אצטית 5% יכין</ManufacturerItemDescription>
      <UnitQty>לא ידוע</UnitQty>
      <Quantity>1000.00</Quantity>
      <UnitOfMeasure>לא ידוע</UnitOfMeasure>
      <bIsWeighted>0</bIsWeighted>
      <QtyInPackage>לא ידוע</QtyInPackage>
      <ItemPrice>6.50</ItemPrice>
      <UnitOfMeasurePrice>0.0065</UnitOfMeasurePrice>
      <AllowDiscount>1</AllowDiscount>
      <ItemStatus>1</ItemStatus>
      <ItemId>133418</ItemId>
    </Item>
    <Item>
      <PriceUpdateDate>2025-08-20 14:13:42</PriceUpdateDate>
      <ItemCode>7290000209371</ItemCode>
      <ItemType>1</ItemType>
      <ItemName>תירס מתוק יכין 200*3</ItemName>
      <ManufacturerName>לא ידוע</ManufacturerName>
      <ManufactureCountry>לא ידוע</ManufactureCountry>
      <ManufacturerItemDescription>תירס מתוק יכין 200*3</ManufacturerItemDescription>
      <UnitQty>לא ידוע</UnitQty>
      <Quantity>495.00</Quantity>
      <UnitOfMeasure>לא ידוע</UnitOfMeasure>
      <bIsWeighted>0</bIsWeighted>
      <QtyInPackage>לא ידוע</QtyInPackage>
      <ItemPrice>17.90</ItemPrice>
      <UnitOfMeasurePrice>0.0362</UnitOfMeasurePrice>
      <AllowDiscount>1</AllowDiscount>
      <ItemStatus>1</ItemStatus>
      <ItemId>133427</ItemId>
    </Item>
    <Item>
      <PriceUpdateDate>2025-08-20 14:13:42</PriceUpdateDate>
      <ItemCode>7290000209388</ItemCode>
      <ItemType>1</ItemType>
      <ItemName>תירס לייט יכין 200*3</ItemName>
      <ManufacturerName>לא ידוע</ManufacturerName>
      <ManufactureCountry>לא ידוע</ManufactureCountry>
      <ManufacturerItemDescription>תירס לייט יכין 200*3</ManufacturerItemDescription>
      <UnitQty>לא ידוע</UnitQty>
      <Quantity>495.00</Quantity>
      <UnitOfMeasure>לא ידוע</UnitOfMeasure>
      <bIsWeighted>0</bIsWeighted>
      <QtyInPackage>לא ידוע</QtyInPackage>
      <ItemPrice>17.90</ItemPrice>
      <UnitOfMeasurePrice>0.0362</UnitOfMeasurePrice>
      <AllowDiscount>1</AllowDiscount>
      <ItemStatus>1</ItemStatus>
      <ItemId>133428</ItemId>
    </Item>
    <Item>
      <PriceUpdateDate>2025-08-20 14:13:43</PriceUpdateDate>
      <ItemCode>7290000209708</ItemCode>
      <ItemType>1</ItemType>
      <ItemName>עגבניות קצוצות עם בז</ItemName>
      <ManufacturerName>לא ידוע</ManufacturerName>
      <ManufactureCountry>לא ידוע</ManufactureCountry>
      <ManufacturerItemDescription>עגבניות קצוצות עם בז</ManufacturerItemDescription>
      <UnitQty>לא ידוע</UnitQty>
      <Quantity>240.00</Quantity>
      <UnitOfMeasure>לא ידוע</UnitOfMeasure>
      <bIsWeighted>0</bIsWeighted>
      <QtyInPackage>לא ידוע</QtyInPackage>
      <ItemPrice>7.90</ItemPrice>
      <UnitOfMeasurePrice>0.0329</UnitOfMeasurePrice>
      <AllowDiscount>1</AllowDiscount>
      <ItemStatus>1</ItemStatus>
      <ItemId>133439</ItemId>
    </Item>
    <Item>
      <PriceUpdateDate>2025-08-20 14:13:44</PriceUpdateDate>
      <ItemCode>7290000209722</ItemCode>
      <ItemType>1</ItemType>
      <ItemName>פריכוז יכין 580 ג' A</ItemName>
      <ManufacturerName>לא ידוע</ManufacturerName>
      <ManufactureCountry>לא ידוע</ManufactureCountry>
      <ManufacturerItemDescription>פריכוז יכין 580 ג' A</ManufacturerItemDescription>
      <UnitQty>לא ידוע</UnitQty>
      <Quantity>580.00</Quantity>
      <UnitOfMeasure>לא ידוע</UnitOfMeasure>
      <bIsWeighted>0</bIsWeighted>
      <QtyInPackage>לא ידוע</QtyInPackage>
      <ItemPrice>13.50</ItemPrice>
      <UnitOfMeasurePrice>0.0233</UnitOfMeasurePrice>
      <AllowDiscount>1</AllowDiscount>
      <ItemStatus>1</ItemStatus>
      <ItemId>133441</ItemId>
    </Item>
    <Item>
      <PriceUpdateDate>2025-08-20 14:13:44</PriceUpdateDate>
      <ItemCode>7290000209944</ItemCode>
      <ItemType>1</ItemType>
      <ItemName>רוטב שקשוקה יכין 240</ItemName>
      <ManufacturerName>לא ידוע</ManufacturerName>
      <ManufactureCountry>לא ידוע</ManufactureCountry>
      <ManufacturerItemDescription>רוטב שקשוקה יכין 240</ManufacturerItemDescription>
      <UnitQty>לא ידוע</UnitQty>
      <Quantity>240.00</Quantity>
      <UnitOfMeasure>לא ידוע</UnitOfMeasure>
      <bIsWeighted>0</bIsWeighted>
      <QtyInPackage>לא ידוע</QtyInPackage>
      <ItemPrice>7.90</ItemPrice>
      <UnitOfMeasurePrice>0.0329</UnitOfMeasurePrice>
      <AllowDiscount>1</AllowDiscount>
      <ItemStatus>1</ItemStatus>
      <ItemId>133444</ItemId>
    </Item>
    <Item>
      <PriceUpdateDate>2025-08-20 14:13:44</PriceUpdateDate>
      <ItemCode>7290000209951</ItemCode>
      <ItemType>1</ItemType>
      <ItemName>רוטב פיצה יכין 240 ג</ItemName>
      <ManufacturerName>לא ידוע</ManufacturerName>
      <ManufactureCountry>לא ידוע</ManufactureCountry>
      <ManufacturerItemDescription>רוטב פיצה יכין 240 ג</ManufacturerItemDescription>
      <UnitQty>לא ידוע</UnitQty>
      <Quantity>240.00</Quantity>
      <UnitOfMeasure>לא ידוע</UnitOfMeasure>
      <bIsWeighted>0</bIsWeighted>
      <QtyInPackage>לא ידוע</QtyInPackage>
      <ItemPrice>7.90</ItemPrice>
      <UnitOfMeasurePrice>0.0329</UnitOfMeasurePrice>
      <AllowDiscount>1</AllowDiscount>
      <ItemStatus>1</ItemStatus>
      <ItemId>133445</ItemId>
    </Item>
    <Item>
      <PriceUpdateDate>2025-08-20 14:13:45</PriceUpdateDate>
      <ItemCode>7290000210896</ItemCode>
      <ItemType>1</ItemType>
      <ItemName>רוטב בולונז יכין 240</ItemName>
      <ManufacturerName>לא ידוע</ManufacturerName>
      <ManufactureCountry>לא ידוע</ManufactureCountry>
      <ManufacturerItemDescription>רוטב בולונז יכין 240</ManufacturerItemDescription>
      <UnitQty>לא ידוע</UnitQty>
      <Quantity>240.00</Quantity>
      <UnitOfMeasure>לא ידוע</UnitOfMeasure>
      <bIsWeighted>0</bIsWeighted>
      <QtyInPackage>לא ידוע</QtyInPackage>
      <ItemPrice>7.90</ItemPrice>
      <UnitOfMeasurePrice>0.0329</UnitOfMeasurePrice>
      <AllowDiscount>1</AllowDiscount>
      <ItemStatus>1</ItemStatus>
      <ItemId>133470</ItemId>
    </Item>
    <Item>
      <PriceUpdateDate>2025-08-20 14:13:48</PriceUpdateDate>
      <ItemCode>7290004165017</ItemCode>
      <ItemType>1</ItemType>
      <ItemName>רסק תפ"ע טבעי יכין 5</ItemName>
      <ManufacturerName>לא ידוע</ManufacturerName>
      <ManufactureCountry>לא ידוע</ManufactureCountry>
      <ManufacturerItemDescription>רסק תפ"ע טבעי יכין 5</ManufacturerItemDescription>
      <UnitQty>לא ידוע</UnitQty>
      <Quantity>560.00</Quantity>
      <UnitOfMeasure>לא ידוע</UnitOfMeasure>
      <bIsWeighted>0</bIsWeighted>
      <QtyInPackage>לא ידוע</QtyInPackage>
      <ItemPrice>10.90</ItemPrice>
      <UnitOfMeasurePrice>0.0195</UnitOfMeasurePrice>
      <AllowDiscount>1</AllowDiscount>
      <ItemStatus>1</ItemStatus>
      <ItemId>133497</ItemId>
    </Item>
    <Item>
      <PriceUpdateDate>2025-08-20 14:13:50</PriceUpdateDate>
      <ItemCode>7290013531117</ItemCode>
      <ItemType>1</ItemType>
      <ItemName>רוטב פסטה ילדים יכין</ItemName>
      <ManufacturerName>לא ידוע</ManufacturerName>
      <ManufactureCountry>לא ידוע</ManufactureCountry>
      <ManufacturerItemDescription>רוטב פסטה ילדים יכין</ManufacturerItemDescription>
      <UnitQty>לא ידוע</UnitQty>
      <Quantity>240.00</Quantity>
      <UnitOfMeasure>לא ידוע</UnitOfMeasure>
      <bIsWeighted>0</bIsWeighted>
      <QtyInPackage>לא ידוע</QtyInPackage>
      <ItemPrice>7.90</ItemPrice>
      <UnitOfMeasurePrice>0.0329</UnitOfMeasurePrice>
      <AllowDiscount>1</AllowDiscount>
      <ItemStatus>1</ItemStatus>
      <ItemId>133524</ItemId>
    </Item>
    <Item>
      <PriceUpdateDate>2025-08-20 14:13:50</PriceUpdateDate>
      <ItemCode>7290013531346</ItemCode>
      <ItemType>1</ItemType>
      <ItemName>סירופ דיאט לימונענע</ItemName>
      <ManufacturerName>לא ידוע</ManufacturerName>
      <ManufactureCountry>לא ידוע</ManufactureCountry>
      <ManufacturerItemDescription>סירופ דיאט לימונענע</ManufacturerItemDescription>
      <UnitQty>לא ידוע</UnitQty>
      <Quantity>1000.00</Quantity>
      <UnitOfMeasure>לא ידוע</UnitOfMeasure>
      <bIsWeighted>0</bIsWeighted>
      <QtyInPackage>לא ידוע</QtyInPackage>
      <ItemPrice>13.90</ItemPrice>
      <UnitOfMeasurePrice>0.0139</UnitOfMeasurePrice>
      <AllowDiscount>1</AllowDiscount>
      <ItemStatus>1</ItemStatus>
      <ItemId>133528</ItemId>
    </Item>
    <Item>
      <PriceUpdateDate>2025-08-20 14:13:51</PriceUpdateDate>
      <ItemCode>7290013531612</ItemCode>
      <ItemType>1</ItemType>
      <ItemName>רוטב נפוליטנה יכין 2</ItemName>
      <ManufacturerName>לא ידוע</ManufacturerName>
      <ManufactureCountry>לא ידוע</ManufactureCountry>
      <ManufacturerItemDescription>רוטב נפוליטנה יכין 2</ManufacturerItemDescription>
      <UnitQty>לא ידוע</UnitQty>
      <Quantity>240.00</Quantity>
      <UnitOfMeasure>לא ידוע</UnitOfMeasure>
      <bIsWeighted>0</bIsWeighted>
      <QtyInPackage>לא ידוע</QtyInPackage>
      <ItemPrice>7.90</ItemPrice>
      <UnitOfMeasurePrice>0.0329</UnitOfMeasurePrice>
      <AllowDiscount>1</AllowDiscount>
      <ItemStatus>1</ItemStatus>
      <ItemId>133538</ItemId>
    </Item>
    <Item>
      <PriceUpdateDate>2025-08-20 14:13:51</PriceUpdateDate>
      <ItemCode>7290013531759</ItemCode>
      <ItemType>1</ItemType>
      <ItemName>שעועית במים יכין 550</ItemName>
      <ManufacturerName>לא ידוע</ManufacturerName>
      <ManufactureCountry>לא ידוע</ManufactureCountry>
      <ManufacturerItemDescription>שעועית במים יכין 550</ManufacturerItemDescription>
      <UnitQty>לא ידוע</UnitQty>
      <Quantity>550.00</Quantity>
      <UnitOfMeasure>לא ידוע</UnitOfMeasure>
      <bIsWeighted>0</bIsWeighted>
      <QtyInPackage>לא ידוע</QtyInPackage>
      <ItemPrice>11.90</ItemPrice>
      <UnitOfMeasurePrice>0.0216</UnitOfMeasurePrice>
      <AllowDiscount>1</AllowDiscount>
      <ItemStatus>1</ItemStatus>
      <ItemId>133547</ItemId>
    </Item>
    <Item>
      <PriceUpdateDate>2025-08-18 11:43:06</PriceUpdateDate>
      <ItemCode>11210000094</ItemCode>
      <ItemType>1</ItemType>
      <ItemName>טבסקו אדום 60מל</ItemName>
      <ManufacturerName>קריות זול</ManufacturerName>
      <ManufactureCountry>לא ידוע</ManufactureCountry>
      <ManufacturerItemDescription>טבסקו אדום 60מל</ManufacturerItemDescription>
      <UnitQty>לא ידוע</UnitQty>
      <Quantity>60.00</Quantity>
      <UnitOfMeasure>לא ידוע</UnitOfMeasure>
      <bIsWeighted>0</bIsWeighted>
      <QtyInPackage>לא ידוע</QtyInPackage>
      <ItemPrice>13.90</ItemPrice>
      <UnitOfMeasurePrice>0.2317</UnitOfMeasurePrice>
      <AllowDiscount>1</AllowDiscount>
      <ItemStatus>1</ItemStatus>
      <ItemId>133568</ItemId>
    </Item>
    <Item>
      <PriceUpdateDate>2025-08-18 11:43:06</PriceUpdateDate>
      <ItemCode>11210007253</ItemCode>
      <ItemType>1</ItemType>
      <ItemName>טבסקו שום 60מל</ItemName>
      <ManufacturerName>לא ידוע</ManufacturerName>
      <ManufactureCountry>לא ידוע</ManufactureCountry>
      <ManufacturerItemDescription>טבסקו שום 60מל</ManufacturerItemDescription>
      <UnitQty>לא ידוע</UnitQty>
      <Quantity>60.00</Quantity>
      <UnitOfMeasure>לא ידוע</UnitOfMeasure>
      <bIsWeighted>0</bIsWeighted>
      <QtyInPackage>לא ידוע</QtyInPackage>
      <ItemPrice>12.90</ItemPrice>
      <UnitOfMeasurePrice>0.2150</UnitOfMeasurePrice>
      <AllowDiscount>1</AllowDiscount>
      <ItemStatus>1</ItemStatus>
      <ItemId>133569</ItemId>
    </Item>
    <Item>
      <PriceUpdateDate>2025-08-19 08:17:10</PriceUpdateDate>
      <ItemCode>5014271310428</ItemCode>
      <ItemType>1</ItemType>
      <ItemName>מעדן דובדבנים שחורים</ItemName>
      <ManufacturerName>לא ידוע</ManufacturerName>
      <ManufactureCountry>לא ידוע</ManufactureCountry>
      <ManufacturerItemDescription>מעדן דובדבנים שחורים</ManufacturerItemDescription>
      <UnitQty>לא ידוע</UnitQty>
      <Quantity>284.00</Quantity>
      <UnitOfMeasure>לא ידוע</UnitOfMeasure>
      <bIsWeighted>0</bIsWeighted>
      <QtyInPackage>לא ידוע</QtyInPackage>
      <ItemPrice>23.90</ItemPrice>
      <UnitOfMeasurePrice>0.0842</UnitOfMeasurePrice>
      <AllowDiscount>1</AllowDiscount>
      <ItemStatus>1</ItemStatus>
      <ItemId>133626</ItemId>
    </Item>
    <Item>
      <PriceUpdateDate>2025-08-19 08:17:10</PriceUpdateDate>
      <ItemCode>5014271330426</ItemCode>
      <ItemType>1</ItemType>
      <ItemName>מעדן אוכמניות סנדלפו</ItemName>
      <ManufacturerName>לא ידוע</ManufacturerName>
      <ManufactureCountry>לא ידוע</ManufactureCountry>
      <ManufacturerItemDescription>מעדן אוכמניות סנדלפו</ManufacturerItemDescription>
      <UnitQty>לא ידוע</UnitQty>
      <Quantity>284.00</Quantity>
      <UnitOfMeasure>לא ידוע</UnitOfMeasure>
      <bIsWeighted>0</bIsWeighted>
      <QtyInPackage>לא ידוע</QtyInPackage>
      <ItemPrice>23.90</ItemPrice>
      <UnitOfMeasurePrice>0.0842</UnitOfMeasurePrice>
      <AllowDiscount>1</AllowDiscount>
      <ItemStatus>1</ItemStatus>
      <ItemId>133627</ItemId>
    </Item>
    <Item>
      <PriceUpdateDate>2025-08-19 18:19:17</PriceUpdateDate>
      <ItemCode>645173911038</ItemCode>
      <ItemType>1</ItemType>
      <ItemName>קורנישון מיני 720גר</ItemName>
      <ManufacturerName>לא ידוע</ManufacturerName>
      <ManufactureCountry>לא ידוע</ManufactureCountry>
      <ManufacturerItemDescription>קורנישון מיני 720גר</ManufacturerItemDescription>
      <UnitQty>לא ידוע</UnitQty>
      <Quantity>720.00</Quantity>
      <UnitOfMeasure>לא ידוע</UnitOfMeasure>
      <bIsWeighted>0</bIsWeighted>
      <QtyInPackage>לא ידוע</QtyInPackage>
      <ItemPrice>14.90</ItemPrice>
      <UnitOfMeasurePrice>0.0207</UnitOfMeasurePrice>
      <AllowDiscount>1</AllowDiscount>
      <ItemStatus>1</ItemStatus>
      <ItemId>133811</ItemId>
    </Item>
    <Item>
      <PriceUpdateDate>2025-08-17 15:20:19</PriceUpdateDate>
      <ItemCode>7290003268641</ItemCode>
      <ItemType>1</ItemType>
      <ItemName>חאלע חלה מתוקה מיוחד</ItemName>
      <ManufacturerName>לא ידוע</ManufacturerName>
      <ManufactureCountry>לא ידוע</ManufactureCountry>
      <ManufacturerItemDescription>חאלע חלה מתוקה מיוחד</ManufacturerItemDescription>
      <UnitQty>יחידה   </UnitQty>
      <Quantity>0.00</Quantity>
      <UnitOfMeasure>יחידה   </UnitOfMeasure>
      <bIsWeighted>0</bIsWeighted>
      <QtyInPackage>לא ידוע</QtyInPackage>
      <ItemPrice>17.90</ItemPrice>
      <UnitOfMeasurePrice>0.0000</UnitOfMeasurePrice>
      <AllowDiscount>1</AllowDiscount>
      <ItemStatus>1</ItemStatus>
      <ItemId>210333</ItemId>
    </Item>
    <Item>
      <PriceUpdateDate>2025-08-20 13:15:39</PriceUpdateDate>
      <ItemCode>7290000189505</ItemCode>
      <ItemType>1</ItemType>
      <ItemName>תבנית אפייה מקרטון א</ItemName>
      <ManufacturerName>לא ידוע</ManufacturerName>
      <ManufactureCountry>לא ידוע</ManufactureCountry>
      <ManufacturerItemDescription>תבנית אפייה מקרטון א</ManufacturerItemDescription>
      <UnitQty>יחידה   </UnitQty>
      <Quantity>0.00</Quantity>
      <UnitOfMeasure>יחידה   </UnitOfMeasure>
      <bIsWeighted>0</bIsWeighted>
      <QtyInPackage>לא ידוע</QtyInPackage>
      <ItemPrice>13.90</ItemPrice>
      <UnitOfMeasurePrice>0.0000</UnitOfMeasurePrice>
      <AllowDiscount>1</AllowDiscount>
      <ItemStatus>1</ItemStatus>
      <ItemId>206472</ItemId>
    </Item>
    <Item>
      <PriceUpdateDate>2025-11-30 09:20:25</PriceUpdateDate>
      <ItemCode>5200100955605</ItemCode>
      <ItemType>1</ItemType>
      <ItemName>עוגיות שקדים ושברי ש</ItemName>
      <ManufacturerName>לא ידוע</ManufacturerName>
      <ManufactureCountry>לא ידוע</ManufactureCountry>
      <ManufacturerItemDescription>עוגיות שקדים ושברי ש</ManufacturerItemDescription>
      <UnitQty>לא ידוע</UnitQty>
      <Quantity>200.00</Quantity>
      <UnitOfMeasure>לא ידוע</UnitOfMeasure>
      <bIsWeighted>0</bIsWeighted>
      <QtyInPackage>לא ידוע</QtyInPackage>
      <ItemPrice>16.90</ItemPrice>
      <UnitOfMeasurePrice>0.0845</UnitOfMeasurePrice>
      <AllowDiscount>1</AllowDiscount>
      <ItemStatus>1</ItemStatus>
      <ItemId>256638</ItemId>
    </Item>
    <Item>
      <PriceUpdateDate>2025-08-19 18:19:18</PriceUpdateDate>
      <ItemCode>7290002190141</ItemCode>
      <ItemType>1</ItemType>
      <ItemName>ריבת חלב בצנצנת 450</ItemName>
      <ManufacturerName>קריות זול</ManufacturerName>
      <ManufactureCountry>לא ידוע</ManufactureCountry>
      <ManufacturerItemDescription>ריבת חלב בצנצנת 450</ManufacturerItemDescription>
      <UnitQty>לא ידוע</UnitQty>
      <Quantity>450.00</Quantity>
      <UnitOfMeasure>לא ידוע</UnitOfMeasure>
      <bIsWeighted>0</bIsWeighted>
      <QtyInPackage>לא ידוע</QtyInPackage>
      <ItemPrice>17.90</ItemPrice>
      <UnitOfMeasurePrice>0.0398</UnitOfMeasurePrice>
      <AllowDiscount>1</AllowDiscount>
      <ItemStatus>1</ItemStatus>
      <ItemId>133938</ItemId>
    </Item>
    <Item>
      <PriceUpdateDate>2025-08-19 18:19:18</PriceUpdateDate>
      <ItemCode>7290002190516</ItemCode>
      <ItemType>1</ItemType>
      <ItemName>ריבת חלב ממרח 500גר</ItemName>
      <ManufacturerName>קריות זול</ManufacturerName>
      <ManufactureCountry>לא ידוע</ManufactureCountry>
      <ManufacturerItemDescription>ריבת חלב ממרח 500גר</ManufacturerItemDescription>
      <UnitQty>לא ידוע</UnitQty>
      <Quantity>500.00</Quantity>
      <UnitOfMeasure>לא ידוע</UnitOfMeasure>
      <bIsWeighted>0</bIsWeighted>
      <QtyInPackage>לא ידוע</QtyInPackage>
      <ItemPrice>17.90</ItemPrice>
      <UnitOfMeasurePrice>0.0358</UnitOfMeasurePrice>
      <AllowDiscount>1</AllowDiscount>
      <ItemStatus>1</ItemStatus>
      <ItemId>133939</ItemId>
    </Item>
    <Item>
      <PriceUpdateDate>2025-08-24 11:50:41</PriceUpdateDate>
      <ItemCode>7290019964117</ItemCode>
      <ItemType>1</ItemType>
      <ItemName>מארז 10 קפסולות ארומ</ItemName>
      <ManufacturerName>לא ידוע</ManufacturerName>
      <ManufactureCountry>לא ידוע</ManufactureCountry>
      <ManufacturerItemDescription>מארז 10 קפסולות ארומ</ManufacturerItemDescription>
      <UnitQty>לא ידוע</UnitQty>
      <Quantity>56.00</Quantity>
      <UnitOfMeasure>לא ידוע</UnitOfMeasure>
      <bIsWeighted>0</bIsWeighted>
      <QtyInPackage>לא ידוע</QtyInPackage>
      <ItemPrice>22.90</ItemPrice>
      <UnitOfMeasurePrice>0.4089</UnitOfMeasurePrice>
      <AllowDiscount>1</AllowDiscount>
      <ItemStatus>1</ItemStatus>
      <ItemId>255719</ItemId>
    </Item>
    <Item>
      <PriceUpdateDate>2025-08-19 18:19:20</PriceUpdateDate>
      <ItemCode>7290002881209</ItemCode>
      <ItemType>1</ItemType>
      <ItemName>רסק תפו"ע דיאט 720גר</ItemName>
      <ManufacturerName>קריות זול</ManufacturerName>
      <ManufactureCountry>לא ידוע</ManufactureCountry>
      <ManufacturerItemDescription>רסק תפו"ע דיאט 720גר</ManufacturerItemDescription>
      <UnitQty>לא ידוע</UnitQty>
      <Quantity>720.00</Quantity>
      <UnitOfMeasure>לא ידוע</UnitOfMeasure>
      <bIsWeighted>0</bIsWeighted>
      <QtyInPackage>לא ידוע</QtyInPackage>
      <ItemPrice>13.90</ItemPrice>
      <UnitOfMeasurePrice>0.0193</UnitOfMeasurePrice>
      <AllowDiscount>1</AllowDiscount>
      <ItemStatus>1</ItemStatus>
      <ItemId>133986</ItemId>
    </Item>
    <Item>
      <PriceUpdateDate>2025-08-19 18:19:20</PriceUpdateDate>
      <ItemCode>7290002881230</ItemCode>
      <ItemType>1</ItemType>
      <ItemName>אננס חתוך תומר 850 ג</ItemName>
      <ManufacturerName>לא ידוע</ManufacturerName>
      <ManufactureCountry>לא ידוע</ManufactureCountry>
      <ManufacturerItemDescription>אננס חתוך תומר 850 ג</ManufacturerItemDescription>
      <UnitQty>לא ידוע</UnitQty>
      <Quantity>850.00</Quantity>
      <UnitOfMeasure>לא ידוע</UnitOfMeasure>
      <bIsWeighted>0</bIsWeighted>
      <QtyInPackage>לא ידוע</QtyInPackage>
      <ItemPrice>10.90</ItemPrice>
      <UnitOfMeasurePrice>0.0128</UnitOfMeasurePrice>
      <AllowDiscount>1</AllowDiscount>
      <ItemStatus>1</ItemStatus>
      <ItemId>133988</ItemId>
    </Item>
    <Item>
      <PriceUpdateDate>2025-08-19 18:19:21</PriceUpdateDate>
      <ItemCode>7290002881254</ItemCode>
      <ItemType>1</ItemType>
      <ItemName>קוקטייל טרופי 850גר</ItemName>
      <ManufacturerName>לא ידוע</ManufacturerName>
      <ManufactureCountry>לא ידוע</ManufactureCountry>
      <ManufacturerItemDescription>קוקטייל טרופי 850גר</ManufacturerItemDescription>
      <UnitQty>לא ידוע</UnitQty>
      <Quantity>850.00</Quantity>
      <UnitOfMeasure>לא ידוע</UnitOfMeasure>
      <bIsWeighted>0</bIsWeighted>
      <QtyInPackage>לא ידוע</QtyInPackage>
      <ItemPrice>13.90</ItemPrice>
      <UnitOfMeasurePrice>0.0164</UnitOfMeasurePrice>
      <AllowDiscount>1</AllowDiscount>
      <ItemStatus>1</ItemStatus>
      <ItemId>133990</ItemId>
    </Item>
    <Item>
      <PriceUpdateDate>2025-08-19 18:19:21</PriceUpdateDate>
      <ItemCode>7290002881261</ItemCode>
      <ItemType>1</ItemType>
      <ItemName>ליצ'י שלם תומר 565 ג</ItemName>
      <ManufacturerName>לא ידוע</ManufacturerName>
      <ManufactureCountry>לא ידוע</ManufactureCountry>
      <ManufacturerItemDescription>ליצ'י שלם תומר 565 ג</ManufacturerItemDescription>
      <UnitQty>לא ידוע</UnitQty>
      <Quantity>565.00</Quantity>
      <UnitOfMeasure>לא ידוע</UnitOfMeasure>
      <bIsWeighted>0</bIsWeighted>
      <QtyInPackage>לא ידוע</QtyInPackage>
      <ItemPrice>12.90</ItemPrice>
      <UnitOfMeasurePrice>0.0228</UnitOfMeasurePrice>
      <AllowDiscount>1</AllowDiscount>
      <ItemStatus>1</ItemStatus>
      <ItemId>133991</ItemId>
    </Item>
    <Item>
      <PriceUpdateDate>2025-08-19 18:19:21</PriceUpdateDate>
      <ItemCode>7290002881278</ItemCode>
      <ItemType>1</ItemType>
      <ItemName>אפרסק חצאים 820גר</ItemName>
      <ManufacturerName>לא ידוע</ManufacturerName>
      <ManufactureCountry>לא ידוע</ManufactureCountry>
      <ManufacturerItemDescription>אפרסק חצאים 820גר</ManufacturerItemDescription>
      <UnitQty>לא ידוע</UnitQty>
      <Quantity>820.00</Quantity>
      <UnitOfMeasure>לא ידוע</UnitOfMeasure>
      <bIsWeighted>0</bIsWeighted>
      <QtyInPackage>לא ידוע</QtyInPackage>
      <ItemPrice>10.90</ItemPrice>
      <UnitOfMeasurePrice>0.0133</UnitOfMeasurePrice>
      <AllowDiscount>1</AllowDiscount>
      <ItemStatus>1</ItemStatus>
      <ItemId>133992</ItemId>
    </Item>
    <Item>
      <PriceUpdateDate>2025-08-19 18:19:21</PriceUpdateDate>
      <ItemCode>7290002881346</ItemCode>
      <ItemType>1</ItemType>
      <ItemName>אגסים חצאים 820 גר</ItemName>
      <ManufacturerName>לא ידוע</ManufacturerName>
      <ManufactureCountry>לא ידוע</ManufactureCountry>
      <ManufacturerItemDescription>אגסים חצאים 820 גר</ManufacturerItemDescription>
      <UnitQty>לא ידוע</UnitQty>
      <Quantity>820.00</Quantity>
      <UnitOfMeasure>לא ידוע</UnitOfMeasure>
      <bIsWeighted>0</bIsWeighted>
      <QtyInPackage>לא ידוע</QtyInPackage>
      <ItemPrice>10.90</ItemPrice>
      <UnitOfMeasurePrice>0.0133</UnitOfMeasurePrice>
      <AllowDiscount>1</AllowDiscount>
      <ItemStatus>1</ItemStatus>
      <ItemId>133995</ItemId>
    </Item>
    <Item>
      <PriceUpdateDate>2025-08-19 18:19:22</PriceUpdateDate>
      <ItemCode>7290002881414</ItemCode>
      <ItemType>1</ItemType>
      <ItemName>נודלס עבה תומר 400גר</ItemName>
      <ManufacturerName>לא ידוע</ManufacturerName>
      <ManufactureCountry>לא ידוע</ManufactureCountry>
      <ManufacturerItemDescription>נודלס עבה תומר 400גר</ManufacturerItemDescription>
      <UnitQty>לא ידוע</UnitQty>
      <Quantity>400.00</Quantity>
      <UnitOfMeasure>לא ידוע</UnitOfMeasure>
      <bIsWeighted>0</bIsWeighted>
      <QtyInPackage>לא ידוע</QtyInPackage>
      <ItemPrice>12.90</ItemPrice>
      <UnitOfMeasurePrice>0.0323</UnitOfMeasurePrice>
      <AllowDiscount>1</AllowDiscount>
      <ItemStatus>1</ItemStatus>
      <ItemId>134000</ItemId>
    </Item>
    <Item>
      <PriceUpdateDate>2025-08-19 18:19:22</PriceUpdateDate>
      <ItemCode>7290002881506</ItemCode>
      <ItemType>1</ItemType>
      <ItemName>חמאת בוטנים 510גר</ItemName>
      <ManufacturerName>לא ידוע</ManufacturerName>
      <ManufactureCountry>לא ידוע</ManufactureCountry>
      <ManufacturerItemDescription>חמאת בוטנים 510גר</ManufacturerItemDescription>
      <UnitQty>לא ידוע</UnitQty>
      <Quantity>510.00</Quantity>
      <UnitOfMeasure>לא ידוע</UnitOfMeasure>
      <bIsWeighted>0</bIsWeighted>
      <QtyInPackage>לא ידוע</QtyInPackage>
      <ItemPrice>12.90</ItemPrice>
      <UnitOfMeasurePrice>0.0253</UnitOfMeasurePrice>
      <AllowDiscount>1</AllowDiscount>
      <ItemStatus>1</ItemStatus>
      <ItemId>134002</ItemId>
    </Item>
    <Item>
      <PriceUpdateDate>2025-08-19 18:19:22</PriceUpdateDate>
      <ItemCode>7290002881513</ItemCode>
      <ItemType>1</ItemType>
      <ItemName>חמאת בוטנים עם שברי</ItemName>
      <ManufacturerName>לא ידוע</ManufacturerName>
      <ManufactureCountry>לא ידוע</ManufactureCountry>
      <ManufacturerItemDescription>חמאת בוטנים עם שברי</ManufacturerItemDescription>
      <UnitQty>לא ידוע</UnitQty>
      <Quantity>510.00</Quantity>
      <UnitOfMeasure>לא ידוע</UnitOfMeasure>
      <bIsWeighted>0</bIsWeighted>
      <QtyInPackage>לא ידוע</QtyInPackage>
      <ItemPrice>12.90</ItemPrice>
      <UnitOfMeasurePrice>0.0253</UnitOfMeasurePrice>
      <AllowDiscount>1</AllowDiscount>
      <ItemStatus>1</ItemStatus>
      <ItemId>134003</ItemId>
    </Item>
    <Item>
      <PriceUpdateDate>2025-08-19 18:19:24</PriceUpdateDate>
      <ItemCode>7290002881919</ItemCode>
      <ItemType>1</ItemType>
      <ItemName>פטריות שלמות תומר 40</ItemName>
      <ManufacturerName>לא ידוע</ManufacturerName>
      <ManufactureCountry>לא ידוע</ManufactureCountry>
      <ManufacturerItemDescription>פטריות שלמות תומר 40</ManufacturerItemDescription>
      <UnitQty>לא ידוע</UnitQty>
      <Quantity>400.00</Quantity>
      <UnitOfMeasure>לא ידוע</UnitOfMeasure>
      <bIsWeighted>0</bIsWeighted>
      <QtyInPackage>לא ידוע</QtyInPackage>
      <ItemPrice>10.90</ItemPrice>
      <UnitOfMeasurePrice>0.0273</UnitOfMeasurePrice>
      <AllowDiscount>1</AllowDiscount>
      <ItemStatus>1</ItemStatus>
      <ItemId>134015</ItemId>
    </Item>
    <Item>
      <PriceUpdateDate>2024-11-22 08:35:27</PriceUpdateDate>
      <ItemCode>7290006644480</ItemCode>
      <ItemType>1</ItemType>
      <ItemName>תפוזינה תפוזים 500מ"</ItemName>
      <ManufacturerName>לא ידוע</ManufacturerName>
      <ManufactureCountry>לא ידוע</ManufactureCountry>
      <ManufacturerItemDescription>תפוזינה תפוזים 500מ"</ManufacturerItemDescription>
      <UnitQty>לא ידוע</UnitQty>
      <Quantity>500.00</Quantity>
      <UnitOfMeasure>לא ידוע</UnitOfMeasure>
      <bIsWeighted>0</bIsWeighted>
      <QtyInPackage>לא ידוע</QtyInPackage>
      <ItemPrice>5.90</ItemPrice>
      <UnitOfMeasurePrice>0.0118</UnitOfMeasurePrice>
      <AllowDiscount>1</AllowDiscount>
      <ItemStatus>1</ItemStatus>
      <ItemId>134049</ItemId>
    </Item>
    <Item>
      <PriceUpdateDate>2025-10-21 09:20:26</PriceUpdateDate>
      <ItemCode>8000500426494</ItemCode>
      <ItemType>1</ItemType>
      <ItemName>ממרח נוטלה על בסיס צ</ItemName>
      <ManufacturerName>לא ידוע</ManufacturerName>
      <ManufactureCountry>לא ידוע</ManufactureCountry>
      <ManufacturerItemDescription>ממרח נוטלה על בסיס צ</ManufacturerItemDescription>
      <UnitQty>לא ידוע</UnitQty>
      <Quantity>350.00</Quantity>
      <UnitOfMeasure>לא ידוע</UnitOfMeasure>
      <bIsWeighted>0</bIsWeighted>
      <QtyInPackage>לא ידוע</QtyInPackage>
      <ItemPrice>25.90</ItemPrice>
      <UnitOfMeasurePrice>0.0740</UnitOfMeasurePrice>
      <AllowDiscount>1</AllowDiscount>
      <ItemStatus>1</ItemStatus>
      <ItemId>256179</ItemId>
    </Item>
    <Item>
      <PriceUpdateDate>2025-10-20 10:50:26</PriceUpdateDate>
      <ItemCode>7290018249901</ItemCode>
      <ItemType>1</ItemType>
      <ItemName>סוויטאנגו אבקה להכנת</ItemName>
      <ManufacturerName>לא ידוע</ManufacturerName>
      <ManufactureCountry>צילה</ManufactureCountry>
      <ManufacturerItemDescription>סוויטאנגו אבקה להכנת</ManufacturerItemDescription>
      <UnitQty>לא ידוע</UnitQty>
      <Quantity>250.00</Quantity>
      <UnitOfMeasure>לא ידוע</UnitOfMeasure>
      <bIsWeighted>0</bIsWeighted>
      <QtyInPackage>לא ידוע</QtyInPackage>
      <ItemPrice>39.90</ItemPrice>
      <UnitOfMeasurePrice>0.1596</UnitOfMeasurePrice>
      <AllowDiscount>1</AllowDiscount>
      <ItemStatus>1</ItemStatus>
      <ItemId>256167</ItemId>
    </Item>
    <Item>
      <PriceUpdateDate>2025-10-21 11:05:19</PriceUpdateDate>
      <ItemCode>4820180816613</ItemCode>
      <ItemType>1</ItemType>
      <ItemName>עוגיות בייקרי עם צימ</ItemName>
      <ManufacturerName>לא ידוע</ManufacturerName>
      <ManufactureCountry>לא ידוע</ManufactureCountry>
      <ManufacturerItemDescription>עוגיות בייקרי עם צימ</ManufacturerItemDescription>
      <UnitQty>לא ידוע</UnitQty>
      <Quantity>150.00</Quantity>
      <UnitOfMeasure>לא ידוע</UnitOfMeasure>
      <bIsWeighted>0</bIsWeighted>
      <QtyInPackage>לא ידוע</QtyInPackage>
      <ItemPrice>10.90</ItemPrice>
      <UnitOfMeasurePrice>0.0727</UnitOfMeasurePrice>
      <AllowDiscount>1</AllowDiscount>
      <ItemStatus>1</ItemStatus>
      <ItemId>256195</ItemId>
    </Item>
    <Item>
      <PriceUpdateDate>2025-10-22 15:20:22</PriceUpdateDate>
      <ItemCode>7290114313704</ItemCode>
      <ItemType>1</ItemType>
      <ItemName>מולר פרופ קציפת פרי</ItemName>
      <ManufacturerName>לא ידוע</ManufacturerName>
      <ManufactureCountry>לא ידוע</ManufactureCountry>
      <ManufacturerItemDescription>מולר פרופ קציפת פרי</ManufacturerItemDescription>
      <UnitQty>לא ידוע</UnitQty>
      <Quantity>150.00</Quantity>
      <UnitOfMeasure>לא ידוע</UnitOfMeasure>
      <bIsWeighted>0</bIsWeighted>
      <QtyInPackage>לא ידוע</QtyInPackage>
      <ItemPrice>6.80</ItemPrice>
      <UnitOfMeasurePrice>0.0453</UnitOfMeasurePrice>
      <AllowDiscount>1</AllowDiscount>
      <ItemStatus>1</ItemStatus>
      <ItemId>256216</ItemId>
    </Item>
    <Item>
      <PriceUpdateDate>2025-10-22 19:35:21</PriceUpdateDate>
      <ItemCode>7290110558598</ItemCode>
      <ItemType>1</ItemType>
      <ItemName>תפוצ'יפס מקלות קטשופ</ItemName>
      <ManufacturerName>לא ידוע</ManufacturerName>
      <ManufactureCountry>לא ידוע</ManufactureCountry>
      <ManufacturerItemDescription>תפוצ'יפס מקלות קטשופ</ManufacturerItemDescription>
      <UnitQty>לא ידוע</UnitQty>
      <Quantity>60.00</Quantity>
      <UnitOfMeasure>לא ידוע</UnitOfMeasure>
      <bIsWeighted>0</bIsWeighted>
      <QtyInPackage>לא ידוע</QtyInPackage>
      <ItemPrice>5.50</ItemPrice>
      <UnitOfMeasurePrice>0.0917</UnitOfMeasurePrice>
      <AllowDiscount>1</AllowDiscount>
      <ItemStatus>1</ItemStatus>
      <ItemId>256219</ItemId>
    </Item>
    <Item>
      <PriceUpdateDate>2025-10-22 19:50:19</PriceUpdateDate>
      <ItemCode>7290115675337</ItemCode>
      <ItemType>1</ItemType>
      <ItemName>דוריטוס שום עם טוויס</ItemName>
      <ManufacturerName>לא ידוע</ManufacturerName>
      <ManufactureCountry>לא ידוע</ManufactureCountry>
      <ManufacturerItemDescription>דוריטוס שום עם טוויס</ManufacturerItemDescription>
      <UnitQty>לא ידוע</UnitQty>
      <Quantity>70.00</Quantity>
      <UnitOfMeasure>לא ידוע</UnitOfMeasure>
      <bIsWeighted>0</bIsWeighted>
      <QtyInPackage>לא ידוע</QtyInPackage>
      <ItemPrice>5.50</ItemPrice>
      <UnitOfMeasurePrice>0.0786</UnitOfMeasurePrice>
      <AllowDiscount>1</AllowDiscount>
      <ItemStatus>1</ItemStatus>
      <ItemId>256220</ItemId>
    </Item>
    <Item>
      <PriceUpdateDate>2025-10-27 15:20:19</PriceUpdateDate>
      <ItemCode>7290116934563</ItemCode>
      <ItemType>1</ItemType>
      <ItemName>משקה שיבולת שועל בטע</ItemName>
      <ManufacturerName>לא ידוע</ManufacturerName>
      <ManufactureCountry>ישראל</ManufactureCountry>
      <ManufacturerItemDescription>משקה שיבולת שועל בטע</ManufacturerItemDescription>
      <UnitQty>לא ידוע</UnitQty>
      <Quantity>1000.00</Quantity>
      <UnitOfMeasure>לא ידוע</UnitOfMeasure>
      <bIsWeighted>0</bIsWeighted>
      <QtyInPackage>לא ידוע</QtyInPackage>
      <ItemPrice>14.90</ItemPrice>
      <UnitOfMeasurePrice>0.0149</UnitOfMeasurePrice>
      <AllowDiscount>1</AllowDiscount>
      <ItemStatus>1</ItemStatus>
      <ItemId>256253</ItemId>
    </Item>
    <Item>
      <PriceUpdateDate>2025-10-27 16:05:19</PriceUpdateDate>
      <ItemCode>7290116936093</ItemCode>
      <ItemType>1</ItemType>
      <ItemName>מעדן יולו שכבות עם ק</ItemName>
      <ManufacturerName>לא ידוע</ManufacturerName>
      <ManufactureCountry>לא ידוע</ManufactureCountry>
      <ManufacturerItemDescription>מעדן יולו שכבות עם ק</ManufacturerItemDescription>
      <UnitQty>לא ידוע</UnitQty>
      <Quantity>123.00</Quantity>
      <UnitOfMeasure>לא ידוע</UnitOfMeasure>
      <bIsWeighted>0</bIsWeighted>
      <QtyInPackage>לא ידוע</QtyInPackage>
      <ItemPrice>6.30</ItemPrice>
      <UnitOfMeasurePrice>0.0512</UnitOfMeasurePrice>
      <AllowDiscount>1</AllowDiscount>
      <ItemStatus>1</ItemStatus>
      <ItemId>256258</ItemId>
    </Item>
    <Item>
      <PriceUpdateDate>2025-11-03 12:20:39</PriceUpdateDate>
      <ItemCode>4000417601513</ItemCode>
      <ItemType>1</ItemType>
      <ItemName>שוקולד ריטר חלב עם א</ItemName>
      <ManufacturerName>לא ידוע</ManufacturerName>
      <ManufactureCountry>לא ידוע</ManufactureCountry>
      <ManufacturerItemDescription>שוקולד ריטר חלב עם א</ManufacturerItemDescription>
      <UnitQty>לא ידוע</UnitQty>
      <Quantity>100.00</Quantity>
      <UnitOfMeasure>לא ידוע</UnitOfMeasure>
      <bIsWeighted>0</bIsWeighted>
      <QtyInPackage>לא ידוע</QtyInPackage>
      <ItemPrice>15.90</ItemPrice>
      <UnitOfMeasurePrice>0.1590</UnitOfMeasurePrice>
      <AllowDiscount>1</AllowDiscount>
      <ItemStatus>1</ItemStatus>
      <ItemId>256305</ItemId>
    </Item>
    <Item>
      <PriceUpdateDate>2025-11-03 12:50:26</PriceUpdateDate>
      <ItemCode>8935001729259</ItemCode>
      <ItemType>1</ItemType>
      <ItemName>מסטיק מנטוס פיור פרש</ItemName>
      <ManufacturerName>לא ידוע</ManufacturerName>
      <ManufactureCountry>לא ידוע</ManufactureCountry>
      <ManufacturerItemDescription>מסטיק מנטוס פיור פרש</ManufacturerItemDescription>
      <UnitQty>לא ידוע</UnitQty>
      <Quantity>60.00</Quantity>
      <UnitOfMeasure>לא ידוע</UnitOfMeasure>
      <bIsWeighted>0</bIsWeighted>
      <QtyInPackage>לא ידוע</QtyInPackage>
      <ItemPrice>13.90</ItemPrice>
      <UnitOfMeasurePrice>0.2317</UnitOfMeasurePrice>
      <AllowDiscount>1</AllowDiscount>
      <ItemStatus>1</ItemStatus>
      <ItemId>256309</ItemId>
    </Item>
    <Item>
      <PriceUpdateDate>2025-11-02 14:05:19</PriceUpdateDate>
      <ItemCode>7290101114802</ItemCode>
      <ItemType>1</ItemType>
      <ItemName>קרמבו מנבו פיסטוק 6</ItemName>
      <ManufacturerName>לא ידוע</ManufacturerName>
      <ManufactureCountry>לא ידוע</ManufactureCountry>
      <ManufacturerItemDescription>קרמבו מנבו פיסטוק 6</ManufacturerItemDescription>
      <UnitQty>לא ידוע</UnitQty>
      <Quantity>144.00</Quantity>
      <UnitOfMeasure>לא ידוע</UnitOfMeasure>
      <bIsWeighted>0</bIsWeighted>
      <QtyInPackage>לא ידוע</QtyInPackage>
      <ItemPrice>18.90</ItemPrice>
      <UnitOfMeasurePrice>0.1312</UnitOfMeasurePrice>
      <AllowDiscount>1</AllowDiscount>
      <ItemStatus>1</ItemStatus>
      <ItemId>256300</ItemId>
    </Item>
    <Item>
      <PriceUpdateDate>2025-11-04 15:05:17</PriceUpdateDate>
      <ItemCode>7290119374083</ItemCode>
      <ItemType>1</ItemType>
      <ItemName>משקה קאופרי  3% - 1</ItemName>
      <ManufacturerName>לא ידוע</ManufacturerName>
      <ManufactureCountry>לא ידוע</ManufactureCountry>
      <ManufacturerItemDescription>משקה קאופרי  3% - 1</ManufacturerItemDescription>
      <UnitQty>לא ידוע</UnitQty>
      <Quantity>1000.00</Quantity>
      <UnitOfMeasure>לא ידוע</UnitOfMeasure>
      <bIsWeighted>0</bIsWeighted>
      <QtyInPackage>לא ידוע</QtyInPackage>
      <ItemPrice>17.90</ItemPrice>
      <UnitOfMeasurePrice>0.0179</UnitOfMeasurePrice>
      <AllowDiscount>1</AllowDiscount>
      <ItemStatus>1</ItemStatus>
      <ItemId>256340</ItemId>
    </Item>
    <Item>
      <PriceUpdateDate>2025-11-09 12:05:22</PriceUpdateDate>
      <ItemCode>7290118426615</ItemCode>
      <ItemType>1</ItemType>
      <ItemName>פיטנס עוגיות מיני שו</ItemName>
      <ManufacturerName>לא ידוע</ManufacturerName>
      <ManufactureCountry>לא ידוע</ManufactureCountry>
      <ManufacturerItemDescription>פיטנס עוגיות מיני שו</ManufacturerItemDescription>
      <UnitQty>לא ידוע</UnitQty>
      <Quantity>80.00</Quantity>
      <UnitOfMeasure>לא ידוע</UnitOfMeasure>
      <bIsWeighted>0</bIsWeighted>
      <QtyInPackage>לא ידוע</QtyInPackage>
      <ItemPrice>7.90</ItemPrice>
      <UnitOfMeasurePrice>0.0988</UnitOfMeasurePrice>
      <AllowDiscount>1</AllowDiscount>
      <ItemStatus>1</ItemStatus>
      <ItemId>256384</ItemId>
    </Item>
    <Item>
      <PriceUpdateDate>2025-11-09 12:05:23</PriceUpdateDate>
      <ItemCode>7290118426653</ItemCode>
      <ItemType>1</ItemType>
      <ItemName>פיטנס עוגיות מיני שו</ItemName>
      <ManufacturerName>לא ידוע</ManufacturerName>
      <ManufactureCountry>לא ידוע</ManufactureCountry>
      <ManufacturerItemDescription>פיטנס עוגיות מיני שו</ManufacturerItemDescription>
      <UnitQty>לא ידוע</UnitQty>
      <Quantity>80.00</Quantity>
      <UnitOfMeasure>לא ידוע</UnitOfMeasure>
      <bIsWeighted>0</bIsWeighted>
      <QtyInPackage>לא ידוע</QtyInPackage>
      <ItemPrice>7.90</ItemPrice>
      <UnitOfMeasurePrice>0.0988</UnitOfMeasurePrice>
      <AllowDiscount>1</AllowDiscount>
      <ItemStatus>1</ItemStatus>
      <ItemId>256385</ItemId>
    </Item>
    <Item>
      <PriceUpdateDate>2025-11-09 12:05:23</PriceUpdateDate>
      <ItemCode>7290122781359</ItemCode>
      <ItemType>1</ItemType>
      <ItemName>פיטנס מיני עוגיות קל</ItemName>
      <ManufacturerName>לא ידוע</ManufacturerName>
      <ManufactureCountry>לא ידוע</ManufactureCountry>
      <ManufacturerItemDescription>פיטנס מיני עוגיות קל</ManufacturerItemDescription>
      <UnitQty>לא ידוע</UnitQty>
      <Quantity>80.00</Quantity>
      <UnitOfMeasure>לא ידוע</UnitOfMeasure>
      <bIsWeighted>0</bIsWeighted>
      <QtyInPackage>לא ידוע</QtyInPackage>
      <ItemPrice>7.90</ItemPrice>
      <UnitOfMeasurePrice>0.0988</UnitOfMeasurePrice>
      <AllowDiscount>1</AllowDiscount>
      <ItemStatus>1</ItemStatus>
      <ItemId>256386</ItemId>
    </Item>
    <Item>
      <PriceUpdateDate>2025-11-10 12:35:25</PriceUpdateDate>
      <ItemCode>7509546701219</ItemCode>
      <ItemType>1</ItemType>
      <ItemName>קולגייט מקס פרש נוקא</ItemName>
      <ManufacturerName>לא ידוע</ManufacturerName>
      <ManufactureCountry>לא ידוע</ManufactureCountry>
      <ManufacturerItemDescription>קולגייט מקס פרש נוקא</ManufacturerItemDescription>
      <UnitQty>לא ידוע</UnitQty>
      <Quantity>125.00</Quantity>
      <UnitOfMeasure>לא ידוע</UnitOfMeasure>
      <bIsWeighted>0</bIsWeighted>
      <QtyInPackage>לא ידוע</QtyInPackage>
      <ItemPrice>19.90</ItemPrice>
      <UnitOfMeasurePrice>0.1592</UnitOfMeasurePrice>
      <AllowDiscount>1</AllowDiscount>
      <ItemStatus>1</ItemStatus>
      <ItemId>256405</ItemId>
    </Item>
    <Item>
      <PriceUpdateDate>2025-11-10 13:05:20</PriceUpdateDate>
      <ItemCode>7290122590098</ItemCode>
      <ItemType>1</ItemType>
      <ItemName>מיקס סוכריות גומי מו</ItemName>
      <ManufacturerName>לא ידוע</ManufacturerName>
      <ManufactureCountry>לא ידוע</ManufactureCountry>
      <ManufacturerItemDescription>מיקס סוכריות גומי מו</ManufacturerItemDescription>
      <UnitQty>לא ידוע</UnitQty>
      <Quantity>280.00</Quantity>
      <UnitOfMeasure>לא ידוע</UnitOfMeasure>
      <bIsWeighted>0</bIsWeighted>
      <QtyInPackage>לא ידוע</QtyInPackage>
      <ItemPrice>15.90</ItemPrice>
      <UnitOfMeasurePrice>0.0568</UnitOfMeasurePrice>
      <AllowDiscount>1</AllowDiscount>
      <ItemStatus>1</ItemStatus>
      <ItemId>256414</ItemId>
    </Item>
    <Item>
      <PriceUpdateDate>2025-11-10 13:05:20</PriceUpdateDate>
      <ItemCode>7290122590104</ItemCode>
      <ItemType>1</ItemType>
      <ItemName>מיקס ליקריץ מסוכר 28</ItemName>
      <ManufacturerName>לא ידוע</ManufacturerName>
      <ManufactureCountry>לא ידוע</ManufactureCountry>
      <ManufacturerItemDescription>מיקס ליקריץ מסוכר 28</ManufacturerItemDescription>
      <UnitQty>לא ידוע</UnitQty>
      <Quantity>280.00</Quantity>
      <UnitOfMeasure>לא ידוע</UnitOfMeasure>
      <bIsWeighted>0</bIsWeighted>
      <QtyInPackage>לא ידוע</QtyInPackage>
      <ItemPrice>15.90</ItemPrice>
      <UnitOfMeasurePrice>0.0568</UnitOfMeasurePrice>
      <AllowDiscount>1</AllowDiscount>
      <ItemStatus>1</ItemStatus>
      <ItemId>256415</ItemId>
    </Item>
    <Item>
      <PriceUpdateDate>2025-11-13 15:06:20</PriceUpdateDate>
      <ItemCode>7290117909270</ItemCode>
      <ItemType>1</ItemType>
      <ItemName>שוקולד דובאי 190גרם</ItemName>
      <ManufacturerName>לא ידוע</ManufacturerName>
      <ManufactureCountry>לא ידוע</ManufactureCountry>
      <ManufacturerItemDescription>שוקולד דובאי 190גרם</ManufacturerItemDescription>
      <UnitQty>לא ידוע</UnitQty>
      <Quantity>190.00</Quantity>
      <UnitOfMeasure>לא ידוע</UnitOfMeasure>
      <bIsWeighted>0</bIsWeighted>
      <QtyInPackage>לא ידוע</QtyInPackage>
      <ItemPrice>41.90</ItemPrice>
      <UnitOfMeasurePrice>0.2205</UnitOfMeasurePrice>
      <AllowDiscount>1</AllowDiscount>
      <ItemStatus>1</ItemStatus>
      <ItemId>256442</ItemId>
    </Item>
    <Item>
      <PriceUpdateDate>2025-11-19 11:20:17</PriceUpdateDate>
      <ItemCode>7290015381635</ItemCode>
      <ItemType>1</ItemType>
      <ItemName>כביסכל BIO בייבי - 2</ItemName>
      <ManufacturerName>לא ידוע</ManufacturerName>
      <ManufactureCountry>לא ידוע</ManufactureCountry>
      <ManufacturerItemDescription>כביסכל BIO בייבי - 2</ManufacturerItemDescription>
      <UnitQty>לא ידוע</UnitQty>
      <Quantity>2000.00</Quantity>
      <UnitOfMeasure>לא ידוע</UnitOfMeasure>
      <bIsWeighted>0</bIsWeighted>
      <QtyInPackage>לא ידוע</QtyInPackage>
      <ItemPrice>43.90</ItemPrice>
      <UnitOfMeasurePrice>0.0219</UnitOfMeasurePrice>
      <AllowDiscount>1</AllowDiscount>
      <ItemStatus>1</ItemStatus>
      <ItemId>256480</ItemId>
    </Item>
    <Item>
      <PriceUpdateDate>2025-11-19 11:20:17</PriceUpdateDate>
      <ItemCode>7290015381659</ItemCode>
      <ItemType>1</ItemType>
      <ItemName>כביסכל BIO רוז - 2 ל</ItemName>
      <ManufacturerName>לא ידוע</ManufacturerName>
      <ManufactureCountry>לא ידוע</ManufactureCountry>
      <ManufacturerItemDescription>כביסכל BIO רוז - 2 ל</ManufacturerItemDescription>
      <UnitQty>לא ידוע</UnitQty>
      <Quantity>2000.00</Quantity>
      <UnitOfMeasure>לא ידוע</UnitOfMeasure>
      <bIsWeighted>0</bIsWeighted>
      <QtyInPackage>לא ידוע</QtyInPackage>
      <ItemPrice>43.90</ItemPrice>
      <UnitOfMeasurePrice>0.0219</UnitOfMeasurePrice>
      <AllowDiscount>1</AllowDiscount>
      <ItemStatus>1</ItemStatus>
      <ItemId>256482</ItemId>
    </Item>
    <Item>
      <PriceUpdateDate>2025-11-19 11:20:17</PriceUpdateDate>
      <ItemCode>7290015381666</ItemCode>
      <ItemType>1</ItemType>
      <ItemName>כביסכל BIO ארומטי -</ItemName>
      <ManufacturerName>לא ידוע</ManufacturerName>
      <ManufactureCountry>לא ידוע</ManufactureCountry>
      <ManufacturerItemDescription>כביסכל BIO ארומטי -</ManufacturerItemDescription>
      <UnitQty>לא ידוע</UnitQty>
      <Quantity>2000.00</Quantity>
      <UnitOfMeasure>לא ידוע</UnitOfMeasure>
      <bIsWeighted>0</bIsWeighted>
      <QtyInPackage>לא ידוע</QtyInPackage>
      <ItemPrice>43.90</ItemPrice>
      <UnitOfMeasurePrice>0.0219</UnitOfMeasurePrice>
      <AllowDiscount>1</AllowDiscount>
      <ItemStatus>1</ItemStatus>
      <ItemId>256483</ItemId>
    </Item>
    <Item>
      <PriceUpdateDate>2025-11-19 11:20:17</PriceUpdateDate>
      <ItemCode>7290015381826</ItemCode>
      <ItemType>1</ItemType>
      <ItemName>פרפיום מרסס מבשם ביי</ItemName>
      <ManufacturerName>לא ידוע</ManufacturerName>
      <ManufactureCountry>לא ידוע</ManufactureCountry>
      <ManufacturerItemDescription>פרפיום מרסס מבשם ביי</ManufacturerItemDescription>
      <UnitQty>לא ידוע</UnitQty>
      <Quantity>750.00</Quantity>
      <UnitOfMeasure>לא ידוע</UnitOfMeasure>
      <bIsWeighted>0</bIsWeighted>
      <QtyInPackage>לא ידוע</QtyInPackage>
      <ItemPrice>25.90</ItemPrice>
      <UnitOfMeasurePrice>0.0345</UnitOfMeasurePrice>
      <AllowDiscount>1</AllowDiscount>
      <ItemStatus>1</ItemStatus>
      <ItemId>256485</ItemId>
    </Item>
    <Item>
      <PriceUpdateDate>2025-11-19 11:20:17</PriceUpdateDate>
      <ItemCode>7290020228017</ItemCode>
      <ItemType>1</ItemType>
      <ItemName>כביסכל BIO מאסק פלאו</ItemName>
      <ManufacturerName>לא ידוע</ManufacturerName>
      <ManufactureCountry>לא ידוע</ManufactureCountry>
      <ManufacturerItemDescription>כביסכל BIO מאסק פלאו</ManufacturerItemDescription>
      <UnitQty>לא ידוע</UnitQty>
      <Quantity>2000.00</Quantity>
      <UnitOfMeasure>לא ידוע</UnitOfMeasure>
      <bIsWeighted>0</bIsWeighted>
      <QtyInPackage>לא ידוע</QtyInPackage>
      <ItemPrice>43.90</ItemPrice>
      <UnitOfMeasurePrice>0.0219</UnitOfMeasurePrice>
      <AllowDiscount>1</AllowDiscount>
      <ItemStatus>1</ItemStatus>
      <ItemId>256486</ItemId>
    </Item>
    <Item>
      <PriceUpdateDate>2025-11-19 11:20:17</PriceUpdateDate>
      <ItemCode>7290020228048</ItemCode>
      <ItemType>1</ItemType>
      <ItemName>כביסכל BIO פרידום -</ItemName>
      <ManufacturerName>לא ידוע</ManufacturerName>
      <ManufactureCountry>לא ידוע</ManufactureCountry>
      <ManufacturerItemDescription>כביסכל BIO פרידום -</ManufacturerItemDescription>
      <UnitQty>לא ידוע</UnitQty>
      <Quantity>2000.00</Quantity>
      <UnitOfMeasure>לא ידוע</UnitOfMeasure>
      <bIsWeighted>0</bIsWeighted>
      <QtyInPackage>לא ידוע</QtyInPackage>
      <ItemPrice>43.90</ItemPrice>
      <UnitOfMeasurePrice>0.0219</UnitOfMeasurePrice>
      <AllowDiscount>1</AllowDiscount>
      <ItemStatus>1</ItemStatus>
      <ItemId>256487</ItemId>
    </Item>
    <Item>
      <PriceUpdateDate>2025-11-19 11:20:17</PriceUpdateDate>
      <ItemCode>7290020228161</ItemCode>
      <ItemType>1</ItemType>
      <ItemName>דוייפאק כביסכל 2 ליט</ItemName>
      <ManufacturerName>לא ידוע</ManufacturerName>
      <ManufactureCountry>לא ידוע</ManufactureCountry>
      <ManufacturerItemDescription>דוייפאק כביסכל 2 ליט</ManufacturerItemDescription>
      <UnitQty>לא ידוע</UnitQty>
      <Quantity>2000.00</Quantity>
      <UnitOfMeasure>לא ידוע</UnitOfMeasure>
      <bIsWeighted>0</bIsWeighted>
      <QtyInPackage>לא ידוע</QtyInPackage>
      <ItemPrice>41.90</ItemPrice>
      <UnitOfMeasurePrice>0.0209</UnitOfMeasurePrice>
      <AllowDiscount>1</AllowDiscount>
      <ItemStatus>1</ItemStatus>
      <ItemId>256489</ItemId>
    </Item>
    <Item>
      <PriceUpdateDate>2025-11-19 11:35:25</PriceUpdateDate>
      <ItemCode>7290015381277</ItemCode>
      <ItemType>1</ItemType>
      <ItemName>נוזל כלים אושן 750 מ</ItemName>
      <ManufacturerName>לא ידוע</ManufacturerName>
      <ManufactureCountry>לא ידוע</ManufactureCountry>
      <ManufacturerItemDescription>נוזל כלים אושן 750 מ</ManufacturerItemDescription>
      <UnitQty>לא ידוע</UnitQty>
      <Quantity>750.00</Quantity>
      <UnitOfMeasure>לא ידוע</UnitOfMeasure>
      <bIsWeighted>0</bIsWeighted>
      <QtyInPackage>לא ידוע</QtyInPackage>
      <ItemPrice>17.90</ItemPrice>
      <UnitOfMeasurePrice>0.0239</UnitOfMeasurePrice>
      <AllowDiscount>1</AllowDiscount>
      <ItemStatus>1</ItemStatus>
      <ItemId>256493</ItemId>
    </Item>
    <Item>
      <PriceUpdateDate>2025-11-19 11:20:17</PriceUpdateDate>
      <ItemCode>7290015381369</ItemCode>
      <ItemType>1</ItemType>
      <ItemName>פרפיום מרסס מבשם רוז</ItemName>
      <ManufacturerName>לא ידוע</ManufacturerName>
      <ManufactureCountry>לא ידוע</ManufactureCountry>
      <ManufacturerItemDescription>פרפיום מרסס מבשם רוז</ManufacturerItemDescription>
      <UnitQty>לא ידוע</UnitQty>
      <Quantity>750.00</Quantity>
      <UnitOfMeasure>לא ידוע</UnitOfMeasure>
      <bIsWeighted>0</bIsWeighted>
      <QtyInPackage>לא ידוע</QtyInPackage>
      <ItemPrice>25.90</ItemPrice>
      <UnitOfMeasurePrice>0.0345</UnitOfMeasurePrice>
      <AllowDiscount>1</AllowDiscount>
      <ItemStatus>1</ItemStatus>
      <ItemId>256494</ItemId>
    </Item>
    <Item>
      <PriceUpdateDate>2025-11-19 11:35:25</PriceUpdateDate>
      <ItemCode>7290015381604</ItemCode>
      <ItemType>1</ItemType>
      <ItemName>נוזל כלים בייבי 750</ItemName>
      <ManufacturerName>לא ידוע</ManufacturerName>
      <ManufactureCountry>לא ידוע</ManufactureCountry>
      <ManufacturerItemDescription>נוזל כלים בייבי 750</ManufacturerItemDescription>
      <UnitQty>לא ידוע</UnitQty>
      <Quantity>750.00</Quantity>
      <UnitOfMeasure>לא ידוע</UnitOfMeasure>
      <bIsWeighted>0</bIsWeighted>
      <QtyInPackage>לא ידוע</QtyInPackage>
      <ItemPrice>17.90</ItemPrice>
      <UnitOfMeasurePrice>0.0239</UnitOfMeasurePrice>
      <AllowDiscount>1</AllowDiscount>
      <ItemStatus>1</ItemStatus>
      <ItemId>256497</ItemId>
    </Item>
    <Item>
      <PriceUpdateDate>2025-11-19 11:35:25</PriceUpdateDate>
      <ItemCode>7290020228475</ItemCode>
      <ItemType>1</ItemType>
      <ItemName>מארז 3 יח' מגבונים ל</ItemName>
      <ManufacturerName>לא ידוע</ManufacturerName>
      <ManufactureCountry>לא ידוע</ManufactureCountry>
      <ManufacturerItemDescription>מארז 3 יח' מגבונים ל</ManufacturerItemDescription>
      <UnitQty>יחידה   </UnitQty>
      <Quantity>0.00</Quantity>
      <UnitOfMeasure>יחידה   </UnitOfMeasure>
      <bIsWeighted>0</bIsWeighted>
      <QtyInPackage>לא ידוע</QtyInPackage>
      <ItemPrice>25.90</ItemPrice>
      <UnitOfMeasurePrice>0.0000</UnitOfMeasurePrice>
      <AllowDiscount>1</AllowDiscount>
      <ItemStatus>1</ItemStatus>
      <ItemId>256502</ItemId>
    </Item>
    <Item>
      <PriceUpdateDate>2025-11-19 10:50:22</PriceUpdateDate>
      <ItemCode>7290020228680</ItemCode>
      <ItemType>1</ItemType>
      <ItemName>כביסכל מנקה ומבשם רצ</ItemName>
      <ManufacturerName>לא ידוע</ManufacturerName>
      <ManufactureCountry>לא ידוע</ManufactureCountry>
      <ManufacturerItemDescription>כביסכל מנקה ומבשם רצ</ManufacturerItemDescription>
      <UnitQty>לא ידוע</UnitQty>
      <Quantity>2000.00</Quantity>
      <UnitOfMeasure>לא ידוע</UnitOfMeasure>
      <bIsWeighted>0</bIsWeighted>
      <QtyInPackage>לא ידוע</QtyInPackage>
      <ItemPrice>33.90</ItemPrice>
      <UnitOfMeasurePrice>0.0169</UnitOfMeasurePrice>
      <AllowDiscount>1</AllowDiscount>
      <ItemStatus>1</ItemStatus>
      <ItemId>256507</ItemId>
    </Item>
    <Item>
      <PriceUpdateDate>2025-11-19 11:35:25</PriceUpdateDate>
      <ItemCode>7290020228703</ItemCode>
      <ItemType>1</ItemType>
      <ItemName>כביסכל מנקה ומבשם רצ</ItemName>
      <ManufacturerName>לא ידוע</ManufacturerName>
      <ManufactureCountry>לא ידוע</ManufactureCountry>
      <ManufacturerItemDescription>כביסכל מנקה ומבשם רצ</ManufacturerItemDescription>
      <UnitQty>לא ידוע</UnitQty>
      <Quantity>2000.00</Quantity>
      <UnitOfMeasure>לא ידוע</UnitOfMeasure>
      <bIsWeighted>0</bIsWeighted>
      <QtyInPackage>לא ידוע</QtyInPackage>
      <ItemPrice>33.90</ItemPrice>
      <UnitOfMeasurePrice>0.0169</UnitOfMeasurePrice>
      <AllowDiscount>1</AllowDiscount>
      <ItemStatus>1</ItemStatus>
      <ItemId>256508</ItemId>
    </Item>
    <Item>
      <PriceUpdateDate>2024-11-22 08:35:27</PriceUpdateDate>
      <ItemCode>7290006644510</ItemCode>
      <ItemType>1</ItemType>
      <ItemName>תפוזינה ענבים 500מ"ל</ItemName>
      <ManufacturerName>לא ידוע</ManufacturerName>
      <ManufactureCountry>לא ידוע</ManufactureCountry>
      <ManufacturerItemDescription>תפוזינה ענבים 500מ"ל</ManufacturerItemDescription>
      <UnitQty>לא ידוע</UnitQty>
      <Quantity>500.00</Quantity>
      <UnitOfMeasure>לא ידוע</UnitOfMeasure>
      <bIsWeighted>0</bIsWeighted>
      <QtyInPackage>לא ידוע</QtyInPackage>
      <ItemPrice>5.90</ItemPrice>
      <UnitOfMeasurePrice>0.0118</UnitOfMeasurePrice>
      <AllowDiscount>1</AllowDiscount>
      <ItemStatus>1</ItemStatus>
      <ItemId>134050</ItemId>
    </Item>
    <Item>
      <PriceUpdateDate>2025-08-26 10:55:28</PriceUpdateDate>
      <ItemCode>7290119375646</ItemCode>
      <ItemType>1</ItemType>
      <ItemName>קפסולות פסק זמן למכו</ItemName>
      <ManufacturerName>לא ידוע</ManufacturerName>
      <ManufactureCountry>לא ידוע</ManufactureCountry>
      <ManufacturerItemDescription>קפסולות פסק זמן למכו</ManufacturerItemDescription>
      <UnitQty>לא ידוע</UnitQty>
      <Quantity>50.00</Quantity>
      <UnitOfMeasure>לא ידוע</UnitOfMeasure>
      <bIsWeighted>0</bIsWeighted>
      <QtyInPackage>לא ידוע</QtyInPackage>
      <ItemPrice>21.90</ItemPrice>
      <UnitOfMeasurePrice>0.4380</UnitOfMeasurePrice>
      <AllowDiscount>1</AllowDiscount>
      <ItemStatus>1</ItemStatus>
      <ItemId>255199</ItemId>
    </Item>
    <Item>
      <PriceUpdateDate>2024-12-31 12:13:33</PriceUpdateDate>
      <ItemCode>7290011051525</ItemCode>
      <ItemType>1</ItemType>
      <ItemName>ספרינג תה אפרסק 500</ItemName>
      <ManufacturerName>לא ידוע</ManufacturerName>
      <ManufactureCountry>לא ידוע</ManufactureCountry>
      <ManufacturerItemDescription>ספרינג תה אפרסק 500</ManufacturerItemDescription>
      <UnitQty>לא ידוע</UnitQty>
      <Quantity>500.00</Quantity>
      <UnitOfMeasure>לא ידוע</UnitOfMeasure>
      <bIsWeighted>0</bIsWeighted>
      <QtyInPackage>לא ידוע</QtyInPackage>
      <ItemPrice>6.90</ItemPrice>
      <UnitOfMeasurePrice>0.0138</UnitOfMeasurePrice>
      <AllowDiscount>1</AllowDiscount>
      <ItemStatus>1</ItemStatus>
      <ItemId>134098</ItemId>
    </Item>
    <Item>
      <PriceUpdateDate>2025-09-14 12:50:23</PriceUpdateDate>
      <ItemCode>726529408508</ItemCode>
      <ItemType>1</ItemType>
      <ItemName>מארז פרנה גדול 2 יחי</ItemName>
      <ManufacturerName>לא ידוע</ManufacturerName>
      <ManufactureCountry>לא ידוע</ManufactureCountry>
      <ManufacturerItemDescription>מארז פרנה גדול 2 יחי</ManufacturerItemDescription>
      <UnitQty>לא ידוע</UnitQty>
      <Quantity>700.00</Quantity>
      <UnitOfMeasure>לא ידוע</UnitOfMeasure>
      <bIsWeighted>0</bIsWeighted>
      <QtyInPackage>לא ידוע</QtyInPackage>
      <ItemPrice>19.90</ItemPrice>
      <UnitOfMeasurePrice>0.0284</UnitOfMeasurePrice>
      <AllowDiscount>1</AllowDiscount>
      <ItemStatus>1</ItemStatus>
      <ItemId>255881</ItemId>
    </Item>
    <Item>
      <PriceUpdateDate>2025-09-07 09:20:36</PriceUpdateDate>
      <ItemCode>7290118420323</ItemCode>
      <ItemType>1</ItemType>
      <ItemName>פיטנס קרקר דק מיקס י</ItemName>
      <ManufacturerName>לא ידוע</ManufacturerName>
      <ManufactureCountry>לא ידוע</ManufactureCountry>
      <ManufacturerItemDescription>פיטנס קרקר דק מיקס י</ManufacturerItemDescription>
      <UnitQty>לא ידוע</UnitQty>
      <Quantity>140.00</Quantity>
      <UnitOfMeasure>לא ידוע</UnitOfMeasure>
      <bIsWeighted>0</bIsWeighted>
      <QtyInPackage>לא ידוע</QtyInPackage>
      <ItemPrice>14.50</ItemPrice>
      <UnitOfMeasurePrice>0.1036</UnitOfMeasurePrice>
      <AllowDiscount>1</AllowDiscount>
      <ItemStatus>1</ItemStatus>
      <ItemId>255809</ItemId>
    </Item>
    <Item>
      <PriceUpdateDate>2025-08-19 18:19:31</PriceUpdateDate>
      <ItemCode>7290011587581</ItemCode>
      <ItemType>1</ItemType>
      <ItemName>אנשובי צנצנת תומר 10</ItemName>
      <ManufacturerName>לא ידוע</ManufacturerName>
      <ManufactureCountry>לא ידוע</ManufactureCountry>
      <ManufacturerItemDescription>אנשובי צנצנת תומר 10</ManufacturerItemDescription>
      <UnitQty>לא ידוע</UnitQty>
      <Quantity>100.00</Quantity>
      <UnitOfMeasure>לא ידוע</UnitOfMeasure>
      <bIsWeighted>0</bIsWeighted>
      <QtyInPackage>לא ידוע</QtyInPackage>
      <ItemPrice>17.90</ItemPrice>
      <UnitOfMeasurePrice>0.1790</UnitOfMeasurePrice>
      <AllowDiscount>1</AllowDiscount>
      <ItemStatus>1</ItemStatus>
      <ItemId>134134</ItemId>
    </Item>
    <Item>
      <PriceUpdateDate>2025-08-19 18:19:31</PriceUpdateDate>
      <ItemCode>7290011587598</ItemCode>
      <ItemType>1</ItemType>
      <ItemName>פילה אנשובי 45 גרם</ItemName>
      <ManufacturerName>לא ידוע</ManufacturerName>
      <ManufactureCountry>לא ידוע</ManufactureCountry>
      <ManufacturerItemDescription>פילה אנשובי 45 גרם</ManufacturerItemDescription>
      <UnitQty>לא ידוע</UnitQty>
      <Quantity>45.00</Quantity>
      <UnitOfMeasure>לא ידוע</UnitOfMeasure>
      <bIsWeighted>0</bIsWeighted>
      <QtyInPackage>לא ידוע</QtyInPackage>
      <ItemPrice>10.90</ItemPrice>
      <UnitOfMeasurePrice>0.2422</UnitOfMeasurePrice>
      <AllowDiscount>1</AllowDiscount>
      <ItemStatus>1</ItemStatus>
      <ItemId>134135</ItemId>
    </Item>
    <Item>
      <PriceUpdateDate>2025-08-19 18:19:32</PriceUpdateDate>
      <ItemCode>7290011587826</ItemCode>
      <ItemType>1</ItemType>
      <ItemName>חרדל דיז'ון 370 גר</ItemName>
      <ManufacturerName>לא ידוע</ManufacturerName>
      <ManufactureCountry>לא ידוע</ManufactureCountry>
      <ManufacturerItemDescription>חרדל דיז'ון 370 גר</ManufacturerItemDescription>
      <UnitQty>לא ידוע</UnitQty>
      <Quantity>370.00</Quantity>
      <UnitOfMeasure>לא ידוע</UnitOfMeasure>
      <bIsWeighted>0</bIsWeighted>
      <QtyInPackage>לא ידוע</QtyInPackage>
      <ItemPrice>14.90</ItemPrice>
      <UnitOfMeasurePrice>0.0403</UnitOfMeasurePrice>
      <AllowDiscount>1</AllowDiscount>
      <ItemStatus>1</ItemStatus>
      <ItemId>134146</ItemId>
    </Item>
    <Item>
      <PriceUpdateDate>2025-08-19 18:19:33</PriceUpdateDate>
      <ItemCode>7290011587956</ItemCode>
      <ItemType>1</ItemType>
      <ItemName>רוטב צ'ילי מתוק 700</ItemName>
      <ManufacturerName>לא ידוע</ManufacturerName>
      <ManufactureCountry>לא ידוע</ManufactureCountry>
      <ManufacturerItemDescription>רוטב צ'ילי מתוק 700</ManufacturerItemDescription>
      <UnitQty>לא ידוע</UnitQty>
      <Quantity>700.00</Quantity>
      <UnitOfMeasure>לא ידוע</UnitOfMeasure>
      <bIsWeighted>0</bIsWeighted>
      <QtyInPackage>לא ידוע</QtyInPackage>
      <ItemPrice>13.90</ItemPrice>
      <UnitOfMeasurePrice>0.0199</UnitOfMeasurePrice>
      <AllowDiscount>1</AllowDiscount>
      <ItemStatus>1</ItemStatus>
      <ItemId>134147</ItemId>
    </Item>
    <Item>
      <PriceUpdateDate>2025-08-19 18:19:33</PriceUpdateDate>
      <ItemCode>7290011587994</ItemCode>
      <ItemType>1</ItemType>
      <ItemName>רוטב סויה 750מל</ItemName>
      <ManufacturerName>לא ידוע</ManufacturerName>
      <ManufactureCountry>לא ידוע</ManufactureCountry>
      <ManufacturerItemDescription>רוטב סויה 750מל</ManufacturerItemDescription>
      <UnitQty>לא ידוע</UnitQty>
      <Quantity>750.00</Quantity>
      <UnitOfMeasure>לא ידוע</UnitOfMeasure>
      <bIsWeighted>0</bIsWeighted>
      <QtyInPackage>לא ידוע</QtyInPackage>
      <ItemPrice>12.90</ItemPrice>
      <UnitOfMeasurePrice>0.0172</UnitOfMeasurePrice>
      <AllowDiscount>1</AllowDiscount>
      <ItemStatus>1</ItemStatus>
      <ItemId>134150</ItemId>
    </Item>
    <Item>
      <PriceUpdateDate>2025-08-20 09:03:21</PriceUpdateDate>
      <ItemCode>4009900500166</ItemCode>
      <ItemType>1</ItemType>
      <ItemName>סקיטלס פירות בבקבוק</ItemName>
      <ManufacturerName>לא ידוע</ManufacturerName>
      <ManufactureCountry>לא ידוע</ManufactureCountry>
      <ManufacturerItemDescription>סקיטלס פירות בבקבוק</ManufacturerItemDescription>
      <UnitQty>לא ידוע</UnitQty>
      <Quantity>125.00</Quantity>
      <UnitOfMeasure>לא ידוע</UnitOfMeasure>
      <bIsWeighted>0</bIsWeighted>
      <QtyInPackage>לא ידוע</QtyInPackage>
      <ItemPrice>14.90</ItemPrice>
      <UnitOfMeasurePrice>0.1192</UnitOfMeasurePrice>
      <AllowDiscount>1</AllowDiscount>
      <ItemStatus>1</ItemStatus>
      <ItemId>206690</ItemId>
    </Item>
    <Item>
      <PriceUpdateDate>2025-08-19 18:19:34</PriceUpdateDate>
      <ItemCode>7290012019043</ItemCode>
      <ItemType>1</ItemType>
      <ItemName>שום צעיר כבוש צנצנת</ItemName>
      <ManufacturerName>לא ידוע</ManufacturerName>
      <ManufactureCountry>לא ידוע</ManufactureCountry>
      <ManufacturerItemDescription>שום צעיר כבוש צנצנת</ManufacturerItemDescription>
      <UnitQty>לא ידוע</UnitQty>
      <Quantity>330.00</Quantity>
      <UnitOfMeasure>לא ידוע</UnitOfMeasure>
      <bIsWeighted>0</bIsWeighted>
      <QtyInPackage>לא ידוע</QtyInPackage>
      <ItemPrice>13.90</ItemPrice>
      <UnitOfMeasurePrice>0.0421</UnitOfMeasurePrice>
      <AllowDiscount>1</AllowDiscount>
      <ItemStatus>1</ItemStatus>
      <ItemId>134160</ItemId>
    </Item>
    <Item>
      <PriceUpdateDate>2025-08-19 18:19:34</PriceUpdateDate>
      <ItemCode>7290012019265</ItemCode>
      <ItemType>1</ItemType>
      <ItemName>מחית תפו"ע ללא סוכר</ItemName>
      <ManufacturerName>לא ידוע</ManufacturerName>
      <ManufactureCountry>לא ידוע</ManufactureCountry>
      <ManufacturerItemDescription>מחית תפו"ע ללא סוכר</ManufacturerItemDescription>
      <UnitQty>לא ידוע</UnitQty>
      <Quantity>452.00</Quantity>
      <UnitOfMeasure>לא ידוע</UnitOfMeasure>
      <bIsWeighted>0</bIsWeighted>
      <QtyInPackage>לא ידוע</QtyInPackage>
      <ItemPrice>15.90</ItemPrice>
      <UnitOfMeasurePrice>0.0352</UnitOfMeasurePrice>
      <AllowDiscount>1</AllowDiscount>
      <ItemStatus>1</ItemStatus>
      <ItemId>134165</ItemId>
    </Item>
    <Item>
      <PriceUpdateDate>2025-08-19 18:19:35</PriceUpdateDate>
      <ItemCode>7290012642586</ItemCode>
      <ItemType>1</ItemType>
      <ItemName>ערמונים קלופים תומר</ItemName>
      <ManufacturerName>לא ידוע</ManufacturerName>
      <ManufactureCountry>לא ידוע</ManufactureCountry>
      <ManufacturerItemDescription>ערמונים קלופים תומר</ManufacturerItemDescription>
      <UnitQty>לא ידוע</UnitQty>
      <Quantity>100.00</Quantity>
      <UnitOfMeasure>לא ידוע</UnitOfMeasure>
      <bIsWeighted>0</bIsWeighted>
      <QtyInPackage>לא ידוע</QtyInPackage>
      <ItemPrice>6.50</ItemPrice>
      <UnitOfMeasurePrice>0.0650</UnitOfMeasurePrice>
      <AllowDiscount>1</AllowDiscount>
      <ItemStatus>1</ItemStatus>
      <ItemId>134206</ItemId>
    </Item>
    <Item>
      <PriceUpdateDate>2025-08-19 18:19:37</PriceUpdateDate>
      <ItemCode>7290013389145</ItemCode>
      <ItemType>1</ItemType>
      <ItemName>מיני ניוקי 500 גר</ItemName>
      <ManufacturerName>לא ידוע</ManufacturerName>
      <ManufactureCountry>לא ידוע</ManufactureCountry>
      <ManufacturerItemDescription>מיני ניוקי 500 גר</ManufacturerItemDescription>
      <UnitQty>לא ידוע</UnitQty>
      <Quantity>500.00</Quantity>
      <UnitOfMeasure>לא ידוע</UnitOfMeasure>
      <bIsWeighted>0</bIsWeighted>
      <QtyInPackage>לא ידוע</QtyInPackage>
      <ItemPrice>12.90</ItemPrice>
      <UnitOfMeasurePrice>0.0258</UnitOfMeasurePrice>
      <AllowDiscount>1</AllowDiscount>
      <ItemStatus>1</ItemStatus>
      <ItemId>134235</ItemId>
    </Item>
    <Item>
      <PriceUpdateDate>2025-09-07 12:46:25</PriceUpdateDate>
      <ItemCode>8008857200194</ItemCode>
      <ItemType>1</ItemType>
      <ItemName>פסטה רג'ייה ספגטי 50</ItemName>
      <ManufacturerName>לא ידוע</ManufacturerName>
      <ManufactureCountry>לא ידוע</ManufactureCountry>
      <ManufacturerItemDescription>פסטה רג'ייה ספגטי 50</ManufacturerItemDescription>
      <UnitQty>לא ידוע</UnitQty>
      <Quantity>500.00</Quantity>
      <UnitOfMeasure>לא ידוע</UnitOfMeasure>
      <bIsWeighted>0</bIsWeighted>
      <QtyInPackage>לא ידוע</QtyInPackage>
      <ItemPrice>8.90</ItemPrice>
      <UnitOfMeasurePrice>0.0178</UnitOfMeasurePrice>
      <AllowDiscount>1</AllowDiscount>
      <ItemStatus>1</ItemStatus>
      <ItemId>134309</ItemId>
    </Item>
    <Item>
      <PriceUpdateDate>2025-08-26 16:15:29</PriceUpdateDate>
      <ItemCode>8008857200200</ItemCode>
      <ItemType>1</ItemType>
      <ItemName>פסטה רג'ייה ספגטי דק</ItemName>
      <ManufacturerName>לא ידוע</ManufacturerName>
      <ManufactureCountry>לא ידוע</ManufactureCountry>
      <ManufacturerItemDescription>פסטה רג'ייה ספגטי דק</ManufacturerItemDescription>
      <UnitQty>לא ידוע</UnitQty>
      <Quantity>500.00</Quantity>
      <UnitOfMeasure>לא ידוע</UnitOfMeasure>
      <bIsWeighted>0</bIsWeighted>
      <QtyInPackage>לא ידוע</QtyInPackage>
      <ItemPrice>8.90</ItemPrice>
      <UnitOfMeasurePrice>0.0178</UnitOfMeasurePrice>
      <AllowDiscount>1</AllowDiscount>
      <ItemStatus>1</ItemStatus>
      <ItemId>134310</ItemId>
    </Item>
    <Item>
      <PriceUpdateDate>2025-09-07 12:46:26</PriceUpdateDate>
      <ItemCode>8008857300580</ItemCode>
      <ItemType>1</ItemType>
      <ItemName>פסטה רג'ייה סהרון 50</ItemName>
      <ManufacturerName>לא ידוע</ManufacturerName>
      <ManufactureCountry>לא ידוע</ManufactureCountry>
      <ManufacturerItemDescription>פסטה רג'ייה סהרון 50</ManufacturerItemDescription>
      <UnitQty>לא ידוע</UnitQty>
      <Quantity>500.00</Quantity>
      <UnitOfMeasure>לא ידוע</UnitOfMeasure>
      <bIsWeighted>0</bIsWeighted>
      <QtyInPackage>לא ידוע</QtyInPackage>
      <ItemPrice>8.90</ItemPrice>
      <UnitOfMeasurePrice>0.0178</UnitOfMeasurePrice>
      <AllowDiscount>1</AllowDiscount>
      <ItemStatus>1</ItemStatus>
      <ItemId>134315</ItemId>
    </Item>
    <Item>
      <PriceUpdateDate>2025-09-07 12:46:26</PriceUpdateDate>
      <ItemCode>8008857300603</ItemCode>
      <ItemType>1</ItemType>
      <ItemName>פסטה רג'ייה קונכיה 5</ItemName>
      <ManufacturerName>לא ידוע</ManufacturerName>
      <ManufactureCountry>לא ידוע</ManufactureCountry>
      <ManufacturerItemDescription>פסטה רג'ייה קונכיה 5</ManufacturerItemDescription>
      <UnitQty>לא ידוע</UnitQty>
      <Quantity>500.00</Quantity>
      <UnitOfMeasure>לא ידוע</UnitOfMeasure>
      <bIsWeighted>0</bIsWeighted>
      <QtyInPackage>לא ידוע</QtyInPackage>
      <ItemPrice>8.90</ItemPrice>
      <UnitOfMeasurePrice>0.0178</UnitOfMeasurePrice>
      <AllowDiscount>1</AllowDiscount>
      <ItemStatus>1</ItemStatus>
      <ItemId>134316</ItemId>
    </Item>
    <Item>
      <PriceUpdateDate>2025-09-07 12:46:26</PriceUpdateDate>
      <ItemCode>8008857300627</ItemCode>
      <ItemType>1</ItemType>
      <ItemName>פסטה רג'ייה צדף 500</ItemName>
      <ManufacturerName>לא ידוע</ManufacturerName>
      <ManufactureCountry>לא ידוע</ManufactureCountry>
      <ManufacturerItemDescription>פסטה רג'ייה צדף 500</ManufacturerItemDescription>
      <UnitQty>לא ידוע</UnitQty>
      <Quantity>500.00</Quantity>
      <UnitOfMeasure>לא ידוע</UnitOfMeasure>
      <bIsWeighted>0</bIsWeighted>
      <QtyInPackage>לא ידוע</QtyInPackage>
      <ItemPrice>8.90</ItemPrice>
      <UnitOfMeasurePrice>0.0178</UnitOfMeasurePrice>
      <AllowDiscount>1</AllowDiscount>
      <ItemStatus>1</ItemStatus>
      <ItemId>134317</ItemId>
    </Item>
    <Item>
      <PriceUpdateDate>2025-08-26 16:15:29</PriceUpdateDate>
      <ItemCode>8008857300634</ItemCode>
      <ItemType>1</ItemType>
      <ItemName>פסטה רג'ייה תלתל 500</ItemName>
      <ManufacturerName>לא ידוע</ManufacturerName>
      <ManufactureCountry>לא ידוע</ManufactureCountry>
      <ManufacturerItemDescription>פסטה רג'ייה תלתל 500</ManufacturerItemDescription>
      <UnitQty>לא ידוע</UnitQty>
      <Quantity>500.00</Quantity>
      <UnitOfMeasure>לא ידוע</UnitOfMeasure>
      <bIsWeighted>0</bIsWeighted>
      <QtyInPackage>לא ידוע</QtyInPackage>
      <ItemPrice>8.90</ItemPrice>
      <UnitOfMeasurePrice>0.0178</UnitOfMeasurePrice>
      <AllowDiscount>1</AllowDiscount>
      <ItemStatus>1</ItemStatus>
      <ItemId>134318</ItemId>
    </Item>
    <Item>
      <PriceUpdateDate>2025-09-07 12:46:27</PriceUpdateDate>
      <ItemCode>8008857300771</ItemCode>
      <ItemType>1</ItemType>
      <ItemName>פסטה רג'ייה אטריות מ</ItemName>
      <ManufacturerName>לא ידוע</ManufacturerName>
      <ManufactureCountry>לא ידוע</ManufactureCountry>
      <ManufacturerItemDescription>פסטה רג'ייה אטריות מ</ManufacturerItemDescription>
      <UnitQty>לא ידוע</UnitQty>
      <Quantity>500.00</Quantity>
      <UnitOfMeasure>לא ידוע</UnitOfMeasure>
      <bIsWeighted>0</bIsWeighted>
      <QtyInPackage>לא ידוע</QtyInPackage>
      <ItemPrice>8.90</ItemPrice>
      <UnitOfMeasurePrice>0.0178</UnitOfMeasurePrice>
      <AllowDiscount>1</AllowDiscount>
      <ItemStatus>1</ItemStatus>
      <ItemId>134321</ItemId>
    </Item>
    <Item>
      <PriceUpdateDate>2025-09-07 12:46:27</PriceUpdateDate>
      <ItemCode>8008857406152</ItemCode>
      <ItemType>1</ItemType>
      <ItemName>פסטה רג'ייה אטריות ע</ItemName>
      <ManufacturerName>לא ידוע</ManufacturerName>
      <ManufactureCountry>לא ידוע</ManufactureCountry>
      <ManufacturerItemDescription>פסטה רג'ייה אטריות ע</ManufacturerItemDescription>
      <UnitQty>לא ידוע</UnitQty>
      <Quantity>500.00</Quantity>
      <UnitOfMeasure>לא ידוע</UnitOfMeasure>
      <bIsWeighted>0</bIsWeighted>
      <QtyInPackage>לא ידוע</QtyInPackage>
      <ItemPrice>11.90</ItemPrice>
      <UnitOfMeasurePrice>0.0238</UnitOfMeasurePrice>
      <AllowDiscount>1</AllowDiscount>
      <ItemStatus>1</ItemStatus>
      <ItemId>134324</ItemId>
    </Item>
    <Item>
      <PriceUpdateDate>2025-09-07 12:46:28</PriceUpdateDate>
      <ItemCode>8437000906209</ItemCode>
      <ItemType>1</ItemType>
      <ItemName>עלי טורטיה 320ר</ItemName>
      <ManufacturerName>לא ידוע</ManufacturerName>
      <ManufactureCountry>לא ידוע</ManufactureCountry>
      <ManufacturerItemDescription>עלי טורטיה 320ר</ManufacturerItemDescription>
      <UnitQty>לא ידוע</UnitQty>
      <Quantity>325.00</Quantity>
      <UnitOfMeasure>לא ידוע</UnitOfMeasure>
      <bIsWeighted>0</bIsWeighted>
      <QtyInPackage>לא ידוע</QtyInPackage>
      <ItemPrice>12.90</ItemPrice>
      <UnitOfMeasurePrice>0.0397</UnitOfMeasurePrice>
      <AllowDiscount>1</AllowDiscount>
      <ItemStatus>1</ItemStatus>
      <ItemId>134340</ItemId>
    </Item>
    <Item>
      <PriceUpdateDate>2025-09-05 12:38:48</PriceUpdateDate>
      <ItemCode>7290107647731</ItemCode>
      <ItemType>1</ItemType>
      <ItemName>קוקומן חום לבן בדצ 3</ItemName>
      <ManufacturerName>לא ידוע</ManufacturerName>
      <ManufactureCountry>לא ידוע</ManufactureCountry>
      <ManufacturerItemDescription>קוקומן חום לבן בדצ 3</ManufacturerItemDescription>
      <UnitQty>לא ידוע</UnitQty>
      <Quantity>375.00</Quantity>
      <UnitOfMeasure>לא ידוע</UnitOfMeasure>
      <bIsWeighted>0</bIsWeighted>
      <QtyInPackage>לא ידוע</QtyInPackage>
      <ItemPrice>26.90</ItemPrice>
      <UnitOfMeasurePrice>0.0717</UnitOfMeasurePrice>
      <AllowDiscount>1</AllowDiscount>
      <ItemStatus>1</ItemStatus>
      <ItemId>208597</ItemId>
    </Item>
    <Item>
      <PriceUpdateDate>2025-09-03 11:24:31</PriceUpdateDate>
      <ItemCode>8697431460064</ItemCode>
      <ItemType>1</ItemType>
      <ItemName>קונפיטורה 70% משמש 4</ItemName>
      <ManufacturerName>קריות זול</ManufacturerName>
      <ManufactureCountry>לא ידוע</ManufactureCountry>
      <ManufacturerItemDescription>קונפיטורה 70% משמש 4</ManufacturerItemDescription>
      <UnitQty>לא ידוע</UnitQty>
      <Quantity>450.00</Quantity>
      <UnitOfMeasure>לא ידוע</UnitOfMeasure>
      <bIsWeighted>0</bIsWeighted>
      <QtyInPackage>לא ידוע</QtyInPackage>
      <ItemPrice>17.90</ItemPrice>
      <UnitOfMeasurePrice>0.0398</UnitOfMeasurePrice>
      <AllowDiscount>1</AllowDiscount>
      <ItemStatus>1</ItemStatus>
      <ItemId>134358</ItemId>
    </Item>
    <Item>
      <PriceUpdateDate>2025-09-07 12:46:28</PriceUpdateDate>
      <ItemCode>8697431460217</ItemCode>
      <ItemType>1</ItemType>
      <ItemName>קונפיטורה 70% פרי תפ</ItemName>
      <ManufacturerName>לא ידוע</ManufacturerName>
      <ManufactureCountry>לא ידוע</ManufactureCountry>
      <ManufacturerItemDescription>קונפיטורה 70% פרי תפ</ManufacturerItemDescription>
      <UnitQty>לא ידוע</UnitQty>
      <Quantity>450.00</Quantity>
      <UnitOfMeasure>לא ידוע</UnitOfMeasure>
      <bIsWeighted>0</bIsWeighted>
      <QtyInPackage>לא ידוע</QtyInPackage>
      <ItemPrice>17.90</ItemPrice>
      <UnitOfMeasurePrice>0.0398</UnitOfMeasurePrice>
      <AllowDiscount>1</AllowDiscount>
      <ItemStatus>1</ItemStatus>
      <ItemId>134360</ItemId>
    </Item>
    <Item>
      <PriceUpdateDate>2025-09-03 11:24:32</PriceUpdateDate>
      <ItemCode>8697431921701</ItemCode>
      <ItemType>1</ItemType>
      <ItemName>קונפיטורה תות שדה פר</ItemName>
      <ManufacturerName>לא ידוע</ManufacturerName>
      <ManufactureCountry>לא ידוע</ManufactureCountry>
      <ManufacturerItemDescription>קונפיטורה תות שדה פר</ManufacturerItemDescription>
      <UnitQty>לא ידוע</UnitQty>
      <Quantity>450.00</Quantity>
      <UnitOfMeasure>לא ידוע</UnitOfMeasure>
      <bIsWeighted>0</bIsWeighted>
      <QtyInPackage>לא ידוע</QtyInPackage>
      <ItemPrice>17.90</ItemPrice>
      <UnitOfMeasurePrice>0.0398</UnitOfMeasurePrice>
      <AllowDiscount>1</AllowDiscount>
      <ItemStatus>1</ItemStatus>
      <ItemId>134366</ItemId>
    </Item>
    <Item>
      <PriceUpdateDate>2025-09-07 12:46:29</PriceUpdateDate>
      <ItemCode>8697431921718</ItemCode>
      <ItemType>1</ItemType>
      <ItemName>קונפיטורה 70 % דובדב</ItemName>
      <ManufacturerName>לא ידוע</ManufacturerName>
      <ManufactureCountry>לא ידוע</ManufactureCountry>
      <ManufacturerItemDescription>קונפיטורה 70 % דובדב</ManufacturerItemDescription>
      <UnitQty>לא ידוע</UnitQty>
      <Quantity>450.00</Quantity>
      <UnitOfMeasure>לא ידוע</UnitOfMeasure>
      <bIsWeighted>0</bIsWeighted>
      <QtyInPackage>לא ידוע</QtyInPackage>
      <ItemPrice>17.90</ItemPrice>
      <UnitOfMeasurePrice>0.0398</UnitOfMeasurePrice>
      <AllowDiscount>1</AllowDiscount>
      <ItemStatus>1</ItemStatus>
      <ItemId>134367</ItemId>
    </Item>
    <Item>
      <PriceUpdateDate>2025-09-08 07:58:08</PriceUpdateDate>
      <ItemCode>8003520012906</ItemCode>
      <ItemType>1</ItemType>
      <ItemName>פלמוליב סבון ידיים ש</ItemName>
      <ManufacturerName>לא ידוע</ManufacturerName>
      <ManufactureCountry>לא ידוע</ManufactureCountry>
      <ManufacturerItemDescription>פלמוליב סבון ידיים ש</ManufacturerItemDescription>
      <UnitQty>לא ידוע</UnitQty>
      <Quantity>300.00</Quantity>
      <UnitOfMeasure>לא ידוע</UnitOfMeasure>
      <bIsWeighted>0</bIsWeighted>
      <QtyInPackage>לא ידוע</QtyInPackage>
      <ItemPrice>13.90</ItemPrice>
      <UnitOfMeasurePrice>0.0463</UnitOfMeasurePrice>
      <AllowDiscount>1</AllowDiscount>
      <ItemStatus>1</ItemStatus>
      <ItemId>254733</ItemId>
    </Item>
    <Item>
      <PriceUpdateDate>2025-09-02 13:01:07</PriceUpdateDate>
      <ItemCode>7290003778034</ItemCode>
      <ItemType>1</ItemType>
      <ItemName>תמר כבוש 500 גר</ItemName>
      <ManufacturerName>קריות זול</ManufacturerName>
      <ManufactureCountry>לא ידוע</ManufactureCountry>
      <ManufacturerItemDescription>תמר כבוש 500 גר</ManufacturerItemDescription>
      <UnitQty>לא ידוע</UnitQty>
      <Quantity>500.00</Quantity>
      <UnitOfMeasure>לא ידוע</UnitOfMeasure>
      <bIsWeighted>0</bIsWeighted>
      <QtyInPackage>לא ידוע</QtyInPackage>
      <ItemPrice>15.90</ItemPrice>
      <UnitOfMeasurePrice>0.0318</UnitOfMeasurePrice>
      <AllowDiscount>1</AllowDiscount>
      <ItemStatus>1</ItemStatus>
      <ItemId>239862</ItemId>
    </Item>
    <Item>
      <PriceUpdateDate>2025-09-03 14:12:06</PriceUpdateDate>
      <ItemCode>7290018023013</ItemCode>
      <ItemType>1</ItemType>
      <ItemName>זית סורי שבור סבא חב</ItemName>
      <ManufacturerName>לא ידוע</ManufacturerName>
      <ManufactureCountry>לא ידוע</ManufactureCountry>
      <ManufacturerItemDescription>זית סורי שבור סבא חב</ManufacturerItemDescription>
      <UnitQty>לא ידוע</UnitQty>
      <Quantity>215.00</Quantity>
      <UnitOfMeasure>לא ידוע</UnitOfMeasure>
      <bIsWeighted>0</bIsWeighted>
      <QtyInPackage>לא ידוע</QtyInPackage>
      <ItemPrice>11.90</ItemPrice>
      <UnitOfMeasurePrice>0.0553</UnitOfMeasurePrice>
      <AllowDiscount>1</AllowDiscount>
      <ItemStatus>1</ItemStatus>
      <ItemId>236599</ItemId>
    </Item>
    <Item>
      <PriceUpdateDate>2025-09-07 08:02:56</PriceUpdateDate>
      <ItemCode>77343001117</ItemCode>
      <ItemType>1</ItemType>
      <ItemName>נר שבת 72 רגיל</ItemName>
      <ManufacturerName>לא ידוע</ManufacturerName>
      <ManufactureCountry>לא ידוע</ManufactureCountry>
      <ManufacturerItemDescription>נר שבת 72 רגיל</ManufacturerItemDescription>
      <UnitQty>לא ידוע</UnitQty>
      <Quantity>72.00</Quantity>
      <UnitOfMeasure>לא ידוע</UnitOfMeasure>
      <bIsWeighted>0</bIsWeighted>
      <QtyInPackage>לא ידוע</QtyInPackage>
      <ItemPrice>27.90</ItemPrice>
      <UnitOfMeasurePrice>0.3875</UnitOfMeasurePrice>
      <AllowDiscount>1</AllowDiscount>
      <ItemStatus>1</ItemStatus>
      <ItemId>237406</ItemId>
    </Item>
    <Item>
      <PriceUpdateDate>2025-09-03 13:38:18</PriceUpdateDate>
      <ItemCode>7290119373345</ItemCode>
      <ItemType>1</ItemType>
      <ItemName>פריכיות משולשות תפוא</ItemName>
      <ManufacturerName>לא ידוע</ManufacturerName>
      <ManufactureCountry>לא ידוע</ManufactureCountry>
      <ManufacturerItemDescription>פריכיות משולשות תפוא</ManufacturerItemDescription>
      <UnitQty>לא ידוע</UnitQty>
      <Quantity>30.00</Quantity>
      <UnitOfMeasure>לא ידוע</UnitOfMeasure>
      <bIsWeighted>0</bIsWeighted>
      <QtyInPackage>לא ידוע</QtyInPackage>
      <ItemPrice>7.50</ItemPrice>
      <UnitOfMeasurePrice>0.2500</UnitOfMeasurePrice>
      <AllowDiscount>1</AllowDiscount>
      <ItemStatus>1</ItemStatus>
      <ItemId>246699</ItemId>
    </Item>
    <Item>
      <PriceUpdateDate>2025-09-03 13:38:18</PriceUpdateDate>
      <ItemCode>7290119373352</ItemCode>
      <ItemType>1</ItemType>
      <ItemName>פריכיות משולשות תפוא</ItemName>
      <ManufacturerName>לא ידוע</ManufacturerName>
      <ManufactureCountry>לא ידוע</ManufactureCountry>
      <ManufacturerItemDescription>פריכיות משולשות תפוא</ManufacturerItemDescription>
      <UnitQty>לא ידוע</UnitQty>
      <Quantity>30.00</Quantity>
      <UnitOfMeasure>לא ידוע</UnitOfMeasure>
      <bIsWeighted>0</bIsWeighted>
      <QtyInPackage>לא ידוע</QtyInPackage>
      <ItemPrice>7.50</ItemPrice>
      <UnitOfMeasurePrice>0.2500</UnitOfMeasurePrice>
      <AllowDiscount>1</AllowDiscount>
      <ItemStatus>1</ItemStatus>
      <ItemId>246700</ItemId>
    </Item>
    <Item>
      <PriceUpdateDate>2025-09-07 11:03:31</PriceUpdateDate>
      <ItemCode>80773429</ItemCode>
      <ItemType>1</ItemType>
      <ItemName>מסטיק מנטוס פיור פרש</ItemName>
      <ManufacturerName>לא ידוע</ManufacturerName>
      <ManufactureCountry>לא ידוע</ManufactureCountry>
      <ManufacturerItemDescription>מסטיק מנטוס פיור פרש</ManufacturerItemDescription>
      <UnitQty>לא ידוע</UnitQty>
      <Quantity>60.00</Quantity>
      <UnitOfMeasure>לא ידוע</UnitOfMeasure>
      <bIsWeighted>0</bIsWeighted>
      <QtyInPackage>לא ידוע</QtyInPackage>
      <ItemPrice>13.90</ItemPrice>
      <UnitOfMeasurePrice>0.2317</UnitOfMeasurePrice>
      <AllowDiscount>1</AllowDiscount>
      <ItemStatus>1</ItemStatus>
      <ItemId>209827</ItemId>
    </Item>
    <Item>
      <PriceUpdateDate>2025-08-18 13:55:44</PriceUpdateDate>
      <ItemCode>7290000150352</ItemCode>
      <ItemType>1</ItemType>
      <ItemName>פסטרמה איטלקית עוף -</ItemName>
      <ManufacturerName>לא ידוע</ManufacturerName>
      <ManufactureCountry>לא ידוע</ManufactureCountry>
      <ManufacturerItemDescription>פסטרמה איטלקית עוף -</ManufacturerItemDescription>
      <UnitQty>קילוגרמים</UnitQty>
      <Quantity>1.00</Quantity>
      <UnitOfMeasure>ק"ג</UnitOfMeasure>
      <bIsWeighted>1</bIsWeighted>
      <QtyInPackage>לא ידוע</QtyInPackage>
      <ItemPrice>97.90</ItemPrice>
      <UnitOfMeasurePrice>97.9000</UnitOfMeasurePrice>
      <AllowDiscount>1</AllowDiscount>
      <ItemStatus>1</ItemStatus>
      <ItemId>134704</ItemId>
    </Item>
    <Item>
      <PriceUpdateDate>2025-08-20 16:33:07</PriceUpdateDate>
      <ItemCode>50000100347</ItemCode>
      <ItemType>1</ItemType>
      <ItemName>פריסקיז מעדני החתול</ItemName>
      <ManufacturerName>לא ידוע</ManufacturerName>
      <ManufactureCountry>לא ידוע</ManufactureCountry>
      <ManufacturerItemDescription>פריסקיז מעדני החתול</ManufacturerItemDescription>
      <UnitQty>קילוגרמים</UnitQty>
      <Quantity>1.40</Quantity>
      <UnitOfMeasure>ק"ג     </UnitOfMeasure>
      <bIsWeighted>0</bIsWeighted>
      <QtyInPackage>לא ידוע</QtyInPackage>
      <ItemPrice>45.90</ItemPrice>
      <UnitOfMeasurePrice>32.7857</UnitOfMeasurePrice>
      <AllowDiscount>1</AllowDiscount>
      <ItemStatus>1</ItemStatus>
      <ItemId>134781</ItemId>
    </Item>
    <Item>
      <PriceUpdateDate>2025-08-20 16:33:09</PriceUpdateDate>
      <ItemCode>50000429042</ItemCode>
      <ItemType>1</ItemType>
      <ItemName>פנסי פיסט כבד עם מעד</ItemName>
      <ManufacturerName>לא ידוע</ManufacturerName>
      <ManufactureCountry>לא ידוע</ManufactureCountry>
      <ManufacturerItemDescription>פנסי פיסט כבד עם מעד</ManufacturerItemDescription>
      <UnitQty>לא ידוע</UnitQty>
      <Quantity>85.00</Quantity>
      <UnitOfMeasure>לא ידוע</UnitOfMeasure>
      <bIsWeighted>0</bIsWeighted>
      <QtyInPackage>לא ידוע</QtyInPackage>
      <ItemPrice>8.90</ItemPrice>
      <UnitOfMeasurePrice>0.1047</UnitOfMeasurePrice>
      <AllowDiscount>1</AllowDiscount>
      <ItemStatus>1</ItemStatus>
      <ItemId>134792</ItemId>
    </Item>
    <Item>
      <PriceUpdateDate>2025-08-20 16:33:13</PriceUpdateDate>
      <ItemCode>3387390525960</ItemCode>
      <ItemType>1</ItemType>
      <ItemName>דגני קראנץ' נסטלה 50</ItemName>
      <ManufacturerName>לא ידוע</ManufacturerName>
      <ManufactureCountry>לא ידוע</ManufactureCountry>
      <ManufacturerItemDescription>דגני קראנץ' נסטלה 50</ManufacturerItemDescription>
      <UnitQty>לא ידוע</UnitQty>
      <Quantity>500.00</Quantity>
      <UnitOfMeasure>לא ידוע</UnitOfMeasure>
      <bIsWeighted>0</bIsWeighted>
      <QtyInPackage>לא ידוע</QtyInPackage>
      <ItemPrice>24.90</ItemPrice>
      <UnitOfMeasurePrice>0.0498</UnitOfMeasurePrice>
      <AllowDiscount>1</AllowDiscount>
      <ItemStatus>1</ItemStatus>
      <ItemId>134806</ItemId>
    </Item>
    <Item>
      <PriceUpdateDate>2025-08-20 16:33:15</PriceUpdateDate>
      <ItemCode>5900020012814</ItemCode>
      <ItemType>1</ItemType>
      <ItemName>דגני בוקר נסקוויק נס</ItemName>
      <ManufacturerName>לא ידוע</ManufacturerName>
      <ManufactureCountry>לא ידוע</ManufactureCountry>
      <ManufacturerItemDescription>דגני בוקר נסקוויק נס</ManufacturerItemDescription>
      <UnitQty>לא ידוע</UnitQty>
      <Quantity>500.00</Quantity>
      <UnitOfMeasure>לא ידוע</UnitOfMeasure>
      <bIsWeighted>0</bIsWeighted>
      <QtyInPackage>לא ידוע</QtyInPackage>
      <ItemPrice>24.90</ItemPrice>
      <UnitOfMeasurePrice>0.0498</UnitOfMeasurePrice>
      <AllowDiscount>1</AllowDiscount>
      <ItemStatus>1</ItemStatus>
      <ItemId>134811</ItemId>
    </Item>
    <Item>
      <PriceUpdateDate>2025-08-20 16:33:15</PriceUpdateDate>
      <ItemCode>5900020015174</ItemCode>
      <ItemType>1</ItemType>
      <ItemName>פיטנס חטיף דגנים שוק</ItemName>
      <ManufacturerName>לא ידוע</ManufacturerName>
      <ManufactureCountry>לא ידוע</ManufactureCountry>
      <ManufacturerItemDescription>פיטנס חטיף דגנים שוק</ManufacturerItemDescription>
      <UnitQty>לא ידוע</UnitQty>
      <Quantity>141.00</Quantity>
      <UnitOfMeasure>לא ידוע</UnitOfMeasure>
      <bIsWeighted>0</bIsWeighted>
      <QtyInPackage>לא ידוע</QtyInPackage>
      <ItemPrice>19.90</ItemPrice>
      <UnitOfMeasurePrice>0.1411</UnitOfMeasurePrice>
      <AllowDiscount>1</AllowDiscount>
      <ItemStatus>1</ItemStatus>
      <ItemId>134812</ItemId>
    </Item>
    <Item>
      <PriceUpdateDate>2025-08-20 16:33:17</PriceUpdateDate>
      <ItemCode>5900020025647</ItemCode>
      <ItemType>1</ItemType>
      <ItemName>פיטנס בר דליס שוקולד</ItemName>
      <ManufacturerName>לא ידוע</ManufacturerName>
      <ManufactureCountry>לא ידוע</ManufactureCountry>
      <ManufacturerItemDescription>פיטנס בר דליס שוקולד</ManufacturerItemDescription>
      <UnitQty>לא ידוע</UnitQty>
      <Quantity>135.00</Quantity>
      <UnitOfMeasure>לא ידוע</UnitOfMeasure>
      <bIsWeighted>0</bIsWeighted>
      <QtyInPackage>לא ידוע</QtyInPackage>
      <ItemPrice>19.90</ItemPrice>
      <UnitOfMeasurePrice>0.1474</UnitOfMeasurePrice>
      <AllowDiscount>1</AllowDiscount>
      <ItemStatus>1</ItemStatus>
      <ItemId>134825</ItemId>
    </Item>
    <Item>
      <PriceUpdateDate>2025-08-26 16:15:46</PriceUpdateDate>
      <ItemCode>7290000060071</ItemCode>
      <ItemType>1</ItemType>
      <ItemName>אסם חטיפי פריכונים ט</ItemName>
      <ManufacturerName>קריות זול</ManufacturerName>
      <ManufactureCountry>לא ידוע</ManufactureCountry>
      <ManufacturerItemDescription>אסם חטיפי פריכונים ט</ManufacturerItemDescription>
      <UnitQty>לא ידוע</UnitQty>
      <Quantity>80.00</Quantity>
      <UnitOfMeasure>לא ידוע</UnitOfMeasure>
      <bIsWeighted>0</bIsWeighted>
      <QtyInPackage>לא ידוע</QtyInPackage>
      <ItemPrice>10.50</ItemPrice>
      <UnitOfMeasurePrice>0.1313</UnitOfMeasurePrice>
      <AllowDiscount>1</AllowDiscount>
      <ItemStatus>1</ItemStatus>
      <ItemId>134866</ItemId>
    </Item>
    <Item>
      <PriceUpdateDate>2025-08-26 16:15:47</PriceUpdateDate>
      <ItemCode>7290000060088</ItemCode>
      <ItemType>1</ItemType>
      <ItemName>בייגלה מקלות מלוחים</ItemName>
      <ManufacturerName>קריות זול</ManufacturerName>
      <ManufactureCountry>לא ידוע</ManufactureCountry>
      <ManufacturerItemDescription>בייגלה מקלות מלוחים</ManufacturerItemDescription>
      <UnitQty>לא ידוע</UnitQty>
      <Quantity>300.00</Quantity>
      <UnitOfMeasure>לא ידוע</UnitOfMeasure>
      <bIsWeighted>0</bIsWeighted>
      <QtyInPackage>לא ידוע</QtyInPackage>
      <ItemPrice>15.90</ItemPrice>
      <UnitOfMeasurePrice>0.0530</UnitOfMeasurePrice>
      <AllowDiscount>1</AllowDiscount>
      <ItemStatus>1</ItemStatus>
      <ItemId>134867</ItemId>
    </Item>
    <Item>
      <PriceUpdateDate>2025-08-26 16:15:48</PriceUpdateDate>
      <ItemCode>7290000060163</ItemCode>
      <ItemType>1</ItemType>
      <ItemName>אטריות דקות אסם 400ג</ItemName>
      <ManufacturerName>קריות זול</ManufacturerName>
      <ManufactureCountry>לא ידוע</ManufactureCountry>
      <ManufacturerItemDescription>אטריות דקות אסם 400ג</ManufacturerItemDescription>
      <UnitQty>לא ידוע</UnitQty>
      <Quantity>400.00</Quantity>
      <UnitOfMeasure>לא ידוע</UnitOfMeasure>
      <bIsWeighted>0</bIsWeighted>
      <QtyInPackage>לא ידוע</QtyInPackage>
      <ItemPrice>9.90</ItemPrice>
      <UnitOfMeasurePrice>0.0248</UnitOfMeasurePrice>
      <AllowDiscount>1</AllowDiscount>
      <ItemStatus>1</ItemStatus>
      <ItemId>134871</ItemId>
    </Item>
    <Item>
      <PriceUpdateDate>2025-08-26 16:15:48</PriceUpdateDate>
      <ItemCode>7290000060200</ItemCode>
      <ItemType>1</ItemType>
      <ItemName>פתיתים אפויים קוסקוס</ItemName>
      <ManufacturerName>קריות זול</ManufacturerName>
      <ManufactureCountry>לא ידוע</ManufactureCountry>
      <ManufacturerItemDescription>פתיתים אפויים קוסקוס</ManufacturerItemDescription>
      <UnitQty>לא ידוע</UnitQty>
      <Quantity>500.00</Quantity>
      <UnitOfMeasure>לא ידוע</UnitOfMeasure>
      <bIsWeighted>0</bIsWeighted>
      <QtyInPackage>לא ידוע</QtyInPackage>
      <ItemPrice>8.90</ItemPrice>
      <UnitOfMeasurePrice>0.0178</UnitOfMeasurePrice>
      <AllowDiscount>1</AllowDiscount>
      <ItemStatus>1</ItemStatus>
      <ItemId>134873</ItemId>
    </Item>
    <Item>
      <PriceUpdateDate>2025-08-26 16:15:48</PriceUpdateDate>
      <ItemCode>7290000060217</ItemCode>
      <ItemType>1</ItemType>
      <ItemName>פסטה מקרוני 7 אסם 50</ItemName>
      <ManufacturerName>קריות זול</ManufacturerName>
      <ManufactureCountry>לא ידוע</ManufactureCountry>
      <ManufacturerItemDescription>פסטה מקרוני 7 אסם 50</ManufacturerItemDescription>
      <UnitQty>לא ידוע</UnitQty>
      <Quantity>500.00</Quantity>
      <UnitOfMeasure>לא ידוע</UnitOfMeasure>
      <bIsWeighted>0</bIsWeighted>
      <QtyInPackage>לא ידוע</QtyInPackage>
      <ItemPrice>7.50</ItemPrice>
      <UnitOfMeasurePrice>0.0150</UnitOfMeasurePrice>
      <AllowDiscount>1</AllowDiscount>
      <ItemStatus>1</ItemStatus>
      <ItemId>134874</ItemId>
    </Item>
    <Item>
      <PriceUpdateDate>2025-08-26 16:15:48</PriceUpdateDate>
      <ItemCode>7290000060248</ItemCode>
      <ItemType>1</ItemType>
      <ItemName>פסטה תלתלים אסם 500</ItemName>
      <ManufacturerName>קריות זול</ManufacturerName>
      <ManufactureCountry>לא ידוע</ManufactureCountry>
      <ManufacturerItemDescription>פסטה תלתלים אסם 500</ManufacturerItemDescription>
      <UnitQty>לא ידוע</UnitQty>
      <Quantity>500.00</Quantity>
      <UnitOfMeasure>לא ידוע</UnitOfMeasure>
      <bIsWeighted>0</bIsWeighted>
      <QtyInPackage>לא ידוע</QtyInPackage>
      <ItemPrice>7.50</ItemPrice>
      <UnitOfMeasurePrice>0.0150</UnitOfMeasurePrice>
      <AllowDiscount>1</AllowDiscount>
      <ItemStatus>1</ItemStatus>
      <ItemId>134875</ItemId>
    </Item>
    <Item>
      <PriceUpdateDate>2025-08-26 16:15:49</PriceUpdateDate>
      <ItemCode>7290000060408</ItemCode>
      <ItemType>1</ItemType>
      <ItemName>פתיתים אפויים טבעות</ItemName>
      <ManufacturerName>קריות זול</ManufacturerName>
      <ManufactureCountry>לא ידוע</ManufactureCountry>
      <ManufacturerItemDescription>פתיתים אפויים טבעות</ManufacturerItemDescription>
      <UnitQty>לא ידוע</UnitQty>
      <Quantity>500.00</Quantity>
      <UnitOfMeasure>לא ידוע</UnitOfMeasure>
      <bIsWeighted>0</bIsWeighted>
      <QtyInPackage>לא ידוע</QtyInPackage>
      <ItemPrice>8.90</ItemPrice>
      <UnitOfMeasurePrice>0.0178</UnitOfMeasurePrice>
      <AllowDiscount>1</AllowDiscount>
      <ItemStatus>1</ItemStatus>
      <ItemId>134884</ItemId>
    </Item>
    <Item>
      <PriceUpdateDate>2025-08-26 16:15:49</PriceUpdateDate>
      <ItemCode>7290000060576</ItemCode>
      <ItemType>1</ItemType>
      <ItemName>פתיתים אפויים כוכב א</ItemName>
      <ManufacturerName>קריות זול</ManufacturerName>
      <ManufactureCountry>לא ידוע</ManufactureCountry>
      <ManufacturerItemDescription>פתיתים אפויים כוכב א</ManufacturerItemDescription>
      <UnitQty>לא ידוע</UnitQty>
      <Quantity>500.00</Quantity>
      <UnitOfMeasure>לא ידוע</UnitOfMeasure>
      <bIsWeighted>0</bIsWeighted>
      <QtyInPackage>לא ידוע</QtyInPackage>
      <ItemPrice>8.90</ItemPrice>
      <UnitOfMeasurePrice>0.0178</UnitOfMeasurePrice>
      <AllowDiscount>1</AllowDiscount>
      <ItemStatus>1</ItemStatus>
      <ItemId>134895</ItemId>
    </Item>
    <Item>
      <PriceUpdateDate>2025-08-26 16:15:50</PriceUpdateDate>
      <ItemCode>7290000060781</ItemCode>
      <ItemType>1</ItemType>
      <ItemName>פסטה מסולסלים אסם 50</ItemName>
      <ManufacturerName>קריות זול</ManufacturerName>
      <ManufactureCountry>לא ידוע</ManufactureCountry>
      <ManufacturerItemDescription>פסטה מסולסלים אסם 50</ManufacturerItemDescription>
      <UnitQty>לא ידוע</UnitQty>
      <Quantity>500.00</Quantity>
      <UnitOfMeasure>לא ידוע</UnitOfMeasure>
      <bIsWeighted>0</bIsWeighted>
      <QtyInPackage>לא ידוע</QtyInPackage>
      <ItemPrice>7.50</ItemPrice>
      <UnitOfMeasurePrice>0.0150</UnitOfMeasurePrice>
      <AllowDiscount>1</AllowDiscount>
      <ItemStatus>1</ItemStatus>
      <ItemId>134898</ItemId>
    </Item>
    <Item>
      <PriceUpdateDate>2025-08-26 16:15:50</PriceUpdateDate>
      <ItemCode>7290000060828</ItemCode>
      <ItemType>1</ItemType>
      <ItemName>פסטה קרניים בינוניות</ItemName>
      <ManufacturerName>קריות זול</ManufacturerName>
      <ManufactureCountry>לא ידוע</ManufactureCountry>
      <ManufacturerItemDescription>פסטה קרניים בינוניות</ManufacturerItemDescription>
      <UnitQty>לא ידוע</UnitQty>
      <Quantity>500.00</Quantity>
      <UnitOfMeasure>לא ידוע</UnitOfMeasure>
      <bIsWeighted>0</bIsWeighted>
      <QtyInPackage>לא ידוע</QtyInPackage>
      <ItemPrice>7.50</ItemPrice>
      <UnitOfMeasurePrice>0.0150</UnitOfMeasurePrice>
      <AllowDiscount>1</AllowDiscount>
      <ItemStatus>1</ItemStatus>
      <ItemId>134901</ItemId>
    </Item>
    <Item>
      <PriceUpdateDate>2025-11-19 11:35:25</PriceUpdateDate>
      <ItemCode>7290020228734</ItemCode>
      <ItemType>1</ItemType>
      <ItemName>כביסכל מנקה ומבשם רצ</ItemName>
      <ManufacturerName>לא ידוע</ManufacturerName>
      <ManufactureCountry>לא ידוע</ManufactureCountry>
      <ManufacturerItemDescription>כביסכל מנקה ומבשם רצ</ManufacturerItemDescription>
      <UnitQty>לא ידוע</UnitQty>
      <Quantity>2000.00</Quantity>
      <UnitOfMeasure>לא ידוע</UnitOfMeasure>
      <bIsWeighted>0</bIsWeighted>
      <QtyInPackage>לא ידוע</QtyInPackage>
      <ItemPrice>33.90</ItemPrice>
      <UnitOfMeasurePrice>0.0169</UnitOfMeasurePrice>
      <AllowDiscount>1</AllowDiscount>
      <ItemStatus>1</ItemStatus>
      <ItemId>256510</ItemId>
    </Item>
    <Item>
      <PriceUpdateDate>2025-11-19 11:35:25</PriceUpdateDate>
      <ItemCode>7290020228758</ItemCode>
      <ItemType>1</ItemType>
      <ItemName>כביסכל מנקה ומבשם רצ</ItemName>
      <ManufacturerName>לא ידוע</ManufacturerName>
      <ManufactureCountry>לא ידוע</ManufactureCountry>
      <ManufacturerItemDescription>כביסכל מנקה ומבשם רצ</ManufacturerItemDescription>
      <UnitQty>לא ידוע</UnitQty>
      <Quantity>2000.00</Quantity>
      <UnitOfMeasure>לא ידוע</UnitOfMeasure>
      <bIsWeighted>0</bIsWeighted>
      <QtyInPackage>לא ידוע</QtyInPackage>
      <ItemPrice>33.90</ItemPrice>
      <UnitOfMeasurePrice>0.0169</UnitOfMeasurePrice>
      <AllowDiscount>1</AllowDiscount>
      <ItemStatus>1</ItemStatus>
      <ItemId>256511</ItemId>
    </Item>
    <Item>
      <PriceUpdateDate>2025-11-19 14:05:17</PriceUpdateDate>
      <ItemCode>8000500431719</ItemCode>
      <ItemType>1</ItemType>
      <ItemName>בונבוניירה קולקשיין</ItemName>
      <ManufacturerName>קריות זול</ManufacturerName>
      <ManufactureCountry>לא ידוע</ManufactureCountry>
      <ManufacturerItemDescription>בונבוניירה קולקשיין</ManufacturerItemDescription>
      <UnitQty>לא ידוע</UnitQty>
      <Quantity>197.80</Quantity>
      <UnitOfMeasure>לא ידוע</UnitOfMeasure>
      <bIsWeighted>0</bIsWeighted>
      <QtyInPackage>לא ידוע</QtyInPackage>
      <ItemPrice>55.90</ItemPrice>
      <UnitOfMeasurePrice>0.2826</UnitOfMeasurePrice>
      <AllowDiscount>1</AllowDiscount>
      <ItemStatus>1</ItemStatus>
      <ItemId>256512</ItemId>
    </Item>
    <Item>
      <PriceUpdateDate>2025-11-20 14:35:17</PriceUpdateDate>
      <ItemCode>726529408652</ItemCode>
      <ItemType>1</ItemType>
      <ItemName>חלה  אמריקאית</ItemName>
      <ManufacturerName>לא ידוע</ManufacturerName>
      <ManufactureCountry>לא ידוע</ManufactureCountry>
      <ManufacturerItemDescription>חלה  אמריקאית</ManufacturerItemDescription>
      <UnitQty>לא ידוע</UnitQty>
      <Quantity>0.00</Quantity>
      <UnitOfMeasure>לא ידוע</UnitOfMeasure>
      <bIsWeighted>0</bIsWeighted>
      <QtyInPackage>לא ידוע</QtyInPackage>
      <ItemPrice>16.90</ItemPrice>
      <UnitOfMeasurePrice>0.0000</UnitOfMeasurePrice>
      <AllowDiscount>1</AllowDiscount>
      <ItemStatus>1</ItemStatus>
      <ItemId>256532</ItemId>
    </Item>
    <Item>
      <PriceUpdateDate>2025-11-24 14:50:19</PriceUpdateDate>
      <ItemCode>7290019997139</ItemCode>
      <ItemType>1</ItemType>
      <ItemName>מלפפונים במלח בתוספת</ItemName>
      <ManufacturerName>לא ידוע</ManufacturerName>
      <ManufactureCountry>לא ידוע</ManufactureCountry>
      <ManufacturerItemDescription>מלפפונים במלח בתוספת</ManufacturerItemDescription>
      <UnitQty>לא ידוע</UnitQty>
      <Quantity>325.00</Quantity>
      <UnitOfMeasure>לא ידוע</UnitOfMeasure>
      <bIsWeighted>0</bIsWeighted>
      <QtyInPackage>לא ידוע</QtyInPackage>
      <ItemPrice>15.90</ItemPrice>
      <UnitOfMeasurePrice>0.0489</UnitOfMeasurePrice>
      <AllowDiscount>1</AllowDiscount>
      <ItemStatus>1</ItemStatus>
      <ItemId>256567</ItemId>
    </Item>
    <Item>
      <PriceUpdateDate>2025-11-25 10:20:27</PriceUpdateDate>
      <ItemCode>7290117907429</ItemCode>
      <ItemType>1</ItemType>
      <ItemName>ניילון נצמד 150 מטר</ItemName>
      <ManufacturerName>לא ידוע</ManufacturerName>
      <ManufactureCountry>לא ידוע</ManufactureCountry>
      <ManufacturerItemDescription>ניילון נצמד 150 מטר</ManufacturerItemDescription>
      <UnitQty>יחידה   </UnitQty>
      <Quantity>0.00</Quantity>
      <UnitOfMeasure>יחידה   </UnitOfMeasure>
      <bIsWeighted>0</bIsWeighted>
      <QtyInPackage>לא ידוע</QtyInPackage>
      <ItemPrice>18.90</ItemPrice>
      <UnitOfMeasurePrice>0.0000</UnitOfMeasurePrice>
      <AllowDiscount>1</AllowDiscount>
      <ItemStatus>1</ItemStatus>
      <ItemId>256590</ItemId>
    </Item>
    <Item>
      <PriceUpdateDate>2025-11-25 10:35:28</PriceUpdateDate>
      <ItemCode>7290117907412</ItemCode>
      <ItemType>1</ItemType>
      <ItemName>זוג  רדידי  אלומניום</ItemName>
      <ManufacturerName>לא ידוע</ManufacturerName>
      <ManufactureCountry>לא ידוע</ManufactureCountry>
      <ManufacturerItemDescription>זוג  רדידי  אלומניום</ManufacturerItemDescription>
      <UnitQty>יחידה   </UnitQty>
      <Quantity>0.00</Quantity>
      <UnitOfMeasure>יחידה   </UnitOfMeasure>
      <bIsWeighted>0</bIsWeighted>
      <QtyInPackage>לא ידוע</QtyInPackage>
      <ItemPrice>15.90</ItemPrice>
      <UnitOfMeasurePrice>0.0000</UnitOfMeasurePrice>
      <AllowDiscount>1</AllowDiscount>
      <ItemStatus>1</ItemStatus>
      <ItemId>256595</ItemId>
    </Item>
    <Item>
      <PriceUpdateDate>2025-11-26 14:05:22</PriceUpdateDate>
      <ItemCode>8008660210106</ItemCode>
      <ItemType>1</ItemType>
      <ItemName>קונפיטורה משמש 260 ג</ItemName>
      <ManufacturerName>לא ידוע</ManufacturerName>
      <ManufactureCountry>לא ידוע</ManufactureCountry>
      <ManufacturerItemDescription>קונפיטורה משמש 260 ג</ManufacturerItemDescription>
      <UnitQty>לא ידוע</UnitQty>
      <Quantity>260.00</Quantity>
      <UnitOfMeasure>לא ידוע</UnitOfMeasure>
      <bIsWeighted>0</bIsWeighted>
      <QtyInPackage>לא ידוע</QtyInPackage>
      <ItemPrice>15.90</ItemPrice>
      <UnitOfMeasurePrice>0.0612</UnitOfMeasurePrice>
      <AllowDiscount>1</AllowDiscount>
      <ItemStatus>1</ItemStatus>
      <ItemId>256610</ItemId>
    </Item>
    <Item>
      <PriceUpdateDate>2025-11-26 14:05:22</PriceUpdateDate>
      <ItemCode>8008660210113</ItemCode>
      <ItemType>1</ItemType>
      <ItemName>קונפיטורה תות שדה 26</ItemName>
      <ManufacturerName>לא ידוע</ManufacturerName>
      <ManufactureCountry>לא ידוע</ManufactureCountry>
      <ManufacturerItemDescription>קונפיטורה תות שדה 26</ManufacturerItemDescription>
      <UnitQty>לא ידוע</UnitQty>
      <Quantity>260.00</Quantity>
      <UnitOfMeasure>לא ידוע</UnitOfMeasure>
      <bIsWeighted>0</bIsWeighted>
      <QtyInPackage>לא ידוע</QtyInPackage>
      <ItemPrice>15.90</ItemPrice>
      <UnitOfMeasurePrice>0.0612</UnitOfMeasurePrice>
      <AllowDiscount>1</AllowDiscount>
      <ItemStatus>1</ItemStatus>
      <ItemId>256611</ItemId>
    </Item>
    <Item>
      <PriceUpdateDate>2025-11-27 12:20:35</PriceUpdateDate>
      <ItemCode>7290020297082</ItemCode>
      <ItemType>1</ItemType>
      <ItemName>בייגלה שטוח חלבון קר</ItemName>
      <ManufacturerName>לא ידוע</ManufacturerName>
      <ManufactureCountry>לא ידוע</ManufactureCountry>
      <ManufacturerItemDescription>בייגלה שטוח חלבון קר</ManufacturerItemDescription>
      <UnitQty>לא ידוע</UnitQty>
      <Quantity>50.00</Quantity>
      <UnitOfMeasure>לא ידוע</UnitOfMeasure>
      <bIsWeighted>0</bIsWeighted>
      <QtyInPackage>לא ידוע</QtyInPackage>
      <ItemPrice>13.90</ItemPrice>
      <UnitOfMeasurePrice>0.2780</UnitOfMeasurePrice>
      <AllowDiscount>1</AllowDiscount>
      <ItemStatus>1</ItemStatus>
      <ItemId>256625</ItemId>
    </Item>
    <Item>
      <PriceUpdateDate>2025-11-27 12:20:35</PriceUpdateDate>
      <ItemCode>7290020297105</ItemCode>
      <ItemType>1</ItemType>
      <ItemName>בייגלה שטוח חלבון קר</ItemName>
      <ManufacturerName>לא ידוע</ManufacturerName>
      <ManufactureCountry>לא ידוע</ManufactureCountry>
      <ManufacturerItemDescription>בייגלה שטוח חלבון קר</ManufacturerItemDescription>
      <UnitQty>לא ידוע</UnitQty>
      <Quantity>50.00</Quantity>
      <UnitOfMeasure>לא ידוע</UnitOfMeasure>
      <bIsWeighted>0</bIsWeighted>
      <QtyInPackage>לא ידוע</QtyInPackage>
      <ItemPrice>13.90</ItemPrice>
      <UnitOfMeasurePrice>0.2780</UnitOfMeasurePrice>
      <AllowDiscount>1</AllowDiscount>
      <ItemStatus>1</ItemStatus>
      <ItemId>256626</ItemId>
    </Item>
    <Item>
      <PriceUpdateDate>2025-12-04 12:20:27</PriceUpdateDate>
      <ItemCode>7290121750172</ItemCode>
      <ItemType>1</ItemType>
      <ItemName>אל סבון ניחוח אבטיח</ItemName>
      <ManufacturerName>לא ידוע</ManufacturerName>
      <ManufactureCountry>לא ידוע</ManufactureCountry>
      <ManufacturerItemDescription>אל סבון ניחוח אבטיח</ManufacturerItemDescription>
      <UnitQty>לא ידוע</UnitQty>
      <Quantity>1000.00</Quantity>
      <UnitOfMeasure>לא ידוע</UnitOfMeasure>
      <bIsWeighted>0</bIsWeighted>
      <QtyInPackage>לא ידוע</QtyInPackage>
      <ItemPrice>13.90</ItemPrice>
      <UnitOfMeasurePrice>0.0139</UnitOfMeasurePrice>
      <AllowDiscount>1</AllowDiscount>
      <ItemStatus>1</ItemStatus>
      <ItemId>256713</ItemId>
    </Item>
    <Item>
      <PriceUpdateDate>2025-12-04 12:20:27</PriceUpdateDate>
      <ItemCode>7290121750189</ItemCode>
      <ItemType>1</ItemType>
      <ItemName>אל סבון ניחוח תפוח י</ItemName>
      <ManufacturerName>לא ידוע</ManufacturerName>
      <ManufactureCountry>לא ידוע</ManufactureCountry>
      <ManufacturerItemDescription>אל סבון ניחוח תפוח י</ManufacturerItemDescription>
      <UnitQty>לא ידוע</UnitQty>
      <Quantity>1000.00</Quantity>
      <UnitOfMeasure>לא ידוע</UnitOfMeasure>
      <bIsWeighted>0</bIsWeighted>
      <QtyInPackage>לא ידוע</QtyInPackage>
      <ItemPrice>13.90</ItemPrice>
      <UnitOfMeasurePrice>0.0139</UnitOfMeasurePrice>
      <AllowDiscount>1</AllowDiscount>
      <ItemStatus>1</ItemStatus>
      <ItemId>256714</ItemId>
    </Item>
    <Item>
      <PriceUpdateDate>2025-12-04 14:35:21</PriceUpdateDate>
      <ItemCode>7759152000194</ItemCode>
      <ItemType>1</ItemType>
      <ItemName>אוכמניות טריות 125גר</ItemName>
      <ManufacturerName>לא ידוע</ManufacturerName>
      <ManufactureCountry>ספרד</ManufactureCountry>
      <ManufacturerItemDescription>אוכמניות טריות 125גר</ManufacturerItemDescription>
      <UnitQty>לא ידוע</UnitQty>
      <Quantity>125.00</Quantity>
      <UnitOfMeasure>לא ידוע</UnitOfMeasure>
      <bIsWeighted>0</bIsWeighted>
      <QtyInPackage>לא ידוע</QtyInPackage>
      <ItemPrice>14.90</ItemPrice>
      <UnitOfMeasurePrice>0.1192</UnitOfMeasurePrice>
      <AllowDiscount>1</AllowDiscount>
      <ItemStatus>1</ItemStatus>
      <ItemId>256724</ItemId>
    </Item>
    <Item>
      <PriceUpdateDate>2025-12-10 11:20:24</PriceUpdateDate>
      <ItemCode>4003790023538</ItemCode>
      <ItemType>1</ItemType>
      <ItemName>וילדה אולטרה פרש - ס</ItemName>
      <ManufacturerName>לא ידוע</ManufacturerName>
      <ManufactureCountry>לא ידוע</ManufactureCountry>
      <ManufacturerItemDescription>וילדה אולטרה פרש - ס</ManufacturerItemDescription>
      <UnitQty>יחידה   </UnitQty>
      <Quantity>0.00</Quantity>
      <UnitOfMeasure>יחידה   </UnitOfMeasure>
      <bIsWeighted>0</bIsWeighted>
      <QtyInPackage>לא ידוע</QtyInPackage>
      <ItemPrice>16.90</ItemPrice>
      <UnitOfMeasurePrice>0.0000</UnitOfMeasurePrice>
      <AllowDiscount>1</AllowDiscount>
      <ItemStatus>1</ItemStatus>
      <ItemId>256800</ItemId>
    </Item>
    <Item>
      <PriceUpdateDate>2025-12-11 14:20:24</PriceUpdateDate>
      <ItemCode>7290101114819</ItemCode>
      <ItemType>1</ItemType>
      <ItemName>קרמבו מנבו קרמל מלוח</ItemName>
      <ManufacturerName>לא ידוע</ManufacturerName>
      <ManufactureCountry>לא ידוע</ManufactureCountry>
      <ManufacturerItemDescription>קרמבו מנבו קרמל מלוח</ManufacturerItemDescription>
      <UnitQty>לא ידוע</UnitQty>
      <Quantity>144.00</Quantity>
      <UnitOfMeasure>לא ידוע</UnitOfMeasure>
      <bIsWeighted>0</bIsWeighted>
      <QtyInPackage>לא ידוע</QtyInPackage>
      <ItemPrice>18.90</ItemPrice>
      <UnitOfMeasurePrice>0.1312</UnitOfMeasurePrice>
      <AllowDiscount>1</AllowDiscount>
      <ItemStatus>1</ItemStatus>
      <ItemId>256822</ItemId>
    </Item>
    <Item>
      <PriceUpdateDate>2025-12-11 14:50:18</PriceUpdateDate>
      <ItemCode>8000500447130</ItemCode>
      <ItemType>1</ItemType>
      <ItemName>קינדר קינדריני  T(2X</ItemName>
      <ManufacturerName>לא ידוע</ManufacturerName>
      <ManufactureCountry>לא ידוע</ManufactureCountry>
      <ManufacturerItemDescription>קינדר קינדריני  T(2X</ManufacturerItemDescription>
      <UnitQty>לא ידוע</UnitQty>
      <Quantity>100.00</Quantity>
      <UnitOfMeasure>לא ידוע</UnitOfMeasure>
      <bIsWeighted>0</bIsWeighted>
      <QtyInPackage>לא ידוע</QtyInPackage>
      <ItemPrice>11.90</ItemPrice>
      <UnitOfMeasurePrice>0.1190</UnitOfMeasurePrice>
      <AllowDiscount>1</AllowDiscount>
      <ItemStatus>1</ItemStatus>
      <ItemId>256825</ItemId>
    </Item>
    <Item>
      <PriceUpdateDate>2025-12-16 11:25:02</PriceUpdateDate>
      <ItemCode>7290116935805</ItemCode>
      <ItemType>1</ItemType>
      <ItemName>יוגורט תות נטול לקטו</ItemName>
      <ManufacturerName>קריות זול</ManufacturerName>
      <ManufactureCountry>לא ידוע</ManufactureCountry>
      <ManufacturerItemDescription>יוגורט תות נטול לקטו</ManufacturerItemDescription>
      <UnitQty>לא ידוע</UnitQty>
      <Quantity>150.00</Quantity>
      <UnitOfMeasure>לא ידוע</UnitOfMeasure>
      <bIsWeighted>0</bIsWeighted>
      <QtyInPackage>לא ידוע</QtyInPackage>
      <ItemPrice>6.50</ItemPrice>
      <UnitOfMeasurePrice>0.0433</UnitOfMeasurePrice>
      <AllowDiscount>1</AllowDiscount>
      <ItemStatus>1</ItemStatus>
      <ItemId>256849</ItemId>
    </Item>
    <Item>
      <PriceUpdateDate>2025-08-26 16:15:50</PriceUpdateDate>
      <ItemCode>7290000060842</ItemCode>
      <ItemType>1</ItemType>
      <ItemName>פסטה צדפים גדולים אס</ItemName>
      <ManufacturerName>קריות זול</ManufacturerName>
      <ManufactureCountry>לא ידוע</ManufactureCountry>
      <ManufacturerItemDescription>פסטה צדפים גדולים אס</ManufacturerItemDescription>
      <UnitQty>לא ידוע</UnitQty>
      <Quantity>500.00</Quantity>
      <UnitOfMeasure>לא ידוע</UnitOfMeasure>
      <bIsWeighted>0</bIsWeighted>
      <QtyInPackage>לא ידוע</QtyInPackage>
      <ItemPrice>7.50</ItemPrice>
      <UnitOfMeasurePrice>0.0150</UnitOfMeasurePrice>
      <AllowDiscount>1</AllowDiscount>
      <ItemStatus>1</ItemStatus>
      <ItemId>134903</ItemId>
    </Item>
    <Item>
      <PriceUpdateDate>2025-08-26 16:15:50</PriceUpdateDate>
      <ItemCode>7290000060859</ItemCode>
      <ItemType>1</ItemType>
      <ItemName>אסם פסטה צדפים קטנים</ItemName>
      <ManufacturerName>קריות זול</ManufacturerName>
      <ManufactureCountry>לא ידוע</ManufactureCountry>
      <ManufacturerItemDescription>אסם פסטה צדפים קטנים</ManufacturerItemDescription>
      <UnitQty>לא ידוע</UnitQty>
      <Quantity>500.00</Quantity>
      <UnitOfMeasure>לא ידוע</UnitOfMeasure>
      <bIsWeighted>0</bIsWeighted>
      <QtyInPackage>לא ידוע</QtyInPackage>
      <ItemPrice>8.00</ItemPrice>
      <UnitOfMeasurePrice>0.0160</UnitOfMeasurePrice>
      <AllowDiscount>1</AllowDiscount>
      <ItemStatus>1</ItemStatus>
      <ItemId>134904</ItemId>
    </Item>
    <Item>
      <PriceUpdateDate>2025-08-26 16:15:50</PriceUpdateDate>
      <ItemCode>7290000060880</ItemCode>
      <ItemType>1</ItemType>
      <ItemName>פסטה ספגטי אסם 500גר</ItemName>
      <ManufacturerName>קריות זול</ManufacturerName>
      <ManufactureCountry>לא ידוע</ManufactureCountry>
      <ManufacturerItemDescription>פסטה ספגטי אסם 500גר</ManufacturerItemDescription>
      <UnitQty>לא ידוע</UnitQty>
      <Quantity>500.00</Quantity>
      <UnitOfMeasure>לא ידוע</UnitOfMeasure>
      <bIsWeighted>0</bIsWeighted>
      <QtyInPackage>לא ידוע</QtyInPackage>
      <ItemPrice>7.50</ItemPrice>
      <UnitOfMeasurePrice>0.0150</UnitOfMeasurePrice>
      <AllowDiscount>1</AllowDiscount>
      <ItemStatus>1</ItemStatus>
      <ItemId>134906</ItemId>
    </Item>
    <Item>
      <PriceUpdateDate>2025-08-26 16:15:51</PriceUpdateDate>
      <ItemCode>7290000060903</ItemCode>
      <ItemType>1</ItemType>
      <ItemName>פתיתים אפויים אורז א</ItemName>
      <ManufacturerName>קריות זול</ManufacturerName>
      <ManufactureCountry>לא ידוע</ManufactureCountry>
      <ManufacturerItemDescription>פתיתים אפויים אורז א</ManufacturerItemDescription>
      <UnitQty>לא ידוע</UnitQty>
      <Quantity>500.00</Quantity>
      <UnitOfMeasure>לא ידוע</UnitOfMeasure>
      <bIsWeighted>0</bIsWeighted>
      <QtyInPackage>לא ידוע</QtyInPackage>
      <ItemPrice>8.90</ItemPrice>
      <UnitOfMeasurePrice>0.0178</UnitOfMeasurePrice>
      <AllowDiscount>1</AllowDiscount>
      <ItemStatus>1</ItemStatus>
      <ItemId>134907</ItemId>
    </Item>
    <Item>
      <PriceUpdateDate>2025-08-26 16:15:51</PriceUpdateDate>
      <ItemCode>7290000060958</ItemCode>
      <ItemType>1</ItemType>
      <ItemName>אטריות בינוניות אסם</ItemName>
      <ManufacturerName>קריות זול</ManufacturerName>
      <ManufactureCountry>לא ידוע</ManufactureCountry>
      <ManufacturerItemDescription>אטריות בינוניות אסם</ManufacturerItemDescription>
      <UnitQty>לא ידוע</UnitQty>
      <Quantity>400.00</Quantity>
      <UnitOfMeasure>לא ידוע</UnitOfMeasure>
      <bIsWeighted>0</bIsWeighted>
      <QtyInPackage>לא ידוע</QtyInPackage>
      <ItemPrice>9.90</ItemPrice>
      <UnitOfMeasurePrice>0.0248</UnitOfMeasurePrice>
      <AllowDiscount>1</AllowDiscount>
      <ItemStatus>1</ItemStatus>
      <ItemId>134910</ItemId>
    </Item>
    <Item>
      <PriceUpdateDate>2025-08-26 16:15:51</PriceUpdateDate>
      <ItemCode>7290000060965</ItemCode>
      <ItemType>1</ItemType>
      <ItemName>אטריות רחבות אסם 400</ItemName>
      <ManufacturerName>קריות זול</ManufacturerName>
      <ManufactureCountry>לא ידוע</ManufactureCountry>
      <ManufacturerItemDescription>אטריות רחבות אסם 400</ManufacturerItemDescription>
      <UnitQty>לא ידוע</UnitQty>
      <Quantity>400.00</Quantity>
      <UnitOfMeasure>לא ידוע</UnitOfMeasure>
      <bIsWeighted>0</bIsWeighted>
      <QtyInPackage>לא ידוע</QtyInPackage>
      <ItemPrice>9.90</ItemPrice>
      <UnitOfMeasurePrice>0.0248</UnitOfMeasurePrice>
      <AllowDiscount>1</AllowDiscount>
      <ItemStatus>1</ItemStatus>
      <ItemId>134911</ItemId>
    </Item>
    <Item>
      <PriceUpdateDate>2025-08-26 16:15:51</PriceUpdateDate>
      <ItemCode>7290000060972</ItemCode>
      <ItemType>1</ItemType>
      <ItemName>אטריות דקיקות אסם 40</ItemName>
      <ManufacturerName>קריות זול</ManufacturerName>
      <ManufactureCountry>לא ידוע</ManufactureCountry>
      <ManufacturerItemDescription>אטריות דקיקות אסם 40</ManufacturerItemDescription>
      <UnitQty>לא ידוע</UnitQty>
      <Quantity>400.00</Quantity>
      <UnitOfMeasure>לא ידוע</UnitOfMeasure>
      <bIsWeighted>0</bIsWeighted>
      <QtyInPackage>לא ידוע</QtyInPackage>
      <ItemPrice>9.90</ItemPrice>
      <UnitOfMeasurePrice>0.0248</UnitOfMeasurePrice>
      <AllowDiscount>1</AllowDiscount>
      <ItemStatus>1</ItemStatus>
      <ItemId>134912</ItemId>
    </Item>
    <Item>
      <PriceUpdateDate>2025-08-26 16:15:51</PriceUpdateDate>
      <ItemCode>7290000061061</ItemCode>
      <ItemType>1</ItemType>
      <ItemName>אסם קרקר בצל 250 גרם</ItemName>
      <ManufacturerName>קריות זול</ManufacturerName>
      <ManufactureCountry>לא ידוע</ManufactureCountry>
      <ManufacturerItemDescription>אסם קרקר בצל 250 גרם</ManufacturerItemDescription>
      <UnitQty>לא ידוע</UnitQty>
      <Quantity>250.00</Quantity>
      <UnitOfMeasure>לא ידוע</UnitOfMeasure>
      <bIsWeighted>0</bIsWeighted>
      <QtyInPackage>לא ידוע</QtyInPackage>
      <ItemPrice>12.50</ItemPrice>
      <UnitOfMeasurePrice>0.0500</UnitOfMeasurePrice>
      <AllowDiscount>1</AllowDiscount>
      <ItemStatus>1</ItemStatus>
      <ItemId>134913</ItemId>
    </Item>
    <Item>
      <PriceUpdateDate>2025-08-26 16:15:52</PriceUpdateDate>
      <ItemCode>7290000061085</ItemCode>
      <ItemType>1</ItemType>
      <ItemName>רוטב צילי מתוק אסם 2</ItemName>
      <ManufacturerName>קריות זול</ManufacturerName>
      <ManufactureCountry>לא ידוע</ManufactureCountry>
      <ManufacturerItemDescription>רוטב צילי מתוק אסם 2</ManufacturerItemDescription>
      <UnitQty>לא ידוע</UnitQty>
      <Quantity>290.00</Quantity>
      <UnitOfMeasure>לא ידוע</UnitOfMeasure>
      <bIsWeighted>0</bIsWeighted>
      <QtyInPackage>לא ידוע</QtyInPackage>
      <ItemPrice>16.50</ItemPrice>
      <UnitOfMeasurePrice>0.0569</UnitOfMeasurePrice>
      <AllowDiscount>1</AllowDiscount>
      <ItemStatus>1</ItemStatus>
      <ItemId>134915</ItemId>
    </Item>
    <Item>
      <PriceUpdateDate>2025-08-26 16:15:52</PriceUpdateDate>
      <ItemCode>7290000061108</ItemCode>
      <ItemType>1</ItemType>
      <ItemName>רוטב טריאקי אסם 290מ</ItemName>
      <ManufacturerName>קריות זול</ManufacturerName>
      <ManufactureCountry>לא ידוע</ManufactureCountry>
      <ManufacturerItemDescription>רוטב טריאקי אסם 290מ</ManufacturerItemDescription>
      <UnitQty>לא ידוע</UnitQty>
      <Quantity>290.00</Quantity>
      <UnitOfMeasure>לא ידוע</UnitOfMeasure>
      <bIsWeighted>0</bIsWeighted>
      <QtyInPackage>לא ידוע</QtyInPackage>
      <ItemPrice>16.50</ItemPrice>
      <UnitOfMeasurePrice>0.0569</UnitOfMeasurePrice>
      <AllowDiscount>1</AllowDiscount>
      <ItemStatus>1</ItemStatus>
      <ItemId>134916</ItemId>
    </Item>
    <Item>
      <PriceUpdateDate>2025-08-26 16:15:52</PriceUpdateDate>
      <ItemCode>7290000061214</ItemCode>
      <ItemType>1</ItemType>
      <ItemName>פתיתים אפויים קוסקוס</ItemName>
      <ManufacturerName>לא ידוע</ManufacturerName>
      <ManufactureCountry>לא ידוע</ManufactureCountry>
      <ManufacturerItemDescription>פתיתים אפויים קוסקוס</ManufacturerItemDescription>
      <UnitQty>לא ידוע</UnitQty>
      <Quantity>500.00</Quantity>
      <UnitOfMeasure>לא ידוע</UnitOfMeasure>
      <bIsWeighted>0</bIsWeighted>
      <QtyInPackage>לא ידוע</QtyInPackage>
      <ItemPrice>8.90</ItemPrice>
      <UnitOfMeasurePrice>0.0178</UnitOfMeasurePrice>
      <AllowDiscount>1</AllowDiscount>
      <ItemStatus>1</ItemStatus>
      <ItemId>134918</ItemId>
    </Item>
    <Item>
      <PriceUpdateDate>2025-08-26 16:15:53</PriceUpdateDate>
      <ItemCode>7290000061450</ItemCode>
      <ItemType>1</ItemType>
      <ItemName>פתיתים אפויים קוסקוס</ItemName>
      <ManufacturerName>לא ידוע</ManufacturerName>
      <ManufactureCountry>לא ידוע</ManufactureCountry>
      <ManufacturerItemDescription>פתיתים אפויים קוסקוס</ManufacturerItemDescription>
      <UnitQty>לא ידוע</UnitQty>
      <Quantity>500.00</Quantity>
      <UnitOfMeasure>לא ידוע</UnitOfMeasure>
      <bIsWeighted>0</bIsWeighted>
      <QtyInPackage>לא ידוע</QtyInPackage>
      <ItemPrice>8.90</ItemPrice>
      <UnitOfMeasurePrice>0.0178</UnitOfMeasurePrice>
      <AllowDiscount>1</AllowDiscount>
      <ItemStatus>1</ItemStatus>
      <ItemId>134923</ItemId>
    </Item>
    <Item>
      <PriceUpdateDate>2025-08-26 16:15:53</PriceUpdateDate>
      <ItemCode>7290000061764</ItemCode>
      <ItemType>1</ItemType>
      <ItemName>רד מאג נסקפה 200גר</ItemName>
      <ManufacturerName>קריות זול</ManufacturerName>
      <ManufactureCountry>לא ידוע</ManufactureCountry>
      <ManufacturerItemDescription>רד מאג נסקפה 200גר</ManufacturerItemDescription>
      <UnitQty>לא ידוע</UnitQty>
      <Quantity>200.00</Quantity>
      <UnitOfMeasure>לא ידוע</UnitOfMeasure>
      <bIsWeighted>0</bIsWeighted>
      <QtyInPackage>לא ידוע</QtyInPackage>
      <ItemPrice>30.90</ItemPrice>
      <UnitOfMeasurePrice>0.1545</UnitOfMeasurePrice>
      <AllowDiscount>1</AllowDiscount>
      <ItemStatus>1</ItemStatus>
      <ItemId>134932</ItemId>
    </Item>
    <Item>
      <PriceUpdateDate>2025-08-26 16:15:53</PriceUpdateDate>
      <ItemCode>7290000062242</ItemCode>
      <ItemType>1</ItemType>
      <ItemName>דובונים 40 גרם שמנת</ItemName>
      <ManufacturerName>קריות זול</ManufacturerName>
      <ManufactureCountry>לא ידוע</ManufactureCountry>
      <ManufacturerItemDescription>דובונים 40 גרם שמנת</ManufacturerItemDescription>
      <UnitQty>לא ידוע</UnitQty>
      <Quantity>40.00</Quantity>
      <UnitOfMeasure>לא ידוע</UnitOfMeasure>
      <bIsWeighted>0</bIsWeighted>
      <QtyInPackage>לא ידוע</QtyInPackage>
      <ItemPrice>6.90</ItemPrice>
      <UnitOfMeasurePrice>0.1725</UnitOfMeasurePrice>
      <AllowDiscount>1</AllowDiscount>
      <ItemStatus>1</ItemStatus>
      <ItemId>134942</ItemId>
    </Item>
    <Item>
      <PriceUpdateDate>2025-08-26 16:15:54</PriceUpdateDate>
      <ItemCode>7290000062952</ItemCode>
      <ItemType>1</ItemType>
      <ItemName>אסם מיני קרוטונים למ</ItemName>
      <ManufacturerName>לא ידוע</ManufacturerName>
      <ManufactureCountry>לא ידוע</ManufactureCountry>
      <ManufacturerItemDescription>אסם מיני קרוטונים למ</ManufacturerItemDescription>
      <UnitQty>לא ידוע</UnitQty>
      <Quantity>250.00</Quantity>
      <UnitOfMeasure>לא ידוע</UnitOfMeasure>
      <bIsWeighted>0</bIsWeighted>
      <QtyInPackage>לא ידוע</QtyInPackage>
      <ItemPrice>18.90</ItemPrice>
      <UnitOfMeasurePrice>0.0756</UnitOfMeasurePrice>
      <AllowDiscount>1</AllowDiscount>
      <ItemStatus>1</ItemStatus>
      <ItemId>134949</ItemId>
    </Item>
    <Item>
      <PriceUpdateDate>2025-08-26 16:15:54</PriceUpdateDate>
      <ItemCode>7290000064758</ItemCode>
      <ItemType>1</ItemType>
      <ItemName>קוסקוס בינוני אסם 35</ItemName>
      <ManufacturerName>קריות זול</ManufacturerName>
      <ManufactureCountry>לא ידוע</ManufactureCountry>
      <ManufacturerItemDescription>קוסקוס בינוני אסם 35</ManufacturerItemDescription>
      <UnitQty>לא ידוע</UnitQty>
      <Quantity>350.00</Quantity>
      <UnitOfMeasure>לא ידוע</UnitOfMeasure>
      <bIsWeighted>0</bIsWeighted>
      <QtyInPackage>לא ידוע</QtyInPackage>
      <ItemPrice>9.90</ItemPrice>
      <UnitOfMeasurePrice>0.0283</UnitOfMeasurePrice>
      <AllowDiscount>1</AllowDiscount>
      <ItemStatus>1</ItemStatus>
      <ItemId>134990</ItemId>
    </Item>
    <Item>
      <PriceUpdateDate>2025-07-01 16:32:14</PriceUpdateDate>
      <ItemCode>7290000065090</ItemCode>
      <ItemType>1</ItemType>
      <ItemName>מיני קורטונים למרק ו</ItemName>
      <ManufacturerName>קריות זול</ManufacturerName>
      <ManufactureCountry>לא ידוע</ManufactureCountry>
      <ManufacturerItemDescription>מיני קורטונים למרק ו</ManufacturerItemDescription>
      <UnitQty>לא ידוע</UnitQty>
      <Quantity>400.00</Quantity>
      <UnitOfMeasure>לא ידוע</UnitOfMeasure>
      <bIsWeighted>0</bIsWeighted>
      <QtyInPackage>לא ידוע</QtyInPackage>
      <ItemPrice>31.90</ItemPrice>
      <UnitOfMeasurePrice>0.0797</UnitOfMeasurePrice>
      <AllowDiscount>1</AllowDiscount>
      <ItemStatus>1</ItemStatus>
      <ItemId>134998</ItemId>
    </Item>
    <Item>
      <PriceUpdateDate>2025-08-26 16:15:55</PriceUpdateDate>
      <ItemCode>7290000065335</ItemCode>
      <ItemType>1</ItemType>
      <ItemName>מנה חמה אסם פירה עם</ItemName>
      <ManufacturerName>קריות זול</ManufacturerName>
      <ManufactureCountry>לא ידוע</ManufactureCountry>
      <ManufacturerItemDescription>מנה חמה אסם פירה עם</ManufacturerItemDescription>
      <UnitQty>לא ידוע</UnitQty>
      <Quantity>55.00</Quantity>
      <UnitOfMeasure>לא ידוע</UnitOfMeasure>
      <bIsWeighted>0</bIsWeighted>
      <QtyInPackage>לא ידוע</QtyInPackage>
      <ItemPrice>9.90</ItemPrice>
      <UnitOfMeasurePrice>0.1800</UnitOfMeasurePrice>
      <AllowDiscount>1</AllowDiscount>
      <ItemStatus>1</ItemStatus>
      <ItemId>135001</ItemId>
    </Item>
    <Item>
      <PriceUpdateDate>2025-08-26 16:15:55</PriceUpdateDate>
      <ItemCode>7290000065540</ItemCode>
      <ItemType>1</ItemType>
      <ItemName>מנה חמה אסם פסטה מוק</ItemName>
      <ManufacturerName>קריות זול</ManufacturerName>
      <ManufactureCountry>לא ידוע</ManufactureCountry>
      <ManufacturerItemDescription>מנה חמה אסם פסטה מוק</ManufacturerItemDescription>
      <UnitQty>לא ידוע</UnitQty>
      <Quantity>55.00</Quantity>
      <UnitOfMeasure>לא ידוע</UnitOfMeasure>
      <bIsWeighted>0</bIsWeighted>
      <QtyInPackage>לא ידוע</QtyInPackage>
      <ItemPrice>9.90</ItemPrice>
      <UnitOfMeasurePrice>0.1800</UnitOfMeasurePrice>
      <AllowDiscount>1</AllowDiscount>
      <ItemStatus>1</ItemStatus>
      <ItemId>135002</ItemId>
    </Item>
    <Item>
      <PriceUpdateDate>2025-08-26 16:15:55</PriceUpdateDate>
      <ItemCode>7290000065557</ItemCode>
      <ItemType>1</ItemType>
      <ItemName>מנה חמה אסם קוסקוס ע</ItemName>
      <ManufacturerName>קריות זול</ManufacturerName>
      <ManufactureCountry>לא ידוע</ManufactureCountry>
      <ManufacturerItemDescription>מנה חמה אסם קוסקוס ע</ManufacturerItemDescription>
      <UnitQty>לא ידוע</UnitQty>
      <Quantity>84.00</Quantity>
      <UnitOfMeasure>לא ידוע</UnitOfMeasure>
      <bIsWeighted>0</bIsWeighted>
      <QtyInPackage>לא ידוע</QtyInPackage>
      <ItemPrice>9.90</ItemPrice>
      <UnitOfMeasurePrice>0.1179</UnitOfMeasurePrice>
      <AllowDiscount>1</AllowDiscount>
      <ItemStatus>1</ItemStatus>
      <ItemId>135003</ItemId>
    </Item>
    <Item>
      <PriceUpdateDate>2025-08-26 16:15:56</PriceUpdateDate>
      <ItemCode>7290000066141</ItemCode>
      <ItemType>1</ItemType>
      <ItemName>ביסלי בטעם גריל אסם</ItemName>
      <ManufacturerName>קריות זול</ManufacturerName>
      <ManufactureCountry>לא ידוע</ManufactureCountry>
      <ManufacturerItemDescription>ביסלי בטעם גריל אסם</ManufacturerItemDescription>
      <UnitQty>לא ידוע</UnitQty>
      <Quantity>70.00</Quantity>
      <UnitOfMeasure>לא ידוע</UnitOfMeasure>
      <bIsWeighted>0</bIsWeighted>
      <QtyInPackage>לא ידוע</QtyInPackage>
      <ItemPrice>6.90</ItemPrice>
      <UnitOfMeasurePrice>0.0986</UnitOfMeasurePrice>
      <AllowDiscount>1</AllowDiscount>
      <ItemStatus>1</ItemStatus>
      <ItemId>135018</ItemId>
    </Item>
    <Item>
      <PriceUpdateDate>2025-08-26 16:15:56</PriceUpdateDate>
      <ItemCode>7290000066172</ItemCode>
      <ItemType>1</ItemType>
      <ItemName>ביסלי בטעם פיצה אסם</ItemName>
      <ManufacturerName>קריות זול</ManufacturerName>
      <ManufactureCountry>לא ידוע</ManufactureCountry>
      <ManufacturerItemDescription>ביסלי בטעם פיצה אסם</ManufacturerItemDescription>
      <UnitQty>לא ידוע</UnitQty>
      <Quantity>70.00</Quantity>
      <UnitOfMeasure>לא ידוע</UnitOfMeasure>
      <bIsWeighted>0</bIsWeighted>
      <QtyInPackage>לא ידוע</QtyInPackage>
      <ItemPrice>6.90</ItemPrice>
      <UnitOfMeasurePrice>0.0986</UnitOfMeasurePrice>
      <AllowDiscount>1</AllowDiscount>
      <ItemStatus>1</ItemStatus>
      <ItemId>135021</ItemId>
    </Item>
    <Item>
      <PriceUpdateDate>2025-08-26 16:15:56</PriceUpdateDate>
      <ItemCode>7290000066189</ItemCode>
      <ItemType>1</ItemType>
      <ItemName>ביסלי גדול פלאפל אסם</ItemName>
      <ManufacturerName>קריות זול</ManufacturerName>
      <ManufactureCountry>לא ידוע</ManufactureCountry>
      <ManufacturerItemDescription>ביסלי גדול פלאפל אסם</ManufacturerItemDescription>
      <UnitQty>לא ידוע</UnitQty>
      <Quantity>200.00</Quantity>
      <UnitOfMeasure>לא ידוע</UnitOfMeasure>
      <bIsWeighted>0</bIsWeighted>
      <QtyInPackage>לא ידוע</QtyInPackage>
      <ItemPrice>11.90</ItemPrice>
      <UnitOfMeasurePrice>0.0595</UnitOfMeasurePrice>
      <AllowDiscount>1</AllowDiscount>
      <ItemStatus>1</ItemStatus>
      <ItemId>135022</ItemId>
    </Item>
    <Item>
      <PriceUpdateDate>2025-08-26 16:15:56</PriceUpdateDate>
      <ItemCode>7290000066196</ItemCode>
      <ItemType>1</ItemType>
      <ItemName>ביסלי גדול טעם גריל</ItemName>
      <ManufacturerName>קריות זול</ManufacturerName>
      <ManufactureCountry>לא ידוע</ManufactureCountry>
      <ManufacturerItemDescription>ביסלי גדול טעם גריל</ManufacturerItemDescription>
      <UnitQty>לא ידוע</UnitQty>
      <Quantity>200.00</Quantity>
      <UnitOfMeasure>לא ידוע</UnitOfMeasure>
      <bIsWeighted>0</bIsWeighted>
      <QtyInPackage>לא ידוע</QtyInPackage>
      <ItemPrice>11.90</ItemPrice>
      <UnitOfMeasurePrice>0.0595</UnitOfMeasurePrice>
      <AllowDiscount>1</AllowDiscount>
      <ItemStatus>1</ItemStatus>
      <ItemId>135023</ItemId>
    </Item>
    <Item>
      <PriceUpdateDate>2025-08-26 16:15:57</PriceUpdateDate>
      <ItemCode>7290000066264</ItemCode>
      <ItemType>1</ItemType>
      <ItemName>דובונים אסם 40גר</ItemName>
      <ManufacturerName>קריות זול</ManufacturerName>
      <ManufactureCountry>לא ידוע</ManufactureCountry>
      <ManufacturerItemDescription>דובונים אסם 40גר</ManufacturerItemDescription>
      <UnitQty>לא ידוע</UnitQty>
      <Quantity>40.00</Quantity>
      <UnitOfMeasure>לא ידוע</UnitOfMeasure>
      <bIsWeighted>0</bIsWeighted>
      <QtyInPackage>לא ידוע</QtyInPackage>
      <ItemPrice>6.90</ItemPrice>
      <UnitOfMeasurePrice>0.1725</UnitOfMeasurePrice>
      <AllowDiscount>1</AllowDiscount>
      <ItemStatus>1</ItemStatus>
      <ItemId>135027</ItemId>
    </Item>
    <Item>
      <PriceUpdateDate>2025-07-01 16:32:16</PriceUpdateDate>
      <ItemCode>7290000066295</ItemCode>
      <ItemType>1</ItemType>
      <ItemName>במבה תות מחומרים טבע</ItemName>
      <ManufacturerName>קריות זול</ManufacturerName>
      <ManufactureCountry>לא ידוע</ManufactureCountry>
      <ManufacturerItemDescription>במבה תות מחומרים טבע</ManufacturerItemDescription>
      <UnitQty>לא ידוע</UnitQty>
      <Quantity>30.00</Quantity>
      <UnitOfMeasure>לא ידוע</UnitOfMeasure>
      <bIsWeighted>0</bIsWeighted>
      <QtyInPackage>לא ידוע</QtyInPackage>
      <ItemPrice>4.90</ItemPrice>
      <UnitOfMeasurePrice>0.1633</UnitOfMeasurePrice>
      <AllowDiscount>1</AllowDiscount>
      <ItemStatus>1</ItemStatus>
      <ItemId>135028</ItemId>
    </Item>
    <Item>
      <PriceUpdateDate>2025-07-01 16:32:16</PriceUpdateDate>
      <ItemCode>7290000066318</ItemCode>
      <ItemType>1</ItemType>
      <ItemName>במבה אסם 80 גרם</ItemName>
      <ManufacturerName>קריות זול</ManufacturerName>
      <ManufactureCountry>לא ידוע</ManufactureCountry>
      <ManufacturerItemDescription>במבה אסם 80 גרם</ManufacturerItemDescription>
      <UnitQty>לא ידוע</UnitQty>
      <Quantity>80.00</Quantity>
      <UnitOfMeasure>לא ידוע</UnitOfMeasure>
      <bIsWeighted>0</bIsWeighted>
      <QtyInPackage>לא ידוע</QtyInPackage>
      <ItemPrice>6.90</ItemPrice>
      <UnitOfMeasurePrice>0.0863</UnitOfMeasurePrice>
      <AllowDiscount>1</AllowDiscount>
      <ItemStatus>1</ItemStatus>
      <ItemId>135030</ItemId>
    </Item>
    <Item>
      <PriceUpdateDate>2025-08-26 16:15:57</PriceUpdateDate>
      <ItemCode>7290000066332</ItemCode>
      <ItemType>1</ItemType>
      <ItemName>אפרופו אסם 50גר</ItemName>
      <ManufacturerName>קריות זול</ManufacturerName>
      <ManufactureCountry>לא ידוע</ManufactureCountry>
      <ManufacturerItemDescription>אפרופו אסם 50גר</ManufacturerItemDescription>
      <UnitQty>לא ידוע</UnitQty>
      <Quantity>50.00</Quantity>
      <UnitOfMeasure>לא ידוע</UnitOfMeasure>
      <bIsWeighted>0</bIsWeighted>
      <QtyInPackage>לא ידוע</QtyInPackage>
      <ItemPrice>6.90</ItemPrice>
      <UnitOfMeasurePrice>0.1380</UnitOfMeasurePrice>
      <AllowDiscount>1</AllowDiscount>
      <ItemStatus>1</ItemStatus>
      <ItemId>135031</ItemId>
    </Item>
    <Item>
      <PriceUpdateDate>2025-07-01 16:32:17</PriceUpdateDate>
      <ItemCode>7290000066431</ItemCode>
      <ItemType>1</ItemType>
      <ItemName>פופקו חטיף אסם 80גר</ItemName>
      <ManufacturerName>קריות זול</ManufacturerName>
      <ManufactureCountry>לא ידוע</ManufactureCountry>
      <ManufacturerItemDescription>פופקו חטיף אסם 80גר</ManufacturerItemDescription>
      <UnitQty>לא ידוע</UnitQty>
      <Quantity>80.00</Quantity>
      <UnitOfMeasure>לא ידוע</UnitOfMeasure>
      <bIsWeighted>0</bIsWeighted>
      <QtyInPackage>לא ידוע</QtyInPackage>
      <ItemPrice>7.90</ItemPrice>
      <UnitOfMeasurePrice>0.0988</UnitOfMeasurePrice>
      <AllowDiscount>1</AllowDiscount>
      <ItemStatus>1</ItemStatus>
      <ItemId>135034</ItemId>
    </Item>
    <Item>
      <PriceUpdateDate>2025-09-08 07:59:21</PriceUpdateDate>
      <ItemCode>835811003700</ItemCode>
      <ItemType>1</ItemType>
      <ItemName>סודה לשתייה 250 גרם</ItemName>
      <ManufacturerName>לא ידוע</ManufacturerName>
      <ManufactureCountry>לא ידוע</ManufactureCountry>
      <ManufacturerItemDescription>סודה לשתייה 250 גרם</ManufacturerItemDescription>
      <UnitQty>לא ידוע</UnitQty>
      <Quantity>250.00</Quantity>
      <UnitOfMeasure>לא ידוע</UnitOfMeasure>
      <bIsWeighted>0</bIsWeighted>
      <QtyInPackage>לא ידוע</QtyInPackage>
      <ItemPrice>8.90</ItemPrice>
      <UnitOfMeasurePrice>0.0356</UnitOfMeasurePrice>
      <AllowDiscount>1</AllowDiscount>
      <ItemStatus>1</ItemStatus>
      <ItemId>245853</ItemId>
    </Item>
    <Item>
      <PriceUpdateDate>2025-08-26 16:15:59</PriceUpdateDate>
      <ItemCode>7290000067599</ItemCode>
      <ItemType>1</ItemType>
      <ItemName>מנה חמה אסם ספגטי רו</ItemName>
      <ManufacturerName>קריות זול</ManufacturerName>
      <ManufactureCountry>לא ידוע</ManufactureCountry>
      <ManufacturerItemDescription>מנה חמה אסם ספגטי רו</ManufacturerItemDescription>
      <UnitQty>לא ידוע</UnitQty>
      <Quantity>65.00</Quantity>
      <UnitOfMeasure>לא ידוע</UnitOfMeasure>
      <bIsWeighted>0</bIsWeighted>
      <QtyInPackage>לא ידוע</QtyInPackage>
      <ItemPrice>9.90</ItemPrice>
      <UnitOfMeasurePrice>0.1523</UnitOfMeasurePrice>
      <AllowDiscount>1</AllowDiscount>
      <ItemStatus>1</ItemStatus>
      <ItemId>135061</ItemId>
    </Item>
    <Item>
      <PriceUpdateDate>2025-08-26 16:15:59</PriceUpdateDate>
      <ItemCode>7290000068138</ItemCode>
      <ItemType>1</ItemType>
      <ItemName>פודינג וניל אסם 80גר</ItemName>
      <ManufacturerName>קריות זול</ManufacturerName>
      <ManufactureCountry>לא ידוע</ManufactureCountry>
      <ManufacturerItemDescription>פודינג וניל אסם 80גר</ManufacturerItemDescription>
      <UnitQty>לא ידוע</UnitQty>
      <Quantity>80.00</Quantity>
      <UnitOfMeasure>לא ידוע</UnitOfMeasure>
      <bIsWeighted>0</bIsWeighted>
      <QtyInPackage>לא ידוע</QtyInPackage>
      <ItemPrice>6.50</ItemPrice>
      <UnitOfMeasurePrice>0.0813</UnitOfMeasurePrice>
      <AllowDiscount>1</AllowDiscount>
      <ItemStatus>1</ItemStatus>
      <ItemId>135070</ItemId>
    </Item>
    <Item>
      <PriceUpdateDate>2025-08-26 16:16:00</PriceUpdateDate>
      <ItemCode>7290000068190</ItemCode>
      <ItemType>1</ItemType>
      <ItemName>ג'לי תות אסם 85 גר</ItemName>
      <ManufacturerName>קריות זול</ManufacturerName>
      <ManufactureCountry>לא ידוע</ManufactureCountry>
      <ManufacturerItemDescription>ג'לי תות אסם 85 גר</ManufacturerItemDescription>
      <UnitQty>לא ידוע</UnitQty>
      <Quantity>85.00</Quantity>
      <UnitOfMeasure>לא ידוע</UnitOfMeasure>
      <bIsWeighted>0</bIsWeighted>
      <QtyInPackage>לא ידוע</QtyInPackage>
      <ItemPrice>8.90</ItemPrice>
      <UnitOfMeasurePrice>0.1047</UnitOfMeasurePrice>
      <AllowDiscount>1</AllowDiscount>
      <ItemStatus>1</ItemStatus>
      <ItemId>135074</ItemId>
    </Item>
    <Item>
      <PriceUpdateDate>2025-08-26 16:16:00</PriceUpdateDate>
      <ItemCode>7290000068237</ItemCode>
      <ItemType>1</ItemType>
      <ItemName>אסם ג'לי פטל צבעים ט</ItemName>
      <ManufacturerName>קריות זול</ManufacturerName>
      <ManufactureCountry>לא ידוע</ManufactureCountry>
      <ManufacturerItemDescription>אסם ג'לי פטל צבעים ט</ManufacturerItemDescription>
      <UnitQty>לא ידוע</UnitQty>
      <Quantity>85.00</Quantity>
      <UnitOfMeasure>לא ידוע</UnitOfMeasure>
      <bIsWeighted>0</bIsWeighted>
      <QtyInPackage>לא ידוע</QtyInPackage>
      <ItemPrice>8.90</ItemPrice>
      <UnitOfMeasurePrice>0.1047</UnitOfMeasurePrice>
      <AllowDiscount>1</AllowDiscount>
      <ItemStatus>1</ItemStatus>
      <ItemId>135076</ItemId>
    </Item>
    <Item>
      <PriceUpdateDate>2025-08-26 16:16:01</PriceUpdateDate>
      <ItemCode>7290000068343</ItemCode>
      <ItemType>1</ItemType>
      <ItemName>פריכונים מאורז מלא א</ItemName>
      <ManufacturerName>קריות זול</ManufacturerName>
      <ManufactureCountry>לא ידוע</ManufactureCountry>
      <ManufacturerItemDescription>פריכונים מאורז מלא א</ManufacturerItemDescription>
      <UnitQty>לא ידוע</UnitQty>
      <Quantity>140.00</Quantity>
      <UnitOfMeasure>לא ידוע</UnitOfMeasure>
      <bIsWeighted>0</bIsWeighted>
      <QtyInPackage>לא ידוע</QtyInPackage>
      <ItemPrice>10.50</ItemPrice>
      <UnitOfMeasurePrice>0.0750</UnitOfMeasurePrice>
      <AllowDiscount>1</AllowDiscount>
      <ItemStatus>1</ItemStatus>
      <ItemId>135086</ItemId>
    </Item>
    <Item>
      <PriceUpdateDate>2025-07-01 16:32:19</PriceUpdateDate>
      <ItemCode>7290000068770</ItemCode>
      <ItemType>1</ItemType>
      <ItemName>במבה יום הולדת אסם 8</ItemName>
      <ManufacturerName>קריות זול</ManufacturerName>
      <ManufactureCountry>לא ידוע</ManufactureCountry>
      <ManufacturerItemDescription>במבה יום הולדת אסם 8</ManufacturerItemDescription>
      <UnitQty>לא ידוע</UnitQty>
      <Quantity>80.00</Quantity>
      <UnitOfMeasure>לא ידוע</UnitOfMeasure>
      <bIsWeighted>0</bIsWeighted>
      <QtyInPackage>לא ידוע</QtyInPackage>
      <ItemPrice>6.90</ItemPrice>
      <UnitOfMeasurePrice>0.0863</UnitOfMeasurePrice>
      <AllowDiscount>1</AllowDiscount>
      <ItemStatus>1</ItemStatus>
      <ItemId>135093</ItemId>
    </Item>
    <Item>
      <PriceUpdateDate>2025-07-01 16:32:19</PriceUpdateDate>
      <ItemCode>7290000068787</ItemCode>
      <ItemType>1</ItemType>
      <ItemName>במבה אסם 25גר</ItemName>
      <ManufacturerName>קריות זול</ManufacturerName>
      <ManufactureCountry>לא ידוע</ManufactureCountry>
      <ManufacturerItemDescription>במבה אסם 25גר</ManufacturerItemDescription>
      <UnitQty>לא ידוע</UnitQty>
      <Quantity>25.00</Quantity>
      <UnitOfMeasure>לא ידוע</UnitOfMeasure>
      <bIsWeighted>0</bIsWeighted>
      <QtyInPackage>לא ידוע</QtyInPackage>
      <ItemPrice>3.90</ItemPrice>
      <UnitOfMeasurePrice>0.1560</UnitOfMeasurePrice>
      <AllowDiscount>1</AllowDiscount>
      <ItemStatus>1</ItemStatus>
      <ItemId>135094</ItemId>
    </Item>
    <Item>
      <PriceUpdateDate>2025-08-20 11:44:38</PriceUpdateDate>
      <ItemCode>7290004685430</ItemCode>
      <ItemType>1</ItemType>
      <ItemName>לחם הארץ כוסמין 100%</ItemName>
      <ManufacturerName>לא ידוע</ManufacturerName>
      <ManufactureCountry>לא ידוע</ManufactureCountry>
      <ManufacturerItemDescription>לחם הארץ כוסמין 100%</ManufacturerItemDescription>
      <UnitQty>לא ידוע</UnitQty>
      <Quantity>500.00</Quantity>
      <UnitOfMeasure>לא ידוע</UnitOfMeasure>
      <bIsWeighted>0</bIsWeighted>
      <QtyInPackage>לא ידוע</QtyInPackage>
      <ItemPrice>18.90</ItemPrice>
      <UnitOfMeasurePrice>0.0378</UnitOfMeasurePrice>
      <AllowDiscount>1</AllowDiscount>
      <ItemStatus>1</ItemStatus>
      <ItemId>206913</ItemId>
    </Item>
    <Item>
      <PriceUpdateDate>2025-08-21 12:21:49</PriceUpdateDate>
      <ItemCode>7290102397747</ItemCode>
      <ItemType>1</ItemType>
      <ItemName>מוצרלה פרוס מחלב בקר</ItemName>
      <ManufacturerName>לא ידוע</ManufacturerName>
      <ManufactureCountry>לא ידוע</ManufactureCountry>
      <ManufacturerItemDescription>מוצרלה פרוס מחלב בקר</ManufacturerItemDescription>
      <UnitQty>לא ידוע</UnitQty>
      <Quantity>200.00</Quantity>
      <UnitOfMeasure>לא ידוע</UnitOfMeasure>
      <bIsWeighted>0</bIsWeighted>
      <QtyInPackage>לא ידוע</QtyInPackage>
      <ItemPrice>25.80</ItemPrice>
      <UnitOfMeasurePrice>0.1290</UnitOfMeasurePrice>
      <AllowDiscount>1</AllowDiscount>
      <ItemStatus>1</ItemStatus>
      <ItemId>209654</ItemId>
    </Item>
    <Item>
      <PriceUpdateDate>2025-08-26 16:16:01</PriceUpdateDate>
      <ItemCode>7290000069364</ItemCode>
      <ItemType>1</ItemType>
      <ItemName>פריכונים מאורז מלא ל</ItemName>
      <ManufacturerName>קריות זול</ManufacturerName>
      <ManufactureCountry>לא ידוע</ManufactureCountry>
      <ManufacturerItemDescription>פריכונים מאורז מלא ל</ManufacturerItemDescription>
      <UnitQty>לא ידוע</UnitQty>
      <Quantity>140.00</Quantity>
      <UnitOfMeasure>לא ידוע</UnitOfMeasure>
      <bIsWeighted>0</bIsWeighted>
      <QtyInPackage>לא ידוע</QtyInPackage>
      <ItemPrice>10.50</ItemPrice>
      <UnitOfMeasurePrice>0.0750</UnitOfMeasurePrice>
      <AllowDiscount>1</AllowDiscount>
      <ItemStatus>1</ItemStatus>
      <ItemId>135112</ItemId>
    </Item>
    <Item>
      <PriceUpdateDate>2025-08-26 16:12:46</PriceUpdateDate>
      <ItemCode>7290000069715</ItemCode>
      <ItemType>1</ItemType>
      <ItemName>חטיפי קרקר מלוח 300ג</ItemName>
      <ManufacturerName>לא ידוע</ManufacturerName>
      <ManufactureCountry>לא ידוע</ManufactureCountry>
      <ManufacturerItemDescription>חטיפי קרקר מלוח 300ג</ManufacturerItemDescription>
      <UnitQty>לא ידוע</UnitQty>
      <Quantity>300.00</Quantity>
      <UnitOfMeasure>לא ידוע</UnitOfMeasure>
      <bIsWeighted>0</bIsWeighted>
      <QtyInPackage>לא ידוע</QtyInPackage>
      <ItemPrice>15.90</ItemPrice>
      <UnitOfMeasurePrice>0.0530</UnitOfMeasurePrice>
      <AllowDiscount>1</AllowDiscount>
      <ItemStatus>1</ItemStatus>
      <ItemId>135121</ItemId>
    </Item>
    <Item>
      <PriceUpdateDate>2025-08-26 16:16:02</PriceUpdateDate>
      <ItemCode>7290000069739</ItemCode>
      <ItemType>1</ItemType>
      <ItemName>חטיפי קרקר שומשום 30</ItemName>
      <ManufacturerName>לא ידוע</ManufacturerName>
      <ManufactureCountry>לא ידוע</ManufactureCountry>
      <ManufacturerItemDescription>חטיפי קרקר שומשום 30</ManufacturerItemDescription>
      <UnitQty>לא ידוע</UnitQty>
      <Quantity>300.00</Quantity>
      <UnitOfMeasure>לא ידוע</UnitOfMeasure>
      <bIsWeighted>0</bIsWeighted>
      <QtyInPackage>לא ידוע</QtyInPackage>
      <ItemPrice>15.90</ItemPrice>
      <UnitOfMeasurePrice>0.0530</UnitOfMeasurePrice>
      <AllowDiscount>1</AllowDiscount>
      <ItemStatus>1</ItemStatus>
      <ItemId>135122</ItemId>
    </Item>
    <Item>
      <PriceUpdateDate>2025-12-03 08:26:37</PriceUpdateDate>
      <ItemCode>8850206250592</ItemCode>
      <ItemType>1</ItemType>
      <ItemName>*מבצע* רוטב צ'ילי סר</ItemName>
      <ManufacturerName>לא ידוע</ManufacturerName>
      <ManufactureCountry>לא ידוע</ManufactureCountry>
      <ManufacturerItemDescription>*מבצע* רוטב צ'ילי סר</ManufacturerItemDescription>
      <UnitQty>לא ידוע</UnitQty>
      <Quantity>540.00</Quantity>
      <UnitOfMeasure>לא ידוע</UnitOfMeasure>
      <bIsWeighted>0</bIsWeighted>
      <QtyInPackage>לא ידוע</QtyInPackage>
      <ItemPrice>17.80</ItemPrice>
      <UnitOfMeasurePrice>0.0330</UnitOfMeasurePrice>
      <AllowDiscount>1</AllowDiscount>
      <ItemStatus>1</ItemStatus>
      <ItemId>209715</ItemId>
    </Item>
    <Item>
      <PriceUpdateDate>2025-08-26 16:16:02</PriceUpdateDate>
      <ItemCode>7290000070308</ItemCode>
      <ItemType>1</ItemType>
      <ItemName>מרק עוף אמיתי אסם 40</ItemName>
      <ManufacturerName>קריות זול</ManufacturerName>
      <ManufactureCountry>לא ידוע</ManufactureCountry>
      <ManufacturerItemDescription>מרק עוף אמיתי אסם 40</ManufacturerItemDescription>
      <UnitQty>לא ידוע</UnitQty>
      <Quantity>400.00</Quantity>
      <UnitOfMeasure>לא ידוע</UnitOfMeasure>
      <bIsWeighted>0</bIsWeighted>
      <QtyInPackage>לא ידוע</QtyInPackage>
      <ItemPrice>23.90</ItemPrice>
      <UnitOfMeasurePrice>0.0597</UnitOfMeasurePrice>
      <AllowDiscount>1</AllowDiscount>
      <ItemStatus>1</ItemStatus>
      <ItemId>135137</ItemId>
    </Item>
    <Item>
      <PriceUpdateDate>2025-08-26 16:16:03</PriceUpdateDate>
      <ItemCode>7290000070322</ItemCode>
      <ItemType>1</ItemType>
      <ItemName>מרק פטריות רכיבים טב</ItemName>
      <ManufacturerName>קריות זול</ManufacturerName>
      <ManufactureCountry>לא ידוע</ManufactureCountry>
      <ManufacturerItemDescription>מרק פטריות רכיבים טב</ManufacturerItemDescription>
      <UnitQty>לא ידוע</UnitQty>
      <Quantity>400.00</Quantity>
      <UnitOfMeasure>לא ידוע</UnitOfMeasure>
      <bIsWeighted>0</bIsWeighted>
      <QtyInPackage>לא ידוע</QtyInPackage>
      <ItemPrice>34.90</ItemPrice>
      <UnitOfMeasurePrice>0.0872</UnitOfMeasurePrice>
      <AllowDiscount>1</AllowDiscount>
      <ItemStatus>1</ItemStatus>
      <ItemId>135139</ItemId>
    </Item>
    <Item>
      <PriceUpdateDate>2025-08-26 16:16:03</PriceUpdateDate>
      <ItemCode>7290000070353</ItemCode>
      <ItemType>1</ItemType>
      <ItemName>מרק בצל רכיבים טבעיי</ItemName>
      <ManufacturerName>קריות זול</ManufacturerName>
      <ManufactureCountry>לא ידוע</ManufactureCountry>
      <ManufacturerItemDescription>מרק בצל רכיבים טבעיי</ManufacturerItemDescription>
      <UnitQty>לא ידוע</UnitQty>
      <Quantity>400.00</Quantity>
      <UnitOfMeasure>לא ידוע</UnitOfMeasure>
      <bIsWeighted>0</bIsWeighted>
      <QtyInPackage>לא ידוע</QtyInPackage>
      <ItemPrice>32.90</ItemPrice>
      <UnitOfMeasurePrice>0.0822</UnitOfMeasurePrice>
      <AllowDiscount>1</AllowDiscount>
      <ItemStatus>1</ItemStatus>
      <ItemId>135140</ItemId>
    </Item>
    <Item>
      <PriceUpdateDate>2025-07-01 16:32:21</PriceUpdateDate>
      <ItemCode>7290000072067</ItemCode>
      <ItemType>1</ItemType>
      <ItemName>במבה במילוי קרם חלבה</ItemName>
      <ManufacturerName>לא ידוע</ManufacturerName>
      <ManufactureCountry>לא ידוע</ManufactureCountry>
      <ManufacturerItemDescription>במבה במילוי קרם חלבה</ManufacturerItemDescription>
      <UnitQty>לא ידוע</UnitQty>
      <Quantity>60.00</Quantity>
      <UnitOfMeasure>לא ידוע</UnitOfMeasure>
      <bIsWeighted>0</bIsWeighted>
      <QtyInPackage>לא ידוע</QtyInPackage>
      <ItemPrice>6.90</ItemPrice>
      <UnitOfMeasurePrice>0.1150</UnitOfMeasurePrice>
      <AllowDiscount>1</AllowDiscount>
      <ItemStatus>1</ItemStatus>
      <ItemId>135165</ItemId>
    </Item>
    <Item>
      <PriceUpdateDate>2025-08-26 16:16:03</PriceUpdateDate>
      <ItemCode>7290000072241</ItemCode>
      <ItemType>1</ItemType>
      <ItemName>רוטב פיצה-בקבוק 290מ</ItemName>
      <ManufacturerName>קריות זול</ManufacturerName>
      <ManufactureCountry>לא ידוע</ManufactureCountry>
      <ManufacturerItemDescription>רוטב פיצה-בקבוק 290מ</ManufacturerItemDescription>
      <UnitQty>לא ידוע</UnitQty>
      <Quantity>290.00</Quantity>
      <UnitOfMeasure>לא ידוע</UnitOfMeasure>
      <bIsWeighted>0</bIsWeighted>
      <QtyInPackage>לא ידוע</QtyInPackage>
      <ItemPrice>16.50</ItemPrice>
      <UnitOfMeasurePrice>0.0569</UnitOfMeasurePrice>
      <AllowDiscount>1</AllowDiscount>
      <ItemStatus>1</ItemStatus>
      <ItemId>135169</ItemId>
    </Item>
    <Item>
      <PriceUpdateDate>2025-08-26 16:16:04</PriceUpdateDate>
      <ItemCode>7290000072623</ItemCode>
      <ItemType>1</ItemType>
      <ItemName>קטשופ אסם 750 גרם</ItemName>
      <ManufacturerName>קריות זול</ManufacturerName>
      <ManufactureCountry>לא ידוע</ManufactureCountry>
      <ManufacturerItemDescription>קטשופ אסם 750 גרם</ManufacturerItemDescription>
      <UnitQty>לא ידוע</UnitQty>
      <Quantity>750.00</Quantity>
      <UnitOfMeasure>לא ידוע</UnitOfMeasure>
      <bIsWeighted>0</bIsWeighted>
      <QtyInPackage>לא ידוע</QtyInPackage>
      <ItemPrice>13.90</ItemPrice>
      <UnitOfMeasurePrice>0.0185</UnitOfMeasurePrice>
      <AllowDiscount>1</AllowDiscount>
      <ItemStatus>1</ItemStatus>
      <ItemId>135173</ItemId>
    </Item>
    <Item>
      <PriceUpdateDate>2025-08-26 16:16:04</PriceUpdateDate>
      <ItemCode>7290000072630</ItemCode>
      <ItemType>1</ItemType>
      <ItemName>אסם קטשופ חריף 750 ג</ItemName>
      <ManufacturerName>קריות זול</ManufacturerName>
      <ManufactureCountry>לא ידוע</ManufactureCountry>
      <ManufacturerItemDescription>אסם קטשופ חריף 750 ג</ManufacturerItemDescription>
      <UnitQty>לא ידוע</UnitQty>
      <Quantity>750.00</Quantity>
      <UnitOfMeasure>לא ידוע</UnitOfMeasure>
      <bIsWeighted>0</bIsWeighted>
      <QtyInPackage>לא ידוע</QtyInPackage>
      <ItemPrice>17.90</ItemPrice>
      <UnitOfMeasurePrice>0.0239</UnitOfMeasurePrice>
      <AllowDiscount>1</AllowDiscount>
      <ItemStatus>1</ItemStatus>
      <ItemId>135174</ItemId>
    </Item>
    <Item>
      <PriceUpdateDate>2025-08-26 16:16:05</PriceUpdateDate>
      <ItemCode>7290000072777</ItemCode>
      <ItemType>1</ItemType>
      <ItemName>טסטרס צויס נטול קפאי</ItemName>
      <ManufacturerName>קריות זול</ManufacturerName>
      <ManufactureCountry>לא ידוע</ManufactureCountry>
      <ManufacturerItemDescription>טסטרס צויס נטול קפאי</ManufacturerItemDescription>
      <UnitQty>לא ידוע</UnitQty>
      <Quantity>200.00</Quantity>
      <UnitOfMeasure>לא ידוע</UnitOfMeasure>
      <bIsWeighted>0</bIsWeighted>
      <QtyInPackage>לא ידוע</QtyInPackage>
      <ItemPrice>54.90</ItemPrice>
      <UnitOfMeasurePrice>0.2745</UnitOfMeasurePrice>
      <AllowDiscount>1</AllowDiscount>
      <ItemStatus>1</ItemStatus>
      <ItemId>135180</ItemId>
    </Item>
    <Item>
      <PriceUpdateDate>2025-08-26 16:16:05</PriceUpdateDate>
      <ItemCode>7290000072968</ItemCode>
      <ItemType>1</ItemType>
      <ItemName>סיני מיניס 500 גרם</ItemName>
      <ManufacturerName>קריות זול</ManufacturerName>
      <ManufactureCountry>לא ידוע</ManufactureCountry>
      <ManufacturerItemDescription>סיני מיניס 500 גרם</ManufacturerItemDescription>
      <UnitQty>לא ידוע</UnitQty>
      <Quantity>500.00</Quantity>
      <UnitOfMeasure>לא ידוע</UnitOfMeasure>
      <bIsWeighted>0</bIsWeighted>
      <QtyInPackage>לא ידוע</QtyInPackage>
      <ItemPrice>24.90</ItemPrice>
      <UnitOfMeasurePrice>0.0498</UnitOfMeasurePrice>
      <AllowDiscount>1</AllowDiscount>
      <ItemStatus>1</ItemStatus>
      <ItemId>135188</ItemId>
    </Item>
    <Item>
      <PriceUpdateDate>2025-08-26 16:16:05</PriceUpdateDate>
      <ItemCode>7290000073125</ItemCode>
      <ItemType>1</ItemType>
      <ItemName>מנה חמה אסם פסטה עם</ItemName>
      <ManufacturerName>קריות זול</ManufacturerName>
      <ManufactureCountry>לא ידוע</ManufactureCountry>
      <ManufacturerItemDescription>מנה חמה אסם פסטה עם</ManufacturerItemDescription>
      <UnitQty>לא ידוע</UnitQty>
      <Quantity>62.00</Quantity>
      <UnitOfMeasure>לא ידוע</UnitOfMeasure>
      <bIsWeighted>0</bIsWeighted>
      <QtyInPackage>לא ידוע</QtyInPackage>
      <ItemPrice>9.90</ItemPrice>
      <UnitOfMeasurePrice>0.1597</UnitOfMeasurePrice>
      <AllowDiscount>1</AllowDiscount>
      <ItemStatus>1</ItemStatus>
      <ItemId>135191</ItemId>
    </Item>
    <Item>
      <PriceUpdateDate>2025-08-26 16:16:05</PriceUpdateDate>
      <ItemCode>7290000073415</ItemCode>
      <ItemType>1</ItemType>
      <ItemName>מנה חמה אסם פסטה ברו</ItemName>
      <ManufacturerName>קריות זול</ManufacturerName>
      <ManufactureCountry>לא ידוע</ManufactureCountry>
      <ManufacturerItemDescription>מנה חמה אסם פסטה ברו</ManufacturerItemDescription>
      <UnitQty>לא ידוע</UnitQty>
      <Quantity>61.00</Quantity>
      <UnitOfMeasure>לא ידוע</UnitOfMeasure>
      <bIsWeighted>0</bIsWeighted>
      <QtyInPackage>לא ידוע</QtyInPackage>
      <ItemPrice>9.90</ItemPrice>
      <UnitOfMeasurePrice>0.1623</UnitOfMeasurePrice>
      <AllowDiscount>1</AllowDiscount>
      <ItemStatus>1</ItemStatus>
      <ItemId>135197</ItemId>
    </Item>
    <Item>
      <PriceUpdateDate>2025-07-01 16:32:22</PriceUpdateDate>
      <ItemCode>7290000073750</ItemCode>
      <ItemType>1</ItemType>
      <ItemName>מנה חמה נודלס בטעם ע</ItemName>
      <ManufacturerName>קריות זול</ManufacturerName>
      <ManufactureCountry>לא ידוע</ManufactureCountry>
      <ManufacturerItemDescription>מנה חמה נודלס בטעם ע</ManufacturerItemDescription>
      <UnitQty>לא ידוע</UnitQty>
      <Quantity>70.00</Quantity>
      <UnitOfMeasure>לא ידוע</UnitOfMeasure>
      <bIsWeighted>0</bIsWeighted>
      <QtyInPackage>לא ידוע</QtyInPackage>
      <ItemPrice>8.90</ItemPrice>
      <UnitOfMeasurePrice>0.1271</UnitOfMeasurePrice>
      <AllowDiscount>1</AllowDiscount>
      <ItemStatus>1</ItemStatus>
      <ItemId>135200</ItemId>
    </Item>
    <Item>
      <PriceUpdateDate>2025-07-01 16:32:22</PriceUpdateDate>
      <ItemCode>7290000073767</ItemCode>
      <ItemType>1</ItemType>
      <ItemName>מנה חמה נודלס בטעם ב</ItemName>
      <ManufacturerName>קריות זול</ManufacturerName>
      <ManufactureCountry>לא ידוע</ManufactureCountry>
      <ManufacturerItemDescription>מנה חמה נודלס בטעם ב</ManufacturerItemDescription>
      <UnitQty>לא ידוע</UnitQty>
      <Quantity>70.00</Quantity>
      <UnitOfMeasure>לא ידוע</UnitOfMeasure>
      <bIsWeighted>0</bIsWeighted>
      <QtyInPackage>לא ידוע</QtyInPackage>
      <ItemPrice>8.90</ItemPrice>
      <UnitOfMeasurePrice>0.1271</UnitOfMeasurePrice>
      <AllowDiscount>1</AllowDiscount>
      <ItemStatus>1</ItemStatus>
      <ItemId>135201</ItemId>
    </Item>
    <Item>
      <PriceUpdateDate>2025-07-01 16:32:23</PriceUpdateDate>
      <ItemCode>7290000073774</ItemCode>
      <ItemType>1</ItemType>
      <ItemName>מנה חמה נודלס בטעם פ</ItemName>
      <ManufacturerName>קריות זול</ManufacturerName>
      <ManufactureCountry>לא ידוע</ManufactureCountry>
      <ManufacturerItemDescription>מנה חמה נודלס בטעם פ</ManufacturerItemDescription>
      <UnitQty>לא ידוע</UnitQty>
      <Quantity>70.00</Quantity>
      <UnitOfMeasure>לא ידוע</UnitOfMeasure>
      <bIsWeighted>0</bIsWeighted>
      <QtyInPackage>לא ידוע</QtyInPackage>
      <ItemPrice>8.90</ItemPrice>
      <UnitOfMeasurePrice>0.1271</UnitOfMeasurePrice>
      <AllowDiscount>1</AllowDiscount>
      <ItemStatus>1</ItemStatus>
      <ItemId>135202</ItemId>
    </Item>
    <Item>
      <PriceUpdateDate>2025-08-26 16:16:05</PriceUpdateDate>
      <ItemCode>7290000074153</ItemCode>
      <ItemType>1</ItemType>
      <ItemName>פתי בר שוקו אסם 500ג</ItemName>
      <ManufacturerName>קריות זול</ManufacturerName>
      <ManufactureCountry>לא ידוע</ManufactureCountry>
      <ManufacturerItemDescription>פתי בר שוקו אסם 500ג</ManufacturerItemDescription>
      <UnitQty>לא ידוע</UnitQty>
      <Quantity>500.00</Quantity>
      <UnitOfMeasure>לא ידוע</UnitOfMeasure>
      <bIsWeighted>0</bIsWeighted>
      <QtyInPackage>לא ידוע</QtyInPackage>
      <ItemPrice>16.90</ItemPrice>
      <UnitOfMeasurePrice>0.0338</UnitOfMeasurePrice>
      <AllowDiscount>1</AllowDiscount>
      <ItemStatus>1</ItemStatus>
      <ItemId>135208</ItemId>
    </Item>
    <Item>
      <PriceUpdateDate>2025-08-26 16:16:06</PriceUpdateDate>
      <ItemCode>7290000074184</ItemCode>
      <ItemType>1</ItemType>
      <ItemName>פתי בר וניל אסם 500ג</ItemName>
      <ManufacturerName>קריות זול</ManufacturerName>
      <ManufactureCountry>לא ידוע</ManufactureCountry>
      <ManufacturerItemDescription>פתי בר וניל אסם 500ג</ManufacturerItemDescription>
      <UnitQty>לא ידוע</UnitQty>
      <Quantity>500.00</Quantity>
      <UnitOfMeasure>לא ידוע</UnitOfMeasure>
      <bIsWeighted>0</bIsWeighted>
      <QtyInPackage>לא ידוע</QtyInPackage>
      <ItemPrice>12.90</ItemPrice>
      <UnitOfMeasurePrice>0.0258</UnitOfMeasurePrice>
      <AllowDiscount>1</AllowDiscount>
      <ItemStatus>1</ItemStatus>
      <ItemId>135210</ItemId>
    </Item>
    <Item>
      <PriceUpdateDate>2025-08-26 16:16:06</PriceUpdateDate>
      <ItemCode>7290000074245</ItemCode>
      <ItemType>1</ItemType>
      <ItemName>קרם קרקר אסם 250גר</ItemName>
      <ManufacturerName>קריות זול</ManufacturerName>
      <ManufactureCountry>לא ידוע</ManufactureCountry>
      <ManufacturerItemDescription>קרם קרקר אסם 250גר</ManufacturerItemDescription>
      <UnitQty>לא ידוע</UnitQty>
      <Quantity>250.00</Quantity>
      <UnitOfMeasure>לא ידוע</UnitOfMeasure>
      <bIsWeighted>0</bIsWeighted>
      <QtyInPackage>לא ידוע</QtyInPackage>
      <ItemPrice>11.90</ItemPrice>
      <UnitOfMeasurePrice>0.0476</UnitOfMeasurePrice>
      <AllowDiscount>1</AllowDiscount>
      <ItemStatus>1</ItemStatus>
      <ItemId>135211</ItemId>
    </Item>
    <Item>
      <PriceUpdateDate>2025-08-26 16:16:06</PriceUpdateDate>
      <ItemCode>7290000074252</ItemCode>
      <ItemType>1</ItemType>
      <ItemName>קרקר שומשום אסם 250ג</ItemName>
      <ManufacturerName>קריות זול</ManufacturerName>
      <ManufactureCountry>לא ידוע</ManufactureCountry>
      <ManufacturerItemDescription>קרקר שומשום אסם 250ג</ManufacturerItemDescription>
      <UnitQty>לא ידוע</UnitQty>
      <Quantity>250.00</Quantity>
      <UnitOfMeasure>לא ידוע</UnitOfMeasure>
      <bIsWeighted>0</bIsWeighted>
      <QtyInPackage>לא ידוע</QtyInPackage>
      <ItemPrice>12.50</ItemPrice>
      <UnitOfMeasurePrice>0.0500</UnitOfMeasurePrice>
      <AllowDiscount>1</AllowDiscount>
      <ItemStatus>1</ItemStatus>
      <ItemId>135212</ItemId>
    </Item>
    <Item>
      <PriceUpdateDate>2025-08-26 16:16:06</PriceUpdateDate>
      <ItemCode>7290000074276</ItemCode>
      <ItemType>1</ItemType>
      <ItemName>קרקר פיקנטי טבעון אס</ItemName>
      <ManufacturerName>קריות זול</ManufacturerName>
      <ManufactureCountry>לא ידוע</ManufactureCountry>
      <ManufacturerItemDescription>קרקר פיקנטי טבעון אס</ManufacturerItemDescription>
      <UnitQty>לא ידוע</UnitQty>
      <Quantity>250.00</Quantity>
      <UnitOfMeasure>לא ידוע</UnitOfMeasure>
      <bIsWeighted>0</bIsWeighted>
      <QtyInPackage>לא ידוע</QtyInPackage>
      <ItemPrice>12.90</ItemPrice>
      <UnitOfMeasurePrice>0.0516</UnitOfMeasurePrice>
      <AllowDiscount>1</AllowDiscount>
      <ItemStatus>1</ItemStatus>
      <ItemId>135213</ItemId>
    </Item>
    <Item>
      <PriceUpdateDate>2025-08-26 16:16:06</PriceUpdateDate>
      <ItemCode>7290000074375</ItemCode>
      <ItemType>1</ItemType>
      <ItemName>קרקר זהב אסם 150 גרם</ItemName>
      <ManufacturerName>קריות זול</ManufacturerName>
      <ManufactureCountry>לא ידוע</ManufactureCountry>
      <ManufacturerItemDescription>קרקר זהב אסם 150 גרם</ManufacturerItemDescription>
      <UnitQty>לא ידוע</UnitQty>
      <Quantity>150.00</Quantity>
      <UnitOfMeasure>לא ידוע</UnitOfMeasure>
      <bIsWeighted>0</bIsWeighted>
      <QtyInPackage>לא ידוע</QtyInPackage>
      <ItemPrice>8.90</ItemPrice>
      <UnitOfMeasurePrice>0.0593</UnitOfMeasurePrice>
      <AllowDiscount>1</AllowDiscount>
      <ItemStatus>1</ItemStatus>
      <ItemId>135218</ItemId>
    </Item>
    <Item>
      <PriceUpdateDate>2025-08-26 16:10:47</PriceUpdateDate>
      <ItemCode>7290000075204</ItemCode>
      <ItemType>1</ItemType>
      <ItemName>לחמית חיטה מלאה אסם</ItemName>
      <ManufacturerName>קריות זול</ManufacturerName>
      <ManufactureCountry>לא ידוע</ManufactureCountry>
      <ManufacturerItemDescription>לחמית חיטה מלאה אסם</ManufacturerItemDescription>
      <UnitQty>לא ידוע</UnitQty>
      <Quantity>250.00</Quantity>
      <UnitOfMeasure>לא ידוע</UnitOfMeasure>
      <bIsWeighted>0</bIsWeighted>
      <QtyInPackage>לא ידוע</QtyInPackage>
      <ItemPrice>12.90</ItemPrice>
      <UnitOfMeasurePrice>0.0516</UnitOfMeasurePrice>
      <AllowDiscount>1</AllowDiscount>
      <ItemStatus>1</ItemStatus>
      <ItemId>135237</ItemId>
    </Item>
    <Item>
      <PriceUpdateDate>2025-08-26 16:16:08</PriceUpdateDate>
      <ItemCode>7290000075693</ItemCode>
      <ItemType>1</ItemType>
      <ItemName>עוגת הבית שמרים בריו</ItemName>
      <ManufacturerName>לא ידוע</ManufacturerName>
      <ManufactureCountry>לא ידוע</ManufactureCountry>
      <ManufacturerItemDescription>עוגת הבית שמרים בריו</ManufacturerItemDescription>
      <UnitQty>לא ידוע</UnitQty>
      <Quantity>360.00</Quantity>
      <UnitOfMeasure>לא ידוע</UnitOfMeasure>
      <bIsWeighted>0</bIsWeighted>
      <QtyInPackage>לא ידוע</QtyInPackage>
      <ItemPrice>20.90</ItemPrice>
      <UnitOfMeasurePrice>0.0581</UnitOfMeasurePrice>
      <AllowDiscount>1</AllowDiscount>
      <ItemStatus>1</ItemStatus>
      <ItemId>135244</ItemId>
    </Item>
    <Item>
      <PriceUpdateDate>2025-07-01 16:32:23</PriceUpdateDate>
      <ItemCode>7290000076126</ItemCode>
      <ItemType>1</ItemType>
      <ItemName>בייגלה שמיניות קטנות</ItemName>
      <ManufacturerName>קריות זול</ManufacturerName>
      <ManufactureCountry>לא ידוע</ManufactureCountry>
      <ManufacturerItemDescription>בייגלה שמיניות קטנות</ManufacturerItemDescription>
      <UnitQty>לא ידוע</UnitQty>
      <Quantity>80.00</Quantity>
      <UnitOfMeasure>לא ידוע</UnitOfMeasure>
      <bIsWeighted>0</bIsWeighted>
      <QtyInPackage>לא ידוע</QtyInPackage>
      <ItemPrice>5.90</ItemPrice>
      <UnitOfMeasurePrice>0.0738</UnitOfMeasurePrice>
      <AllowDiscount>1</AllowDiscount>
      <ItemStatus>1</ItemStatus>
      <ItemId>135245</ItemId>
    </Item>
    <Item>
      <PriceUpdateDate>2025-08-26 16:16:08</PriceUpdateDate>
      <ItemCode>7290000076133</ItemCode>
      <ItemType>1</ItemType>
      <ItemName>בייגלה שמיניות קטנות</ItemName>
      <ManufacturerName>קריות זול</ManufacturerName>
      <ManufactureCountry>לא ידוע</ManufactureCountry>
      <ManufacturerItemDescription>בייגלה שמיניות קטנות</ManufacturerItemDescription>
      <UnitQty>לא ידוע</UnitQty>
      <Quantity>400.00</Quantity>
      <UnitOfMeasure>לא ידוע</UnitOfMeasure>
      <bIsWeighted>0</bIsWeighted>
      <QtyInPackage>לא ידוע</QtyInPackage>
      <ItemPrice>15.90</ItemPrice>
      <UnitOfMeasurePrice>0.0398</UnitOfMeasurePrice>
      <AllowDiscount>1</AllowDiscount>
      <ItemStatus>1</ItemStatus>
      <ItemId>135246</ItemId>
    </Item>
    <Item>
      <PriceUpdateDate>2025-08-26 16:10:48</PriceUpdateDate>
      <ItemCode>7290000077253</ItemCode>
      <ItemType>1</ItemType>
      <ItemName>לחמית כפרית עם דגנים</ItemName>
      <ManufacturerName>לא ידוע</ManufacturerName>
      <ManufactureCountry>לא ידוע</ManufactureCountry>
      <ManufacturerItemDescription>לחמית כפרית עם דגנים</ManufacturerItemDescription>
      <UnitQty>לא ידוע</UnitQty>
      <Quantity>190.00</Quantity>
      <UnitOfMeasure>לא ידוע</UnitOfMeasure>
      <bIsWeighted>0</bIsWeighted>
      <QtyInPackage>לא ידוע</QtyInPackage>
      <ItemPrice>12.90</ItemPrice>
      <UnitOfMeasurePrice>0.0679</UnitOfMeasurePrice>
      <AllowDiscount>1</AllowDiscount>
      <ItemStatus>1</ItemStatus>
      <ItemId>135275</ItemId>
    </Item>
    <Item>
      <PriceUpdateDate>2025-08-26 16:16:08</PriceUpdateDate>
      <ItemCode>7290000078212</ItemCode>
      <ItemType>1</ItemType>
      <ItemName>אסם קרוטונים מתובלים</ItemName>
      <ManufacturerName>קריות זול</ManufacturerName>
      <ManufactureCountry>לא ידוע</ManufactureCountry>
      <ManufacturerItemDescription>אסם קרוטונים מתובלים</ManufacturerItemDescription>
      <UnitQty>לא ידוע</UnitQty>
      <Quantity>250.00</Quantity>
      <UnitOfMeasure>לא ידוע</UnitOfMeasure>
      <bIsWeighted>0</bIsWeighted>
      <QtyInPackage>לא ידוע</QtyInPackage>
      <ItemPrice>18.90</ItemPrice>
      <UnitOfMeasurePrice>0.0756</UnitOfMeasurePrice>
      <AllowDiscount>1</AllowDiscount>
      <ItemStatus>1</ItemStatus>
      <ItemId>135284</ItemId>
    </Item>
    <Item>
      <PriceUpdateDate>2025-08-26 16:16:09</PriceUpdateDate>
      <ItemCode>7290000078762</ItemCode>
      <ItemType>1</ItemType>
      <ItemName>חטיפי פריכונים מאורז</ItemName>
      <ManufacturerName>קריות זול</ManufacturerName>
      <ManufactureCountry>לא ידוע</ManufactureCountry>
      <ManufacturerItemDescription>חטיפי פריכונים מאורז</ManufacturerItemDescription>
      <UnitQty>לא ידוע</UnitQty>
      <Quantity>80.00</Quantity>
      <UnitOfMeasure>לא ידוע</UnitOfMeasure>
      <bIsWeighted>0</bIsWeighted>
      <QtyInPackage>לא ידוע</QtyInPackage>
      <ItemPrice>10.50</ItemPrice>
      <UnitOfMeasurePrice>0.1313</UnitOfMeasurePrice>
      <AllowDiscount>1</AllowDiscount>
      <ItemStatus>1</ItemStatus>
      <ItemId>135291</ItemId>
    </Item>
    <Item>
      <PriceUpdateDate>2025-05-06 08:39:50</PriceUpdateDate>
      <ItemCode>7290000080758</ItemCode>
      <ItemType>1</ItemType>
      <ItemName>אסם טוסטעים פת קלויה</ItemName>
      <ManufacturerName>קריות זול</ManufacturerName>
      <ManufactureCountry>לא ידוע</ManufactureCountry>
      <ManufacturerItemDescription>אסם טוסטעים פת קלויה</ManufacturerItemDescription>
      <UnitQty>לא ידוע</UnitQty>
      <Quantity>100.00</Quantity>
      <UnitOfMeasure>לא ידוע</UnitOfMeasure>
      <bIsWeighted>0</bIsWeighted>
      <QtyInPackage>לא ידוע</QtyInPackage>
      <ItemPrice>12.90</ItemPrice>
      <UnitOfMeasurePrice>0.1290</UnitOfMeasurePrice>
      <AllowDiscount>1</AllowDiscount>
      <ItemStatus>1</ItemStatus>
      <ItemId>135313</ItemId>
    </Item>
    <Item>
      <PriceUpdateDate>2025-05-06 08:39:54</PriceUpdateDate>
      <ItemCode>7290000080765</ItemCode>
      <ItemType>1</ItemType>
      <ItemName>אסם טוסטעים עם שומשו</ItemName>
      <ManufacturerName>קריות זול</ManufacturerName>
      <ManufactureCountry>לא ידוע</ManufactureCountry>
      <ManufacturerItemDescription>אסם טוסטעים עם שומשו</ManufacturerItemDescription>
      <UnitQty>לא ידוע</UnitQty>
      <Quantity>100.00</Quantity>
      <UnitOfMeasure>לא ידוע</UnitOfMeasure>
      <bIsWeighted>0</bIsWeighted>
      <QtyInPackage>לא ידוע</QtyInPackage>
      <ItemPrice>12.90</ItemPrice>
      <UnitOfMeasurePrice>0.1290</UnitOfMeasurePrice>
      <AllowDiscount>1</AllowDiscount>
      <ItemStatus>1</ItemStatus>
      <ItemId>135314</ItemId>
    </Item>
    <Item>
      <PriceUpdateDate>2025-08-26 16:16:09</PriceUpdateDate>
      <ItemCode>7290000081663</ItemCode>
      <ItemType>1</ItemType>
      <ItemName>בייגלה טבעות שומשום</ItemName>
      <ManufacturerName>קריות זול</ManufacturerName>
      <ManufactureCountry>לא ידוע</ManufactureCountry>
      <ManufacturerItemDescription>בייגלה טבעות שומשום</ManufacturerItemDescription>
      <UnitQty>לא ידוע</UnitQty>
      <Quantity>300.00</Quantity>
      <UnitOfMeasure>לא ידוע</UnitOfMeasure>
      <bIsWeighted>0</bIsWeighted>
      <QtyInPackage>לא ידוע</QtyInPackage>
      <ItemPrice>15.90</ItemPrice>
      <UnitOfMeasurePrice>0.0530</UnitOfMeasurePrice>
      <AllowDiscount>1</AllowDiscount>
      <ItemStatus>1</ItemStatus>
      <ItemId>135317</ItemId>
    </Item>
    <Item>
      <PriceUpdateDate>2025-08-26 16:16:09</PriceUpdateDate>
      <ItemCode>7290000112220</ItemCode>
      <ItemType>1</ItemType>
      <ItemName>טחינה 100% שומשום בא</ItemName>
      <ManufacturerName>קריות זול</ManufacturerName>
      <ManufactureCountry>לא ידוע</ManufactureCountry>
      <ManufacturerItemDescription>טחינה 100% שומשום בא</ManufacturerItemDescription>
      <UnitQty>לא ידוע</UnitQty>
      <Quantity>500.00</Quantity>
      <UnitOfMeasure>לא ידוע</UnitOfMeasure>
      <bIsWeighted>0</bIsWeighted>
      <QtyInPackage>לא ידוע</QtyInPackage>
      <ItemPrice>17.50</ItemPrice>
      <UnitOfMeasurePrice>0.0350</UnitOfMeasurePrice>
      <AllowDiscount>1</AllowDiscount>
      <ItemStatus>1</ItemStatus>
      <ItemId>135322</ItemId>
    </Item>
    <Item>
      <PriceUpdateDate>2025-08-26 16:16:10</PriceUpdateDate>
      <ItemCode>7290000272696</ItemCode>
      <ItemType>1</ItemType>
      <ItemName>מיץ לימון טבעי משומר</ItemName>
      <ManufacturerName>קריות זול</ManufacturerName>
      <ManufactureCountry>לא ידוע</ManufactureCountry>
      <ManufacturerItemDescription>מיץ לימון טבעי משומר</ManufacturerItemDescription>
      <UnitQty>לא ידוע</UnitQty>
      <Quantity>1000.00</Quantity>
      <UnitOfMeasure>לא ידוע</UnitOfMeasure>
      <bIsWeighted>0</bIsWeighted>
      <QtyInPackage>לא ידוע</QtyInPackage>
      <ItemPrice>14.90</ItemPrice>
      <UnitOfMeasurePrice>0.0149</UnitOfMeasurePrice>
      <AllowDiscount>1</AllowDiscount>
      <ItemStatus>1</ItemStatus>
      <ItemId>135408</ItemId>
    </Item>
    <Item>
      <PriceUpdateDate>2025-08-26 16:16:10</PriceUpdateDate>
      <ItemCode>7290000272726</ItemCode>
      <ItemType>1</ItemType>
      <ItemName>חומץ טבעי 5% עסיס 1</ItemName>
      <ManufacturerName>קריות זול</ManufacturerName>
      <ManufactureCountry>לא ידוע</ManufactureCountry>
      <ManufacturerItemDescription>חומץ טבעי 5% עסיס 1</ManufacturerItemDescription>
      <UnitQty>לא ידוע</UnitQty>
      <Quantity>1000.00</Quantity>
      <UnitOfMeasure>לא ידוע</UnitOfMeasure>
      <bIsWeighted>0</bIsWeighted>
      <QtyInPackage>לא ידוע</QtyInPackage>
      <ItemPrice>9.90</ItemPrice>
      <UnitOfMeasurePrice>0.0099</UnitOfMeasurePrice>
      <AllowDiscount>1</AllowDiscount>
      <ItemStatus>1</ItemStatus>
      <ItemId>135410</ItemId>
    </Item>
    <Item>
      <PriceUpdateDate>2025-08-26 16:16:10</PriceUpdateDate>
      <ItemCode>7290000300900</ItemCode>
      <ItemType>1</ItemType>
      <ItemName>שניצל תירס טבעול 750</ItemName>
      <ManufacturerName>קריות זול</ManufacturerName>
      <ManufactureCountry>לא ידוע</ManufactureCountry>
      <ManufacturerItemDescription>שניצל תירס טבעול 750</ManufacturerItemDescription>
      <UnitQty>לא ידוע</UnitQty>
      <Quantity>750.00</Quantity>
      <UnitOfMeasure>לא ידוע</UnitOfMeasure>
      <bIsWeighted>0</bIsWeighted>
      <QtyInPackage>לא ידוע</QtyInPackage>
      <ItemPrice>34.90</ItemPrice>
      <UnitOfMeasurePrice>0.0465</UnitOfMeasurePrice>
      <AllowDiscount>1</AllowDiscount>
      <ItemStatus>1</ItemStatus>
      <ItemId>135424</ItemId>
    </Item>
    <Item>
      <PriceUpdateDate>2025-07-16 11:47:24</PriceUpdateDate>
      <ItemCode>7290000313160</ItemCode>
      <ItemType>1</ItemType>
      <ItemName>חברים זהבה ושלושת הד</ItemName>
      <ManufacturerName>קריות זול</ManufacturerName>
      <ManufactureCountry>לא ידוע</ManufactureCountry>
      <ManufacturerItemDescription>חברים זהבה ושלושת הד</ManufacturerItemDescription>
      <UnitQty>לא ידוע</UnitQty>
      <Quantity>250.00</Quantity>
      <UnitOfMeasure>לא ידוע</UnitOfMeasure>
      <bIsWeighted>0</bIsWeighted>
      <QtyInPackage>לא ידוע</QtyInPackage>
      <ItemPrice>12.90</ItemPrice>
      <UnitOfMeasurePrice>0.0516</UnitOfMeasurePrice>
      <AllowDiscount>1</AllowDiscount>
      <ItemStatus>1</ItemStatus>
      <ItemId>135434</ItemId>
    </Item>
    <Item>
      <PriceUpdateDate>2025-08-26 16:12:46</PriceUpdateDate>
      <ItemCode>7290000313290</ItemCode>
      <ItemType>1</ItemType>
      <ItemName>נודלס איטריות מסולסל</ItemName>
      <ManufacturerName>קריות זול</ManufacturerName>
      <ManufactureCountry>לא ידוע</ManufactureCountry>
      <ManufacturerItemDescription>נודלס איטריות מסולסל</ManufacturerItemDescription>
      <UnitQty>לא ידוע</UnitQty>
      <Quantity>200.00</Quantity>
      <UnitOfMeasure>לא ידוע</UnitOfMeasure>
      <bIsWeighted>0</bIsWeighted>
      <QtyInPackage>לא ידוע</QtyInPackage>
      <ItemPrice>13.90</ItemPrice>
      <UnitOfMeasurePrice>0.0695</UnitOfMeasurePrice>
      <AllowDiscount>1</AllowDiscount>
      <ItemStatus>1</ItemStatus>
      <ItemId>135437</ItemId>
    </Item>
    <Item>
      <PriceUpdateDate>2025-08-26 16:16:11</PriceUpdateDate>
      <ItemCode>7290000334325</ItemCode>
      <ItemType>1</ItemType>
      <ItemName>צ׳יפס למיקרוגל תפוגן</ItemName>
      <ManufacturerName>קריות זול</ManufacturerName>
      <ManufactureCountry>לא ידוע</ManufactureCountry>
      <ManufacturerItemDescription>צ׳יפס למיקרוגל תפוגן</ManufacturerItemDescription>
      <UnitQty>לא ידוע</UnitQty>
      <Quantity>375.00</Quantity>
      <UnitOfMeasure>לא ידוע</UnitOfMeasure>
      <bIsWeighted>0</bIsWeighted>
      <QtyInPackage>לא ידוע</QtyInPackage>
      <ItemPrice>19.90</ItemPrice>
      <UnitOfMeasurePrice>0.0531</UnitOfMeasurePrice>
      <AllowDiscount>1</AllowDiscount>
      <ItemStatus>1</ItemStatus>
      <ItemId>135444</ItemId>
    </Item>
    <Item>
      <PriceUpdateDate>2025-08-26 16:16:11</PriceUpdateDate>
      <ItemCode>7290000334684</ItemCode>
      <ItemType>1</ItemType>
      <ItemName>תפוגן טבעות בצל 700</ItemName>
      <ManufacturerName>קריות זול</ManufacturerName>
      <ManufactureCountry>לא ידוע</ManufactureCountry>
      <ManufacturerItemDescription>תפוגן טבעות בצל 700</ManufacturerItemDescription>
      <UnitQty>לא ידוע</UnitQty>
      <Quantity>700.00</Quantity>
      <UnitOfMeasure>לא ידוע</UnitOfMeasure>
      <bIsWeighted>0</bIsWeighted>
      <QtyInPackage>לא ידוע</QtyInPackage>
      <ItemPrice>24.90</ItemPrice>
      <UnitOfMeasurePrice>0.0356</UnitOfMeasurePrice>
      <AllowDiscount>1</AllowDiscount>
      <ItemStatus>1</ItemStatus>
      <ItemId>135449</ItemId>
    </Item>
    <Item>
      <PriceUpdateDate>2025-08-26 16:16:11</PriceUpdateDate>
      <ItemCode>7290000334745</ItemCode>
      <ItemType>1</ItemType>
      <ItemName>תפוגן אמריקן צ'יפס ה</ItemName>
      <ManufacturerName>לא ידוע</ManufacturerName>
      <ManufactureCountry>לא ידוע</ManufactureCountry>
      <ManufacturerItemDescription>תפוגן אמריקן צ'יפס ה</ManufacturerItemDescription>
      <UnitQty>לא ידוע</UnitQty>
      <Quantity>1500.00</Quantity>
      <UnitOfMeasure>לא ידוע</UnitOfMeasure>
      <bIsWeighted>0</bIsWeighted>
      <QtyInPackage>לא ידוע</QtyInPackage>
      <ItemPrice>32.90</ItemPrice>
      <UnitOfMeasurePrice>0.0219</UnitOfMeasurePrice>
      <AllowDiscount>1</AllowDiscount>
      <ItemStatus>1</ItemStatus>
      <ItemId>135452</ItemId>
    </Item>
    <Item>
      <PriceUpdateDate>2025-08-26 16:16:12</PriceUpdateDate>
      <ItemCode>7290000467153</ItemCode>
      <ItemType>1</ItemType>
      <ItemName>חומוס סמיר הגדול צבר</ItemName>
      <ManufacturerName>לא ידוע</ManufacturerName>
      <ManufactureCountry>לא ידוע</ManufactureCountry>
      <ManufacturerItemDescription>חומוס סמיר הגדול צבר</ManufacturerItemDescription>
      <UnitQty>לא ידוע</UnitQty>
      <Quantity>400.00</Quantity>
      <UnitOfMeasure>לא ידוע</UnitOfMeasure>
      <bIsWeighted>0</bIsWeighted>
      <QtyInPackage>לא ידוע</QtyInPackage>
      <ItemPrice>17.90</ItemPrice>
      <UnitOfMeasurePrice>0.0447</UnitOfMeasurePrice>
      <AllowDiscount>1</AllowDiscount>
      <ItemStatus>1</ItemStatus>
      <ItemId>135535</ItemId>
    </Item>
    <Item>
      <PriceUpdateDate>2025-08-26 16:16:12</PriceUpdateDate>
      <ItemCode>7290000467320</ItemCode>
      <ItemType>1</ItemType>
      <ItemName>חומוס אבו מרוואן צבר</ItemName>
      <ManufacturerName>לא ידוע</ManufacturerName>
      <ManufactureCountry>לא ידוע</ManufactureCountry>
      <ManufacturerItemDescription>חומוס אבו מרוואן צבר</ManufacturerItemDescription>
      <UnitQty>לא ידוע</UnitQty>
      <Quantity>400.00</Quantity>
      <UnitOfMeasure>לא ידוע</UnitOfMeasure>
      <bIsWeighted>0</bIsWeighted>
      <QtyInPackage>לא ידוע</QtyInPackage>
      <ItemPrice>17.90</ItemPrice>
      <UnitOfMeasurePrice>0.0447</UnitOfMeasurePrice>
      <AllowDiscount>1</AllowDiscount>
      <ItemStatus>1</ItemStatus>
      <ItemId>135540</ItemId>
    </Item>
    <Item>
      <PriceUpdateDate>2025-08-26 16:16:13</PriceUpdateDate>
      <ItemCode>7290000493176</ItemCode>
      <ItemType>1</ItemType>
      <ItemName>אבקת רוטב צלי אסם 22</ItemName>
      <ManufacturerName>קריות זול</ManufacturerName>
      <ManufactureCountry>לא ידוע</ManufactureCountry>
      <ManufacturerItemDescription>אבקת רוטב צלי אסם 22</ManufacturerItemDescription>
      <UnitQty>לא ידוע</UnitQty>
      <Quantity>22.00</Quantity>
      <UnitOfMeasure>לא ידוע</UnitOfMeasure>
      <bIsWeighted>0</bIsWeighted>
      <QtyInPackage>לא ידוע</QtyInPackage>
      <ItemPrice>6.90</ItemPrice>
      <UnitOfMeasurePrice>0.3136</UnitOfMeasurePrice>
      <AllowDiscount>1</AllowDiscount>
      <ItemStatus>1</ItemStatus>
      <ItemId>135557</ItemId>
    </Item>
    <Item>
      <PriceUpdateDate>2025-08-26 16:16:13</PriceUpdateDate>
      <ItemCode>7290000493183</ItemCode>
      <ItemType>1</ItemType>
      <ItemName>אבקת רוטב פטריות אסם</ItemName>
      <ManufacturerName>קריות זול</ManufacturerName>
      <ManufactureCountry>לא ידוע</ManufactureCountry>
      <ManufacturerItemDescription>אבקת רוטב פטריות אסם</ManufacturerItemDescription>
      <UnitQty>לא ידוע</UnitQty>
      <Quantity>30.00</Quantity>
      <UnitOfMeasure>לא ידוע</UnitOfMeasure>
      <bIsWeighted>0</bIsWeighted>
      <QtyInPackage>לא ידוע</QtyInPackage>
      <ItemPrice>6.90</ItemPrice>
      <UnitOfMeasurePrice>0.2300</UnitOfMeasurePrice>
      <AllowDiscount>1</AllowDiscount>
      <ItemStatus>1</ItemStatus>
      <ItemId>135558</ItemId>
    </Item>
    <Item>
      <PriceUpdateDate>2025-08-20 13:23:55</PriceUpdateDate>
      <ItemCode>7290002253006</ItemCode>
      <ItemType>1</ItemType>
      <ItemName>שום כתוש דורות 200גר</ItemName>
      <ManufacturerName>קריות זול</ManufacturerName>
      <ManufactureCountry>לא ידוע</ManufactureCountry>
      <ManufacturerItemDescription>שום כתוש דורות 200גר</ManufacturerItemDescription>
      <UnitQty>לא ידוע</UnitQty>
      <Quantity>200.00</Quantity>
      <UnitOfMeasure>לא ידוע</UnitOfMeasure>
      <bIsWeighted>0</bIsWeighted>
      <QtyInPackage>לא ידוע</QtyInPackage>
      <ItemPrice>19.90</ItemPrice>
      <UnitOfMeasurePrice>0.0995</UnitOfMeasurePrice>
      <AllowDiscount>1</AllowDiscount>
      <ItemStatus>1</ItemStatus>
      <ItemId>135586</ItemId>
    </Item>
    <Item>
      <PriceUpdateDate>2025-08-20 13:23:55</PriceUpdateDate>
      <ItemCode>7290002253105</ItemCode>
      <ItemType>1</ItemType>
      <ItemName>קוביות שום דורות 80ג</ItemName>
      <ManufacturerName>קריות זול</ManufacturerName>
      <ManufactureCountry>לא ידוע</ManufactureCountry>
      <ManufacturerItemDescription>קוביות שום דורות 80ג</ManufacturerItemDescription>
      <UnitQty>לא ידוע</UnitQty>
      <Quantity>80.00</Quantity>
      <UnitOfMeasure>לא ידוע</UnitOfMeasure>
      <bIsWeighted>0</bIsWeighted>
      <QtyInPackage>לא ידוע</QtyInPackage>
      <ItemPrice>13.90</ItemPrice>
      <UnitOfMeasurePrice>0.1738</UnitOfMeasurePrice>
      <AllowDiscount>1</AllowDiscount>
      <ItemStatus>1</ItemStatus>
      <ItemId>135591</ItemId>
    </Item>
    <Item>
      <PriceUpdateDate>2025-08-20 13:23:56</PriceUpdateDate>
      <ItemCode>7290002253198</ItemCode>
      <ItemType>1</ItemType>
      <ItemName>גינגר כתוש במגשית דו</ItemName>
      <ManufacturerName>קריות זול</ManufacturerName>
      <ManufactureCountry>לא ידוע</ManufactureCountry>
      <ManufacturerItemDescription>גינגר כתוש במגשית דו</ManufacturerItemDescription>
      <UnitQty>לא ידוע</UnitQty>
      <Quantity>70.00</Quantity>
      <UnitOfMeasure>לא ידוע</UnitOfMeasure>
      <bIsWeighted>0</bIsWeighted>
      <QtyInPackage>לא ידוע</QtyInPackage>
      <ItemPrice>13.90</ItemPrice>
      <UnitOfMeasurePrice>0.1986</UnitOfMeasurePrice>
      <AllowDiscount>1</AllowDiscount>
      <ItemStatus>1</ItemStatus>
      <ItemId>135596</ItemId>
    </Item>
    <Item>
      <PriceUpdateDate>2025-08-26 16:16:16</PriceUpdateDate>
      <ItemCode>7290006567048</ItemCode>
      <ItemType>1</ItemType>
      <ItemName>אסם פתיתי קוסקוס ישר</ItemName>
      <ManufacturerName>קריות זול</ManufacturerName>
      <ManufactureCountry>לא ידוע</ManufactureCountry>
      <ManufacturerItemDescription>אסם פתיתי קוסקוס ישר</ManufacturerItemDescription>
      <UnitQty>לא ידוע</UnitQty>
      <Quantity>350.00</Quantity>
      <UnitOfMeasure>לא ידוע</UnitOfMeasure>
      <bIsWeighted>0</bIsWeighted>
      <QtyInPackage>לא ידוע</QtyInPackage>
      <ItemPrice>9.90</ItemPrice>
      <UnitOfMeasurePrice>0.0283</UnitOfMeasurePrice>
      <AllowDiscount>1</AllowDiscount>
      <ItemStatus>1</ItemStatus>
      <ItemId>135687</ItemId>
    </Item>
    <Item>
      <PriceUpdateDate>2025-08-26 16:16:16</PriceUpdateDate>
      <ItemCode>7290006652027</ItemCode>
      <ItemType>1</ItemType>
      <ItemName>במבה יום הולדת מארז</ItemName>
      <ManufacturerName>לא ידוע</ManufacturerName>
      <ManufactureCountry>לא ידוע</ManufactureCountry>
      <ManufacturerItemDescription>במבה יום הולדת מארז</ManufacturerItemDescription>
      <UnitQty>לא ידוע</UnitQty>
      <Quantity>300.00</Quantity>
      <UnitOfMeasure>לא ידוע</UnitOfMeasure>
      <bIsWeighted>0</bIsWeighted>
      <QtyInPackage>לא ידוע</QtyInPackage>
      <ItemPrice>28.90</ItemPrice>
      <UnitOfMeasurePrice>0.0963</UnitOfMeasurePrice>
      <AllowDiscount>1</AllowDiscount>
      <ItemStatus>1</ItemStatus>
      <ItemId>135701</ItemId>
    </Item>
    <Item>
      <PriceUpdateDate>2025-08-26 16:16:16</PriceUpdateDate>
      <ItemCode>7290006653819</ItemCode>
      <ItemType>1</ItemType>
      <ItemName>קוסקוס דק אסם 350 גר</ItemName>
      <ManufacturerName>קריות זול</ManufacturerName>
      <ManufactureCountry>לא ידוע</ManufactureCountry>
      <ManufacturerItemDescription>קוסקוס דק אסם 350 גר</ManufacturerItemDescription>
      <UnitQty>לא ידוע</UnitQty>
      <Quantity>350.00</Quantity>
      <UnitOfMeasure>לא ידוע</UnitOfMeasure>
      <bIsWeighted>0</bIsWeighted>
      <QtyInPackage>לא ידוע</QtyInPackage>
      <ItemPrice>9.90</ItemPrice>
      <UnitOfMeasurePrice>0.0283</UnitOfMeasurePrice>
      <AllowDiscount>1</AllowDiscount>
      <ItemStatus>1</ItemStatus>
      <ItemId>135710</ItemId>
    </Item>
    <Item>
      <PriceUpdateDate>2025-08-26 16:16:17</PriceUpdateDate>
      <ItemCode>7290006983527</ItemCode>
      <ItemType>1</ItemType>
      <ItemName>עוגת הבית תפוח עץ עם</ItemName>
      <ManufacturerName>קריות זול</ManufacturerName>
      <ManufactureCountry>לא ידוע</ManufactureCountry>
      <ManufacturerItemDescription>עוגת הבית תפוח עץ עם</ManufacturerItemDescription>
      <UnitQty>לא ידוע</UnitQty>
      <Quantity>400.00</Quantity>
      <UnitOfMeasure>לא ידוע</UnitOfMeasure>
      <bIsWeighted>0</bIsWeighted>
      <QtyInPackage>לא ידוע</QtyInPackage>
      <ItemPrice>20.90</ItemPrice>
      <UnitOfMeasurePrice>0.0522</UnitOfMeasurePrice>
      <AllowDiscount>1</AllowDiscount>
      <ItemStatus>1</ItemStatus>
      <ItemId>135743</ItemId>
    </Item>
    <Item>
      <PriceUpdateDate>2025-08-26 16:16:18</PriceUpdateDate>
      <ItemCode>7290006983770</ItemCode>
      <ItemType>1</ItemType>
      <ItemName>עוגת הבית שיש אסם 40</ItemName>
      <ManufacturerName>קריות זול</ManufacturerName>
      <ManufactureCountry>לא ידוע</ManufactureCountry>
      <ManufacturerItemDescription>עוגת הבית שיש אסם 40</ManufacturerItemDescription>
      <UnitQty>לא ידוע</UnitQty>
      <Quantity>400.00</Quantity>
      <UnitOfMeasure>לא ידוע</UnitOfMeasure>
      <bIsWeighted>0</bIsWeighted>
      <QtyInPackage>לא ידוע</QtyInPackage>
      <ItemPrice>15.90</ItemPrice>
      <UnitOfMeasurePrice>0.0398</UnitOfMeasurePrice>
      <AllowDiscount>1</AllowDiscount>
      <ItemStatus>1</ItemStatus>
      <ItemId>135745</ItemId>
    </Item>
    <Item>
      <PriceUpdateDate>2025-08-26 16:16:18</PriceUpdateDate>
      <ItemCode>7290006983787</ItemCode>
      <ItemType>1</ItemType>
      <ItemName>עוגת הבית שוקוציפס א</ItemName>
      <ManufacturerName>קריות זול</ManufacturerName>
      <ManufactureCountry>לא ידוע</ManufactureCountry>
      <ManufacturerItemDescription>עוגת הבית שוקוציפס א</ManufacturerItemDescription>
      <UnitQty>לא ידוע</UnitQty>
      <Quantity>400.00</Quantity>
      <UnitOfMeasure>לא ידוע</UnitOfMeasure>
      <bIsWeighted>0</bIsWeighted>
      <QtyInPackage>לא ידוע</QtyInPackage>
      <ItemPrice>15.90</ItemPrice>
      <UnitOfMeasurePrice>0.0398</UnitOfMeasurePrice>
      <AllowDiscount>1</AllowDiscount>
      <ItemStatus>1</ItemStatus>
      <ItemId>135746</ItemId>
    </Item>
    <Item>
      <PriceUpdateDate>2025-08-26 16:16:18</PriceUpdateDate>
      <ItemCode>7290006983794</ItemCode>
      <ItemType>1</ItemType>
      <ItemName>עוגת הבית תפוז אסם 4</ItemName>
      <ManufacturerName>קריות זול</ManufacturerName>
      <ManufactureCountry>לא ידוע</ManufactureCountry>
      <ManufacturerItemDescription>עוגת הבית תפוז אסם 4</ManufacturerItemDescription>
      <UnitQty>לא ידוע</UnitQty>
      <Quantity>400.00</Quantity>
      <UnitOfMeasure>לא ידוע</UnitOfMeasure>
      <bIsWeighted>0</bIsWeighted>
      <QtyInPackage>לא ידוע</QtyInPackage>
      <ItemPrice>15.90</ItemPrice>
      <UnitOfMeasurePrice>0.0398</UnitOfMeasurePrice>
      <AllowDiscount>1</AllowDiscount>
      <ItemStatus>1</ItemStatus>
      <ItemId>135747</ItemId>
    </Item>
    <Item>
      <PriceUpdateDate>2025-08-26 16:16:19</PriceUpdateDate>
      <ItemCode>7290006992192</ItemCode>
      <ItemType>1</ItemType>
      <ItemName>דייסת סולת מטרנה 220</ItemName>
      <ManufacturerName>קריות זול</ManufacturerName>
      <ManufactureCountry>לא ידוע</ManufactureCountry>
      <ManufacturerItemDescription>דייסת סולת מטרנה 220</ManufacturerItemDescription>
      <UnitQty>לא ידוע</UnitQty>
      <Quantity>200.00</Quantity>
      <UnitOfMeasure>לא ידוע</UnitOfMeasure>
      <bIsWeighted>0</bIsWeighted>
      <QtyInPackage>לא ידוע</QtyInPackage>
      <ItemPrice>19.90</ItemPrice>
      <UnitOfMeasurePrice>0.0995</UnitOfMeasurePrice>
      <AllowDiscount>1</AllowDiscount>
      <ItemStatus>1</ItemStatus>
      <ItemId>135759</ItemId>
    </Item>
    <Item>
      <PriceUpdateDate>2025-08-26 16:16:20</PriceUpdateDate>
      <ItemCode>7290006992208</ItemCode>
      <ItemType>1</ItemType>
      <ItemName>דייסת דגנים מעורבים</ItemName>
      <ManufacturerName>קריות זול</ManufacturerName>
      <ManufactureCountry>לא ידוע</ManufactureCountry>
      <ManufacturerItemDescription>דייסת דגנים מעורבים</ManufacturerItemDescription>
      <UnitQty>לא ידוע</UnitQty>
      <Quantity>200.00</Quantity>
      <UnitOfMeasure>לא ידוע</UnitOfMeasure>
      <bIsWeighted>0</bIsWeighted>
      <QtyInPackage>לא ידוע</QtyInPackage>
      <ItemPrice>19.90</ItemPrice>
      <UnitOfMeasurePrice>0.0995</UnitOfMeasurePrice>
      <AllowDiscount>1</AllowDiscount>
      <ItemStatus>1</ItemStatus>
      <ItemId>135760</ItemId>
    </Item>
    <Item>
      <PriceUpdateDate>2025-08-26 16:16:20</PriceUpdateDate>
      <ItemCode>7290008775816</ItemCode>
      <ItemType>1</ItemType>
      <ItemName>ערגליות שוקו אסם 300</ItemName>
      <ManufacturerName>קריות זול</ManufacturerName>
      <ManufactureCountry>לא ידוע</ManufactureCountry>
      <ManufacturerItemDescription>ערגליות שוקו אסם 300</ManufacturerItemDescription>
      <UnitQty>לא ידוע</UnitQty>
      <Quantity>300.00</Quantity>
      <UnitOfMeasure>לא ידוע</UnitOfMeasure>
      <bIsWeighted>0</bIsWeighted>
      <QtyInPackage>לא ידוע</QtyInPackage>
      <ItemPrice>12.90</ItemPrice>
      <UnitOfMeasurePrice>0.0430</UnitOfMeasurePrice>
      <AllowDiscount>1</AllowDiscount>
      <ItemStatus>1</ItemStatus>
      <ItemId>135809</ItemId>
    </Item>
    <Item>
      <PriceUpdateDate>2025-08-26 16:16:20</PriceUpdateDate>
      <ItemCode>7290008775823</ItemCode>
      <ItemType>1</ItemType>
      <ItemName>ערגליות תות אסם 300ג</ItemName>
      <ManufacturerName>קריות זול</ManufacturerName>
      <ManufactureCountry>לא ידוע</ManufactureCountry>
      <ManufacturerItemDescription>ערגליות תות אסם 300ג</ManufacturerItemDescription>
      <UnitQty>לא ידוע</UnitQty>
      <Quantity>300.00</Quantity>
      <UnitOfMeasure>לא ידוע</UnitOfMeasure>
      <bIsWeighted>0</bIsWeighted>
      <QtyInPackage>לא ידוע</QtyInPackage>
      <ItemPrice>12.90</ItemPrice>
      <UnitOfMeasurePrice>0.0430</UnitOfMeasurePrice>
      <AllowDiscount>1</AllowDiscount>
      <ItemStatus>1</ItemStatus>
      <ItemId>135810</ItemId>
    </Item>
    <Item>
      <PriceUpdateDate>2025-08-26 16:16:22</PriceUpdateDate>
      <ItemCode>7290011378776</ItemCode>
      <ItemType>1</ItemType>
      <ItemName>בארכה חטיף חלבה פיסט</ItemName>
      <ManufacturerName>לא ידוע</ManufacturerName>
      <ManufactureCountry>לא ידוע</ManufactureCountry>
      <ManufacturerItemDescription>בארכה חטיף חלבה פיסט</ManufacturerItemDescription>
      <UnitQty>לא ידוע</UnitQty>
      <Quantity>126.00</Quantity>
      <UnitOfMeasure>לא ידוע</UnitOfMeasure>
      <bIsWeighted>0</bIsWeighted>
      <QtyInPackage>לא ידוע</QtyInPackage>
      <ItemPrice>15.90</ItemPrice>
      <UnitOfMeasurePrice>0.1262</UnitOfMeasurePrice>
      <AllowDiscount>1</AllowDiscount>
      <ItemStatus>1</ItemStatus>
      <ItemId>135905</ItemId>
    </Item>
    <Item>
      <PriceUpdateDate>2025-07-01 16:32:28</PriceUpdateDate>
      <ItemCode>7290011447281</ItemCode>
      <ItemType>1</ItemType>
      <ItemName>מטרנה חלבי שלב 2 700</ItemName>
      <ManufacturerName>לא ידוע</ManufacturerName>
      <ManufactureCountry>לא ידוע</ManufactureCountry>
      <ManufacturerItemDescription>מטרנה חלבי שלב 2 700</ManufacturerItemDescription>
      <UnitQty>לא ידוע</UnitQty>
      <Quantity>700.00</Quantity>
      <UnitOfMeasure>לא ידוע</UnitOfMeasure>
      <bIsWeighted>0</bIsWeighted>
      <QtyInPackage>לא ידוע</QtyInPackage>
      <ItemPrice>63.90</ItemPrice>
      <UnitOfMeasurePrice>0.0913</UnitOfMeasurePrice>
      <AllowDiscount>1</AllowDiscount>
      <ItemStatus>1</ItemStatus>
      <ItemId>135919</ItemId>
    </Item>
    <Item>
      <PriceUpdateDate>2025-08-31 10:12:16</PriceUpdateDate>
      <ItemCode>7290107958035</ItemCode>
      <ItemType>1</ItemType>
      <ItemName>דנונה מארז שמינייה מ</ItemName>
      <ManufacturerName>לא ידוע</ManufacturerName>
      <ManufactureCountry>לא ידוע</ManufactureCountry>
      <ManufacturerItemDescription>דנונה מארז שמינייה מ</ManufacturerItemDescription>
      <UnitQty>לא ידוע</UnitQty>
      <Quantity>1200.00</Quantity>
      <UnitOfMeasure>לא ידוע</UnitOfMeasure>
      <bIsWeighted>0</bIsWeighted>
      <QtyInPackage>לא ידוע</QtyInPackage>
      <ItemPrice>23.90</ItemPrice>
      <UnitOfMeasurePrice>0.0199</UnitOfMeasurePrice>
      <AllowDiscount>1</AllowDiscount>
      <ItemStatus>1</ItemStatus>
      <ItemId>209079</ItemId>
    </Item>
    <Item>
      <PriceUpdateDate>2025-08-26 16:16:23</PriceUpdateDate>
      <ItemCode>7290011800840</ItemCode>
      <ItemType>1</ItemType>
      <ItemName>טחינה בלאדי צבר 400ג</ItemName>
      <ManufacturerName>לא ידוע</ManufacturerName>
      <ManufactureCountry>לא ידוע</ManufactureCountry>
      <ManufacturerItemDescription>טחינה בלאדי צבר 400ג</ManufacturerItemDescription>
      <UnitQty>לא ידוע</UnitQty>
      <Quantity>400.00</Quantity>
      <UnitOfMeasure>לא ידוע</UnitOfMeasure>
      <bIsWeighted>0</bIsWeighted>
      <QtyInPackage>לא ידוע</QtyInPackage>
      <ItemPrice>19.90</ItemPrice>
      <UnitOfMeasurePrice>0.0497</UnitOfMeasurePrice>
      <AllowDiscount>1</AllowDiscount>
      <ItemStatus>1</ItemStatus>
      <ItemId>135954</ItemId>
    </Item>
    <Item>
      <PriceUpdateDate>2025-08-26 16:10:48</PriceUpdateDate>
      <ItemCode>7290011860271</ItemCode>
      <ItemType>1</ItemType>
      <ItemName>ביסבול טבעי תפוגן 70</ItemName>
      <ManufacturerName>לא ידוע</ManufacturerName>
      <ManufactureCountry>לא ידוע</ManufactureCountry>
      <ManufacturerItemDescription>ביסבול טבעי תפוגן 70</ManufacturerItemDescription>
      <UnitQty>לא ידוע</UnitQty>
      <Quantity>700.00</Quantity>
      <UnitOfMeasure>לא ידוע</UnitOfMeasure>
      <bIsWeighted>0</bIsWeighted>
      <QtyInPackage>לא ידוע</QtyInPackage>
      <ItemPrice>22.90</ItemPrice>
      <UnitOfMeasurePrice>0.0327</UnitOfMeasurePrice>
      <AllowDiscount>1</AllowDiscount>
      <ItemStatus>1</ItemStatus>
      <ItemId>135959</ItemId>
    </Item>
    <Item>
      <PriceUpdateDate>2025-08-26 16:16:24</PriceUpdateDate>
      <ItemCode>7290013083678</ItemCode>
      <ItemType>1</ItemType>
      <ItemName>מטרנה אקסטרא קר שלב</ItemName>
      <ManufacturerName>לא ידוע</ManufacturerName>
      <ManufactureCountry>לא ידוע</ManufactureCountry>
      <ManufacturerItemDescription>מטרנה אקסטרא קר שלב</ManufacturerItemDescription>
      <UnitQty>לא ידוע</UnitQty>
      <Quantity>700.00</Quantity>
      <UnitOfMeasure>לא ידוע</UnitOfMeasure>
      <bIsWeighted>0</bIsWeighted>
      <QtyInPackage>לא ידוע</QtyInPackage>
      <ItemPrice>65.90</ItemPrice>
      <UnitOfMeasurePrice>0.0941</UnitOfMeasurePrice>
      <AllowDiscount>1</AllowDiscount>
      <ItemStatus>1</ItemStatus>
      <ItemId>136003</ItemId>
    </Item>
    <Item>
      <PriceUpdateDate>2025-09-04 11:40:37</PriceUpdateDate>
      <ItemCode>7290014459137</ItemCode>
      <ItemType>1</ItemType>
      <ItemName>תפוגן סטייק צ'יפס 1.</ItemName>
      <ManufacturerName>לא ידוע</ManufacturerName>
      <ManufactureCountry>לא ידוע</ManufactureCountry>
      <ManufacturerItemDescription>תפוגן סטייק צ'יפס 1.</ManufacturerItemDescription>
      <UnitQty>לא ידוע</UnitQty>
      <Quantity>1500.00</Quantity>
      <UnitOfMeasure>לא ידוע</UnitOfMeasure>
      <bIsWeighted>0</bIsWeighted>
      <QtyInPackage>לא ידוע</QtyInPackage>
      <ItemPrice>32.90</ItemPrice>
      <UnitOfMeasurePrice>0.0219</UnitOfMeasurePrice>
      <AllowDiscount>1</AllowDiscount>
      <ItemStatus>1</ItemStatus>
      <ItemId>136053</ItemId>
    </Item>
    <Item>
      <PriceUpdateDate>2025-09-04 11:40:39</PriceUpdateDate>
      <ItemCode>7290016246025</ItemCode>
      <ItemType>1</ItemType>
      <ItemName>בארכה חלבה ללא סוכר</ItemName>
      <ManufacturerName>לא ידוע</ManufacturerName>
      <ManufactureCountry>לא ידוע</ManufactureCountry>
      <ManufacturerItemDescription>בארכה חלבה ללא סוכר</ManufacturerItemDescription>
      <UnitQty>לא ידוע</UnitQty>
      <Quantity>200.00</Quantity>
      <UnitOfMeasure>לא ידוע</UnitOfMeasure>
      <bIsWeighted>0</bIsWeighted>
      <QtyInPackage>לא ידוע</QtyInPackage>
      <ItemPrice>16.90</ItemPrice>
      <UnitOfMeasurePrice>0.0845</UnitOfMeasurePrice>
      <AllowDiscount>1</AllowDiscount>
      <ItemStatus>1</ItemStatus>
      <ItemId>136091</ItemId>
    </Item>
    <Item>
      <PriceUpdateDate>2025-07-01 16:32:32</PriceUpdateDate>
      <ItemCode>7290100680650</ItemCode>
      <ItemType>1</ItemType>
      <ItemName>מנה חמה נודלס ירקות</ItemName>
      <ManufacturerName>לא ידוע</ManufacturerName>
      <ManufactureCountry>לא ידוע</ManufactureCountry>
      <ManufacturerItemDescription>מנה חמה נודלס ירקות</ManufacturerItemDescription>
      <UnitQty>לא ידוע</UnitQty>
      <Quantity>76.00</Quantity>
      <UnitOfMeasure>לא ידוע</UnitOfMeasure>
      <bIsWeighted>0</bIsWeighted>
      <QtyInPackage>לא ידוע</QtyInPackage>
      <ItemPrice>8.90</ItemPrice>
      <UnitOfMeasurePrice>0.1171</UnitOfMeasurePrice>
      <AllowDiscount>1</AllowDiscount>
      <ItemStatus>1</ItemStatus>
      <ItemId>136101</ItemId>
    </Item>
    <Item>
      <PriceUpdateDate>2025-07-01 16:32:32</PriceUpdateDate>
      <ItemCode>7290100680667</ItemCode>
      <ItemType>1</ItemType>
      <ItemName>מנה חמה נודלס בסגנון</ItemName>
      <ManufacturerName>לא ידוע</ManufacturerName>
      <ManufactureCountry>לא ידוע</ManufactureCountry>
      <ManufacturerItemDescription>מנה חמה נודלס בסגנון</ManufacturerItemDescription>
      <UnitQty>לא ידוע</UnitQty>
      <Quantity>76.00</Quantity>
      <UnitOfMeasure>לא ידוע</UnitOfMeasure>
      <bIsWeighted>0</bIsWeighted>
      <QtyInPackage>לא ידוע</QtyInPackage>
      <ItemPrice>8.90</ItemPrice>
      <UnitOfMeasurePrice>0.1171</UnitOfMeasurePrice>
      <AllowDiscount>1</AllowDiscount>
      <ItemStatus>1</ItemStatus>
      <ItemId>136102</ItemId>
    </Item>
    <Item>
      <PriceUpdateDate>2025-09-02 11:44:16</PriceUpdateDate>
      <ItemCode>7290100680711</ItemCode>
      <ItemType>1</ItemType>
      <ItemName>פירורית זהב שקית אסם</ItemName>
      <ManufacturerName>לא ידוע</ManufacturerName>
      <ManufactureCountry>לא ידוע</ManufactureCountry>
      <ManufacturerItemDescription>פירורית זהב שקית אסם</ManufacturerItemDescription>
      <UnitQty>לא ידוע</UnitQty>
      <Quantity>350.00</Quantity>
      <UnitOfMeasure>לא ידוע</UnitOfMeasure>
      <bIsWeighted>0</bIsWeighted>
      <QtyInPackage>לא ידוע</QtyInPackage>
      <ItemPrice>10.90</ItemPrice>
      <UnitOfMeasurePrice>0.0311</UnitOfMeasurePrice>
      <AllowDiscount>1</AllowDiscount>
      <ItemStatus>1</ItemStatus>
      <ItemId>136104</ItemId>
    </Item>
    <Item>
      <PriceUpdateDate>2025-09-04 11:40:43</PriceUpdateDate>
      <ItemCode>7290100680728</ItemCode>
      <ItemType>1</ItemType>
      <ItemName>פירורית אסם שקית 350</ItemName>
      <ManufacturerName>לא ידוע</ManufacturerName>
      <ManufactureCountry>לא ידוע</ManufactureCountry>
      <ManufacturerItemDescription>פירורית אסם שקית 350</ManufacturerItemDescription>
      <UnitQty>לא ידוע</UnitQty>
      <Quantity>350.00</Quantity>
      <UnitOfMeasure>לא ידוע</UnitOfMeasure>
      <bIsWeighted>0</bIsWeighted>
      <QtyInPackage>לא ידוע</QtyInPackage>
      <ItemPrice>11.90</ItemPrice>
      <UnitOfMeasurePrice>0.0340</UnitOfMeasurePrice>
      <AllowDiscount>1</AllowDiscount>
      <ItemStatus>1</ItemStatus>
      <ItemId>136105</ItemId>
    </Item>
    <Item>
      <PriceUpdateDate>2025-09-04 11:40:43</PriceUpdateDate>
      <ItemCode>7290100681015</ItemCode>
      <ItemType>1</ItemType>
      <ItemName>פודינג ריבת חלב אסם</ItemName>
      <ManufacturerName>לא ידוע</ManufacturerName>
      <ManufactureCountry>לא ידוע</ManufactureCountry>
      <ManufacturerItemDescription>פודינג ריבת חלב אסם</ManufacturerItemDescription>
      <UnitQty>לא ידוע</UnitQty>
      <Quantity>84.00</Quantity>
      <UnitOfMeasure>לא ידוע</UnitOfMeasure>
      <bIsWeighted>0</bIsWeighted>
      <QtyInPackage>לא ידוע</QtyInPackage>
      <ItemPrice>6.50</ItemPrice>
      <UnitOfMeasurePrice>0.0774</UnitOfMeasurePrice>
      <AllowDiscount>1</AllowDiscount>
      <ItemStatus>1</ItemStatus>
      <ItemId>136108</ItemId>
    </Item>
    <Item>
      <PriceUpdateDate>2025-09-04 11:40:43</PriceUpdateDate>
      <ItemCode>7290100681138</ItemCode>
      <ItemType>1</ItemType>
      <ItemName>אפרופו מארז אסם 3*50</ItemName>
      <ManufacturerName>קריות זול</ManufacturerName>
      <ManufactureCountry>לא ידוע</ManufactureCountry>
      <ManufacturerItemDescription>אפרופו מארז אסם 3*50</ManufacturerItemDescription>
      <UnitQty>לא ידוע</UnitQty>
      <Quantity>150.00</Quantity>
      <UnitOfMeasure>לא ידוע</UnitOfMeasure>
      <bIsWeighted>0</bIsWeighted>
      <QtyInPackage>לא ידוע</QtyInPackage>
      <ItemPrice>16.90</ItemPrice>
      <UnitOfMeasurePrice>0.1127</UnitOfMeasurePrice>
      <AllowDiscount>1</AllowDiscount>
      <ItemStatus>1</ItemStatus>
      <ItemId>136111</ItemId>
    </Item>
    <Item>
      <PriceUpdateDate>2025-08-26 11:20:47</PriceUpdateDate>
      <ItemCode>7290110321277</ItemCode>
      <ItemType>1</ItemType>
      <ItemName>קוטג בקטנה 5% מהדרין</ItemName>
      <ManufacturerName>קריות זול</ManufacturerName>
      <ManufactureCountry>לא ידוע</ManufactureCountry>
      <ManufacturerItemDescription>קוטג בקטנה 5% מהדרין</ManufacturerItemDescription>
      <UnitQty>לא ידוע</UnitQty>
      <Quantity>100.00</Quantity>
      <UnitOfMeasure>לא ידוע</UnitOfMeasure>
      <bIsWeighted>0</bIsWeighted>
      <QtyInPackage>לא ידוע</QtyInPackage>
      <ItemPrice>3.50</ItemPrice>
      <UnitOfMeasurePrice>0.0350</UnitOfMeasurePrice>
      <AllowDiscount>1</AllowDiscount>
      <ItemStatus>1</ItemStatus>
      <ItemId>209678</ItemId>
    </Item>
    <Item>
      <PriceUpdateDate>2025-09-04 11:40:46</PriceUpdateDate>
      <ItemCode>7290100685136</ItemCode>
      <ItemType>1</ItemType>
      <ItemName>אבקת מרק בטעם עוף אס</ItemName>
      <ManufacturerName>לא ידוע</ManufacturerName>
      <ManufactureCountry>לא ידוע</ManufactureCountry>
      <ManufacturerItemDescription>אבקת מרק בטעם עוף אס</ManufacturerItemDescription>
      <UnitQty>לא ידוע</UnitQty>
      <Quantity>1000.00</Quantity>
      <UnitOfMeasure>לא ידוע</UnitOfMeasure>
      <bIsWeighted>0</bIsWeighted>
      <QtyInPackage>לא ידוע</QtyInPackage>
      <ItemPrice>19.90</ItemPrice>
      <UnitOfMeasurePrice>0.0199</UnitOfMeasurePrice>
      <AllowDiscount>1</AllowDiscount>
      <ItemStatus>1</ItemStatus>
      <ItemId>136195</ItemId>
    </Item>
    <Item>
      <PriceUpdateDate>2025-09-04 11:40:47</PriceUpdateDate>
      <ItemCode>7290100685334</ItemCode>
      <ItemType>1</ItemType>
      <ItemName>מרק עוף רכיבים טבעיי</ItemName>
      <ManufacturerName>קריות זול</ManufacturerName>
      <ManufactureCountry>לא ידוע</ManufactureCountry>
      <ManufacturerItemDescription>מרק עוף רכיבים טבעיי</ManufacturerItemDescription>
      <UnitQty>לא ידוע</UnitQty>
      <Quantity>400.00</Quantity>
      <UnitOfMeasure>לא ידוע</UnitOfMeasure>
      <bIsWeighted>0</bIsWeighted>
      <QtyInPackage>לא ידוע</QtyInPackage>
      <ItemPrice>33.90</ItemPrice>
      <UnitOfMeasurePrice>0.0847</UnitOfMeasurePrice>
      <AllowDiscount>1</AllowDiscount>
      <ItemStatus>1</ItemStatus>
      <ItemId>136205</ItemId>
    </Item>
    <Item>
      <PriceUpdateDate>2025-09-04 11:40:48</PriceUpdateDate>
      <ItemCode>7290100685341</ItemCode>
      <ItemType>1</ItemType>
      <ItemName>אסם מרק זך טעם עוף ר</ItemName>
      <ManufacturerName>לא ידוע</ManufacturerName>
      <ManufactureCountry>לא ידוע</ManufactureCountry>
      <ManufacturerItemDescription>אסם מרק זך טעם עוף ר</ManufacturerItemDescription>
      <UnitQty>לא ידוע</UnitQty>
      <Quantity>400.00</Quantity>
      <UnitOfMeasure>לא ידוע</UnitOfMeasure>
      <bIsWeighted>0</bIsWeighted>
      <QtyInPackage>לא ידוע</QtyInPackage>
      <ItemPrice>23.90</ItemPrice>
      <UnitOfMeasurePrice>0.0597</UnitOfMeasurePrice>
      <AllowDiscount>1</AllowDiscount>
      <ItemStatus>1</ItemStatus>
      <ItemId>136206</ItemId>
    </Item>
    <Item>
      <PriceUpdateDate>2025-07-01 16:32:35</PriceUpdateDate>
      <ItemCode>7290100687109</ItemCode>
      <ItemType>1</ItemType>
      <ItemName>במבה במילוי נוגט אסם</ItemName>
      <ManufacturerName>לא ידוע</ManufacturerName>
      <ManufactureCountry>לא ידוע</ManufactureCountry>
      <ManufacturerItemDescription>במבה במילוי נוגט אסם</ManufacturerItemDescription>
      <UnitQty>לא ידוע</UnitQty>
      <Quantity>60.00</Quantity>
      <UnitOfMeasure>לא ידוע</UnitOfMeasure>
      <bIsWeighted>0</bIsWeighted>
      <QtyInPackage>לא ידוע</QtyInPackage>
      <ItemPrice>6.90</ItemPrice>
      <UnitOfMeasurePrice>0.1150</UnitOfMeasurePrice>
      <AllowDiscount>1</AllowDiscount>
      <ItemStatus>1</ItemStatus>
      <ItemId>136253</ItemId>
    </Item>
    <Item>
      <PriceUpdateDate>2025-09-04 11:40:50</PriceUpdateDate>
      <ItemCode>7290100689301</ItemCode>
      <ItemType>1</ItemType>
      <ItemName>אסם עדיף זך טעם עוף</ItemName>
      <ManufacturerName>לא ידוע</ManufacturerName>
      <ManufactureCountry>לא ידוע</ManufactureCountry>
      <ManufacturerItemDescription>אסם עדיף זך טעם עוף</ManufacturerItemDescription>
      <UnitQty>לא ידוע</UnitQty>
      <Quantity>400.00</Quantity>
      <UnitOfMeasure>לא ידוע</UnitOfMeasure>
      <bIsWeighted>0</bIsWeighted>
      <QtyInPackage>לא ידוע</QtyInPackage>
      <ItemPrice>20.90</ItemPrice>
      <UnitOfMeasurePrice>0.0522</UnitOfMeasurePrice>
      <AllowDiscount>1</AllowDiscount>
      <ItemStatus>1</ItemStatus>
      <ItemId>136318</ItemId>
    </Item>
    <Item>
      <PriceUpdateDate>2025-09-04 11:40:50</PriceUpdateDate>
      <ItemCode>7290104500572</ItemCode>
      <ItemType>1</ItemType>
      <ItemName>אפרופו חטיף איטליאנו</ItemName>
      <ManufacturerName>לא ידוע</ManufacturerName>
      <ManufactureCountry>לא ידוע</ManufactureCountry>
      <ManufacturerItemDescription>אפרופו חטיף איטליאנו</ManufacturerItemDescription>
      <UnitQty>לא ידוע</UnitQty>
      <Quantity>50.00</Quantity>
      <UnitOfMeasure>לא ידוע</UnitOfMeasure>
      <bIsWeighted>0</bIsWeighted>
      <QtyInPackage>לא ידוע</QtyInPackage>
      <ItemPrice>6.90</ItemPrice>
      <UnitOfMeasurePrice>0.1380</UnitOfMeasurePrice>
      <AllowDiscount>1</AllowDiscount>
      <ItemStatus>1</ItemStatus>
      <ItemId>136348</ItemId>
    </Item>
    <Item>
      <PriceUpdateDate>2025-09-04 11:40:50</PriceUpdateDate>
      <ItemCode>7290104501661</ItemCode>
      <ItemType>1</ItemType>
      <ItemName>אסם פודינג בטעם וניל</ItemName>
      <ManufacturerName>לא ידוע</ManufacturerName>
      <ManufactureCountry>לא ידוע</ManufactureCountry>
      <ManufacturerItemDescription>אסם פודינג בטעם וניל</ManufacturerItemDescription>
      <UnitQty>לא ידוע</UnitQty>
      <Quantity>80.00</Quantity>
      <UnitOfMeasure>לא ידוע</UnitOfMeasure>
      <bIsWeighted>0</bIsWeighted>
      <QtyInPackage>לא ידוע</QtyInPackage>
      <ItemPrice>6.50</ItemPrice>
      <UnitOfMeasurePrice>0.0813</UnitOfMeasurePrice>
      <AllowDiscount>1</AllowDiscount>
      <ItemStatus>1</ItemStatus>
      <ItemId>136352</ItemId>
    </Item>
    <Item>
      <PriceUpdateDate>2025-09-04 11:40:50</PriceUpdateDate>
      <ItemCode>7290104504228</ItemCode>
      <ItemType>1</ItemType>
      <ItemName>דובונים מולטיפק אסם</ItemName>
      <ManufacturerName>לא ידוע</ManufacturerName>
      <ManufactureCountry>לא ידוע</ManufactureCountry>
      <ManufacturerItemDescription>דובונים מולטיפק אסם</ManufacturerItemDescription>
      <UnitQty>לא ידוע</UnitQty>
      <Quantity>100.00</Quantity>
      <UnitOfMeasure>לא ידוע</UnitOfMeasure>
      <bIsWeighted>0</bIsWeighted>
      <QtyInPackage>לא ידוע</QtyInPackage>
      <ItemPrice>18.90</ItemPrice>
      <UnitOfMeasurePrice>0.1890</UnitOfMeasurePrice>
      <AllowDiscount>1</AllowDiscount>
      <ItemStatus>1</ItemStatus>
      <ItemId>136392</ItemId>
    </Item>
    <Item>
      <PriceUpdateDate>2025-08-27 14:21:51</PriceUpdateDate>
      <ItemCode>7290105691248</ItemCode>
      <ItemType>1</ItemType>
      <ItemName>פריכונים חטיפי טורטי</ItemName>
      <ManufacturerName>לא ידוע</ManufacturerName>
      <ManufactureCountry>לא ידוע</ManufactureCountry>
      <ManufacturerItemDescription>פריכונים חטיפי טורטי</ManufacturerItemDescription>
      <UnitQty>לא ידוע</UnitQty>
      <Quantity>60.00</Quantity>
      <UnitOfMeasure>לא ידוע</UnitOfMeasure>
      <bIsWeighted>0</bIsWeighted>
      <QtyInPackage>לא ידוע</QtyInPackage>
      <ItemPrice>10.50</ItemPrice>
      <UnitOfMeasurePrice>0.1750</UnitOfMeasurePrice>
      <AllowDiscount>1</AllowDiscount>
      <ItemStatus>1</ItemStatus>
      <ItemId>136463</ItemId>
    </Item>
    <Item>
      <PriceUpdateDate>2025-09-04 11:40:56</PriceUpdateDate>
      <ItemCode>7290105693341</ItemCode>
      <ItemType>1</ItemType>
      <ItemName>במבה מארז אסם 10*25ג</ItemName>
      <ManufacturerName>לא ידוע</ManufacturerName>
      <ManufactureCountry>לא ידוע</ManufactureCountry>
      <ManufacturerItemDescription>במבה מארז אסם 10*25ג</ManufacturerItemDescription>
      <UnitQty>לא ידוע</UnitQty>
      <Quantity>250.00</Quantity>
      <UnitOfMeasure>לא ידוע</UnitOfMeasure>
      <bIsWeighted>0</bIsWeighted>
      <QtyInPackage>לא ידוע</QtyInPackage>
      <ItemPrice>18.90</ItemPrice>
      <UnitOfMeasurePrice>0.0756</UnitOfMeasurePrice>
      <AllowDiscount>1</AllowDiscount>
      <ItemStatus>1</ItemStatus>
      <ItemId>136501</ItemId>
    </Item>
    <Item>
      <PriceUpdateDate>2025-08-27 08:03:27</PriceUpdateDate>
      <ItemCode>7290105693457</ItemCode>
      <ItemType>1</ItemType>
      <ItemName>עוגת הבית דמקה שוקו</ItemName>
      <ManufacturerName>לא ידוע</ManufacturerName>
      <ManufactureCountry>לא ידוע</ManufactureCountry>
      <ManufacturerItemDescription>עוגת הבית דמקה שוקו</ManufacturerItemDescription>
      <UnitQty>לא ידוע</UnitQty>
      <Quantity>320.00</Quantity>
      <UnitOfMeasure>לא ידוע</UnitOfMeasure>
      <bIsWeighted>0</bIsWeighted>
      <QtyInPackage>לא ידוע</QtyInPackage>
      <ItemPrice>15.90</ItemPrice>
      <UnitOfMeasurePrice>0.0497</UnitOfMeasurePrice>
      <AllowDiscount>1</AllowDiscount>
      <ItemStatus>1</ItemStatus>
      <ItemId>136503</ItemId>
    </Item>
    <Item>
      <PriceUpdateDate>2025-09-04 11:40:57</PriceUpdateDate>
      <ItemCode>7290105695024</ItemCode>
      <ItemType>1</ItemType>
      <ItemName>פתיתים אפויים אורז ע</ItemName>
      <ManufacturerName>לא ידוע</ManufacturerName>
      <ManufactureCountry>לא ידוע</ManufactureCountry>
      <ManufacturerItemDescription>פתיתים אפויים אורז ע</ManufacturerItemDescription>
      <UnitQty>לא ידוע</UnitQty>
      <Quantity>500.00</Quantity>
      <UnitOfMeasure>לא ידוע</UnitOfMeasure>
      <bIsWeighted>0</bIsWeighted>
      <QtyInPackage>לא ידוע</QtyInPackage>
      <ItemPrice>8.90</ItemPrice>
      <UnitOfMeasurePrice>0.0178</UnitOfMeasurePrice>
      <AllowDiscount>1</AllowDiscount>
      <ItemStatus>1</ItemStatus>
      <ItemId>136537</ItemId>
    </Item>
    <Item>
      <PriceUpdateDate>2025-09-04 11:40:57</PriceUpdateDate>
      <ItemCode>7290105695321</ItemCode>
      <ItemType>1</ItemType>
      <ItemName>עוגות הבית בראוניס פ</ItemName>
      <ManufacturerName>לא ידוע</ManufacturerName>
      <ManufactureCountry>לא ידוע</ManufactureCountry>
      <ManufacturerItemDescription>עוגות הבית בראוניס פ</ManufacturerItemDescription>
      <UnitQty>לא ידוע</UnitQty>
      <Quantity>380.00</Quantity>
      <UnitOfMeasure>לא ידוע</UnitOfMeasure>
      <bIsWeighted>0</bIsWeighted>
      <QtyInPackage>לא ידוע</QtyInPackage>
      <ItemPrice>20.90</ItemPrice>
      <UnitOfMeasurePrice>0.0550</UnitOfMeasurePrice>
      <AllowDiscount>1</AllowDiscount>
      <ItemStatus>1</ItemStatus>
      <ItemId>136543</ItemId>
    </Item>
    <Item>
      <PriceUpdateDate>2025-08-31 10:24:56</PriceUpdateDate>
      <ItemCode>7290106571907</ItemCode>
      <ItemType>1</ItemType>
      <ItemName>פיטנס עוגיות שוקולד</ItemName>
      <ManufacturerName>לא ידוע</ManufacturerName>
      <ManufactureCountry>לא ידוע</ManufactureCountry>
      <ManufacturerItemDescription>פיטנס עוגיות שוקולד</ManufacturerItemDescription>
      <UnitQty>לא ידוע</UnitQty>
      <Quantity>180.00</Quantity>
      <UnitOfMeasure>לא ידוע</UnitOfMeasure>
      <bIsWeighted>0</bIsWeighted>
      <QtyInPackage>לא ידוע</QtyInPackage>
      <ItemPrice>14.90</ItemPrice>
      <UnitOfMeasurePrice>0.0828</UnitOfMeasurePrice>
      <AllowDiscount>1</AllowDiscount>
      <ItemStatus>1</ItemStatus>
      <ItemId>136568</ItemId>
    </Item>
    <Item>
      <PriceUpdateDate>2025-09-04 11:40:59</PriceUpdateDate>
      <ItemCode>7290106571921</ItemCode>
      <ItemType>1</ItemType>
      <ItemName>פיטנס עוגיות חמוציות</ItemName>
      <ManufacturerName>לא ידוע</ManufacturerName>
      <ManufactureCountry>לא ידוע</ManufactureCountry>
      <ManufacturerItemDescription>פיטנס עוגיות חמוציות</ManufacturerItemDescription>
      <UnitQty>לא ידוע</UnitQty>
      <Quantity>180.00</Quantity>
      <UnitOfMeasure>לא ידוע</UnitOfMeasure>
      <bIsWeighted>0</bIsWeighted>
      <QtyInPackage>לא ידוע</QtyInPackage>
      <ItemPrice>14.90</ItemPrice>
      <UnitOfMeasurePrice>0.0828</UnitOfMeasurePrice>
      <AllowDiscount>1</AllowDiscount>
      <ItemStatus>1</ItemStatus>
      <ItemId>136569</ItemId>
    </Item>
    <Item>
      <PriceUpdateDate>2025-09-04 11:40:59</PriceUpdateDate>
      <ItemCode>7290106571945</ItemCode>
      <ItemType>1</ItemType>
      <ItemName>פיטנס עוגיות שוקולד</ItemName>
      <ManufacturerName>לא ידוע</ManufacturerName>
      <ManufactureCountry>לא ידוע</ManufactureCountry>
      <ManufacturerItemDescription>פיטנס עוגיות שוקולד</ManufacturerItemDescription>
      <UnitQty>לא ידוע</UnitQty>
      <Quantity>180.00</Quantity>
      <UnitOfMeasure>לא ידוע</UnitOfMeasure>
      <bIsWeighted>0</bIsWeighted>
      <QtyInPackage>לא ידוע</QtyInPackage>
      <ItemPrice>14.90</ItemPrice>
      <UnitOfMeasurePrice>0.0828</UnitOfMeasurePrice>
      <AllowDiscount>1</AllowDiscount>
      <ItemStatus>1</ItemStatus>
      <ItemId>136570</ItemId>
    </Item>
    <Item>
      <PriceUpdateDate>2025-09-04 11:40:59</PriceUpdateDate>
      <ItemCode>7290106572027</ItemCode>
      <ItemType>1</ItemType>
      <ItemName>לחמית חמישה דגנים אס</ItemName>
      <ManufacturerName>לא ידוע</ManufacturerName>
      <ManufactureCountry>לא ידוע</ManufactureCountry>
      <ManufacturerItemDescription>לחמית חמישה דגנים אס</ManufacturerItemDescription>
      <UnitQty>לא ידוע</UnitQty>
      <Quantity>190.00</Quantity>
      <UnitOfMeasure>לא ידוע</UnitOfMeasure>
      <bIsWeighted>0</bIsWeighted>
      <QtyInPackage>לא ידוע</QtyInPackage>
      <ItemPrice>12.90</ItemPrice>
      <UnitOfMeasurePrice>0.0679</UnitOfMeasurePrice>
      <AllowDiscount>1</AllowDiscount>
      <ItemStatus>1</ItemStatus>
      <ItemId>136573</ItemId>
    </Item>
    <Item>
      <PriceUpdateDate>2025-09-04 11:40:59</PriceUpdateDate>
      <ItemCode>7290106572614</ItemCode>
      <ItemType>1</ItemType>
      <ItemName>דובונים 40 גרם פיצה</ItemName>
      <ManufacturerName>לא ידוע</ManufacturerName>
      <ManufactureCountry>לא ידוע</ManufactureCountry>
      <ManufacturerItemDescription>דובונים 40 גרם פיצה</ManufacturerItemDescription>
      <UnitQty>לא ידוע</UnitQty>
      <Quantity>40.00</Quantity>
      <UnitOfMeasure>לא ידוע</UnitOfMeasure>
      <bIsWeighted>0</bIsWeighted>
      <QtyInPackage>לא ידוע</QtyInPackage>
      <ItemPrice>6.90</ItemPrice>
      <UnitOfMeasurePrice>0.1725</UnitOfMeasurePrice>
      <AllowDiscount>1</AllowDiscount>
      <ItemStatus>1</ItemStatus>
      <ItemId>136576</ItemId>
    </Item>
    <Item>
      <PriceUpdateDate>2025-09-04 11:41:00</PriceUpdateDate>
      <ItemCode>7290106572959</ItemCode>
      <ItemType>1</ItemType>
      <ItemName>אפרופו קלאסי מארז אס</ItemName>
      <ManufacturerName>לא ידוע</ManufacturerName>
      <ManufactureCountry>לא ידוע</ManufactureCountry>
      <ManufacturerItemDescription>אפרופו קלאסי מארז אס</ManufacturerItemDescription>
      <UnitQty>לא ידוע</UnitQty>
      <Quantity>125.00</Quantity>
      <UnitOfMeasure>לא ידוע</UnitOfMeasure>
      <bIsWeighted>0</bIsWeighted>
      <QtyInPackage>לא ידוע</QtyInPackage>
      <ItemPrice>16.90</ItemPrice>
      <UnitOfMeasurePrice>0.1352</UnitOfMeasurePrice>
      <AllowDiscount>1</AllowDiscount>
      <ItemStatus>1</ItemStatus>
      <ItemId>136583</ItemId>
    </Item>
    <Item>
      <PriceUpdateDate>2025-09-03 11:55:43</PriceUpdateDate>
      <ItemCode>7290106573277</ItemCode>
      <ItemType>1</ItemType>
      <ItemName>קריספי טאפאס זיתים א</ItemName>
      <ManufacturerName>לא ידוע</ManufacturerName>
      <ManufactureCountry>לא ידוע</ManufactureCountry>
      <ManufacturerItemDescription>קריספי טאפאס זיתים א</ManufacturerItemDescription>
      <UnitQty>לא ידוע</UnitQty>
      <Quantity>150.00</Quantity>
      <UnitOfMeasure>לא ידוע</UnitOfMeasure>
      <bIsWeighted>0</bIsWeighted>
      <QtyInPackage>לא ידוע</QtyInPackage>
      <ItemPrice>14.90</ItemPrice>
      <UnitOfMeasurePrice>0.0993</UnitOfMeasurePrice>
      <AllowDiscount>1</AllowDiscount>
      <ItemStatus>1</ItemStatus>
      <ItemId>136591</ItemId>
    </Item>
    <Item>
      <PriceUpdateDate>2025-09-03 11:55:43</PriceUpdateDate>
      <ItemCode>7290106573314</ItemCode>
      <ItemType>1</ItemType>
      <ItemName>קריספי טאפאס כפרי אס</ItemName>
      <ManufacturerName>לא ידוע</ManufacturerName>
      <ManufactureCountry>לא ידוע</ManufactureCountry>
      <ManufacturerItemDescription>קריספי טאפאס כפרי אס</ManufacturerItemDescription>
      <UnitQty>לא ידוע</UnitQty>
      <Quantity>150.00</Quantity>
      <UnitOfMeasure>לא ידוע</UnitOfMeasure>
      <bIsWeighted>0</bIsWeighted>
      <QtyInPackage>לא ידוע</QtyInPackage>
      <ItemPrice>14.90</ItemPrice>
      <UnitOfMeasurePrice>0.0993</UnitOfMeasurePrice>
      <AllowDiscount>1</AllowDiscount>
      <ItemStatus>1</ItemStatus>
      <ItemId>136593</ItemId>
    </Item>
    <Item>
      <PriceUpdateDate>2025-09-04 11:41:01</PriceUpdateDate>
      <ItemCode>7290106573642</ItemCode>
      <ItemType>1</ItemType>
      <ItemName>חומוס צנובר צבר 400ג</ItemName>
      <ManufacturerName>לא ידוע</ManufacturerName>
      <ManufactureCountry>לא ידוע</ManufactureCountry>
      <ManufacturerItemDescription>חומוס צנובר צבר 400ג</ManufacturerItemDescription>
      <UnitQty>לא ידוע</UnitQty>
      <Quantity>400.00</Quantity>
      <UnitOfMeasure>לא ידוע</UnitOfMeasure>
      <bIsWeighted>0</bIsWeighted>
      <QtyInPackage>לא ידוע</QtyInPackage>
      <ItemPrice>15.90</ItemPrice>
      <UnitOfMeasurePrice>0.0398</UnitOfMeasurePrice>
      <AllowDiscount>1</AllowDiscount>
      <ItemStatus>1</ItemStatus>
      <ItemId>136599</ItemId>
    </Item>
    <Item>
      <PriceUpdateDate>2025-08-26 16:10:48</PriceUpdateDate>
      <ItemCode>7290106573819</ItemCode>
      <ItemType>1</ItemType>
      <ItemName>חומוס אבו גוש צבר 40</ItemName>
      <ManufacturerName>לא ידוע</ManufacturerName>
      <ManufactureCountry>לא ידוע</ManufactureCountry>
      <ManufacturerItemDescription>חומוס אבו גוש צבר 40</ManufacturerItemDescription>
      <UnitQty>לא ידוע</UnitQty>
      <Quantity>400.00</Quantity>
      <UnitOfMeasure>לא ידוע</UnitOfMeasure>
      <bIsWeighted>0</bIsWeighted>
      <QtyInPackage>לא ידוע</QtyInPackage>
      <ItemPrice>15.90</ItemPrice>
      <UnitOfMeasurePrice>0.0398</UnitOfMeasurePrice>
      <AllowDiscount>1</AllowDiscount>
      <ItemStatus>1</ItemStatus>
      <ItemId>136604</ItemId>
    </Item>
    <Item>
      <PriceUpdateDate>2025-08-27 14:21:52</PriceUpdateDate>
      <ItemCode>7290106574793</ItemCode>
      <ItemType>1</ItemType>
      <ItemName>עוגת הבית שוקו שוקוצ</ItemName>
      <ManufacturerName>לא ידוע</ManufacturerName>
      <ManufactureCountry>לא ידוע</ManufactureCountry>
      <ManufacturerItemDescription>עוגת הבית שוקו שוקוצ</ManufacturerItemDescription>
      <UnitQty>לא ידוע</UnitQty>
      <Quantity>350.00</Quantity>
      <UnitOfMeasure>לא ידוע</UnitOfMeasure>
      <bIsWeighted>0</bIsWeighted>
      <QtyInPackage>לא ידוע</QtyInPackage>
      <ItemPrice>15.90</ItemPrice>
      <UnitOfMeasurePrice>0.0454</UnitOfMeasurePrice>
      <AllowDiscount>1</AllowDiscount>
      <ItemStatus>1</ItemStatus>
      <ItemId>136619</ItemId>
    </Item>
    <Item>
      <PriceUpdateDate>2025-08-26 16:12:47</PriceUpdateDate>
      <ItemCode>7290106574953</ItemCode>
      <ItemType>1</ItemType>
      <ItemName>בייגלה שטוחים שומשום</ItemName>
      <ManufacturerName>לא ידוע</ManufacturerName>
      <ManufactureCountry>לא ידוע</ManufactureCountry>
      <ManufacturerItemDescription>בייגלה שטוחים שומשום</ManufacturerItemDescription>
      <UnitQty>לא ידוע</UnitQty>
      <Quantity>300.00</Quantity>
      <UnitOfMeasure>לא ידוע</UnitOfMeasure>
      <bIsWeighted>0</bIsWeighted>
      <QtyInPackage>לא ידוע</QtyInPackage>
      <ItemPrice>15.90</ItemPrice>
      <UnitOfMeasurePrice>0.0530</UnitOfMeasurePrice>
      <AllowDiscount>1</AllowDiscount>
      <ItemStatus>1</ItemStatus>
      <ItemId>136620</ItemId>
    </Item>
    <Item>
      <PriceUpdateDate>2025-09-04 11:41:02</PriceUpdateDate>
      <ItemCode>7290106574977</ItemCode>
      <ItemType>1</ItemType>
      <ItemName>בייגלה שטוחים עם מלח</ItemName>
      <ManufacturerName>לא ידוע</ManufacturerName>
      <ManufactureCountry>לא ידוע</ManufactureCountry>
      <ManufacturerItemDescription>בייגלה שטוחים עם מלח</ManufacturerItemDescription>
      <UnitQty>לא ידוע</UnitQty>
      <Quantity>300.00</Quantity>
      <UnitOfMeasure>לא ידוע</UnitOfMeasure>
      <bIsWeighted>0</bIsWeighted>
      <QtyInPackage>לא ידוע</QtyInPackage>
      <ItemPrice>15.90</ItemPrice>
      <UnitOfMeasurePrice>0.0530</UnitOfMeasurePrice>
      <AllowDiscount>1</AllowDiscount>
      <ItemStatus>1</ItemStatus>
      <ItemId>136621</ItemId>
    </Item>
    <Item>
      <PriceUpdateDate>2025-08-27 14:21:52</PriceUpdateDate>
      <ItemCode>7290106575257</ItemCode>
      <ItemType>1</ItemType>
      <ItemName>עוגת הבית סופלה בטעם</ItemName>
      <ManufacturerName>לא ידוע</ManufacturerName>
      <ManufactureCountry>לא ידוע</ManufactureCountry>
      <ManufacturerItemDescription>עוגת הבית סופלה בטעם</ManufacturerItemDescription>
      <UnitQty>לא ידוע</UnitQty>
      <Quantity>340.00</Quantity>
      <UnitOfMeasure>לא ידוע</UnitOfMeasure>
      <bIsWeighted>0</bIsWeighted>
      <QtyInPackage>לא ידוע</QtyInPackage>
      <ItemPrice>15.90</ItemPrice>
      <UnitOfMeasurePrice>0.0468</UnitOfMeasurePrice>
      <AllowDiscount>1</AllowDiscount>
      <ItemStatus>1</ItemStatus>
      <ItemId>136627</ItemId>
    </Item>
    <Item>
      <PriceUpdateDate>2025-08-31 10:21:46</PriceUpdateDate>
      <ItemCode>7290106575431</ItemCode>
      <ItemType>1</ItemType>
      <ItemName>עוגת הבית סופלה בטעם</ItemName>
      <ManufacturerName>לא ידוע</ManufacturerName>
      <ManufactureCountry>לא ידוע</ManufactureCountry>
      <ManufacturerItemDescription>עוגת הבית סופלה בטעם</ManufacturerItemDescription>
      <UnitQty>לא ידוע</UnitQty>
      <Quantity>340.00</Quantity>
      <UnitOfMeasure>לא ידוע</UnitOfMeasure>
      <bIsWeighted>0</bIsWeighted>
      <QtyInPackage>לא ידוע</QtyInPackage>
      <ItemPrice>15.90</ItemPrice>
      <UnitOfMeasurePrice>0.0468</UnitOfMeasurePrice>
      <AllowDiscount>1</AllowDiscount>
      <ItemStatus>1</ItemStatus>
      <ItemId>136633</ItemId>
    </Item>
    <Item>
      <PriceUpdateDate>2025-09-04 11:41:03</PriceUpdateDate>
      <ItemCode>7290106576513</ItemCode>
      <ItemType>1</ItemType>
      <ItemName>חומוס צבר 400גר</ItemName>
      <ManufacturerName>לא ידוע</ManufacturerName>
      <ManufactureCountry>לא ידוע</ManufactureCountry>
      <ManufacturerItemDescription>חומוס צבר 400גר</ManufacturerItemDescription>
      <UnitQty>לא ידוע</UnitQty>
      <Quantity>400.00</Quantity>
      <UnitOfMeasure>לא ידוע</UnitOfMeasure>
      <bIsWeighted>0</bIsWeighted>
      <QtyInPackage>לא ידוע</QtyInPackage>
      <ItemPrice>12.90</ItemPrice>
      <UnitOfMeasurePrice>0.0323</UnitOfMeasurePrice>
      <AllowDiscount>1</AllowDiscount>
      <ItemStatus>1</ItemStatus>
      <ItemId>136649</ItemId>
    </Item>
    <Item>
      <PriceUpdateDate>2025-09-04 11:41:04</PriceUpdateDate>
      <ItemCode>7290106577282</ItemCode>
      <ItemType>1</ItemType>
      <ItemName>טחינה צבר 400גרם</ItemName>
      <ManufacturerName>לא ידוע</ManufacturerName>
      <ManufactureCountry>לא ידוע</ManufactureCountry>
      <ManufacturerItemDescription>טחינה צבר 400גרם</ManufacturerItemDescription>
      <UnitQty>לא ידוע</UnitQty>
      <Quantity>400.00</Quantity>
      <UnitOfMeasure>לא ידוע</UnitOfMeasure>
      <bIsWeighted>0</bIsWeighted>
      <QtyInPackage>לא ידוע</QtyInPackage>
      <ItemPrice>16.90</ItemPrice>
      <UnitOfMeasurePrice>0.0422</UnitOfMeasurePrice>
      <AllowDiscount>1</AllowDiscount>
      <ItemStatus>1</ItemStatus>
      <ItemId>136654</ItemId>
    </Item>
    <Item>
      <PriceUpdateDate>2025-09-04 11:41:04</PriceUpdateDate>
      <ItemCode>7290106577480</ItemCode>
      <ItemType>1</ItemType>
      <ItemName>חציל על האש בטחינה צ</ItemName>
      <ManufacturerName>לא ידוע</ManufacturerName>
      <ManufactureCountry>לא ידוע</ManufactureCountry>
      <ManufacturerItemDescription>חציל על האש בטחינה צ</ManufacturerItemDescription>
      <UnitQty>לא ידוע</UnitQty>
      <Quantity>400.00</Quantity>
      <UnitOfMeasure>לא ידוע</UnitOfMeasure>
      <bIsWeighted>0</bIsWeighted>
      <QtyInPackage>לא ידוע</QtyInPackage>
      <ItemPrice>16.90</ItemPrice>
      <UnitOfMeasurePrice>0.0422</UnitOfMeasurePrice>
      <AllowDiscount>1</AllowDiscount>
      <ItemStatus>1</ItemStatus>
      <ItemId>136660</ItemId>
    </Item>
    <Item>
      <PriceUpdateDate>2025-09-04 11:41:04</PriceUpdateDate>
      <ItemCode>7290106577503</ItemCode>
      <ItemType>1</ItemType>
      <ItemName>חציל במיונז צבר 400ג</ItemName>
      <ManufacturerName>לא ידוע</ManufacturerName>
      <ManufactureCountry>לא ידוע</ManufactureCountry>
      <ManufacturerItemDescription>חציל במיונז צבר 400ג</ManufacturerItemDescription>
      <UnitQty>לא ידוע</UnitQty>
      <Quantity>400.00</Quantity>
      <UnitOfMeasure>לא ידוע</UnitOfMeasure>
      <bIsWeighted>0</bIsWeighted>
      <QtyInPackage>לא ידוע</QtyInPackage>
      <ItemPrice>16.90</ItemPrice>
      <UnitOfMeasurePrice>0.0422</UnitOfMeasurePrice>
      <AllowDiscount>1</AllowDiscount>
      <ItemStatus>1</ItemStatus>
      <ItemId>136661</ItemId>
    </Item>
    <Item>
      <PriceUpdateDate>2025-09-04 11:41:04</PriceUpdateDate>
      <ItemCode>7290106577541</ItemCode>
      <ItemType>1</ItemType>
      <ItemName>כרוב אדום צבר 400גרם</ItemName>
      <ManufacturerName>לא ידוע</ManufacturerName>
      <ManufactureCountry>לא ידוע</ManufactureCountry>
      <ManufacturerItemDescription>כרוב אדום צבר 400גרם</ManufacturerItemDescription>
      <UnitQty>לא ידוע</UnitQty>
      <Quantity>400.00</Quantity>
      <UnitOfMeasure>לא ידוע</UnitOfMeasure>
      <bIsWeighted>0</bIsWeighted>
      <QtyInPackage>לא ידוע</QtyInPackage>
      <ItemPrice>16.90</ItemPrice>
      <UnitOfMeasurePrice>0.0422</UnitOfMeasurePrice>
      <AllowDiscount>1</AllowDiscount>
      <ItemStatus>1</ItemStatus>
      <ItemId>136663</ItemId>
    </Item>
    <Item>
      <PriceUpdateDate>2025-09-02 11:44:17</PriceUpdateDate>
      <ItemCode>7290106577572</ItemCode>
      <ItemType>1</ItemType>
      <ItemName>מטבוחה צבר 400גרם</ItemName>
      <ManufacturerName>לא ידוע</ManufacturerName>
      <ManufactureCountry>לא ידוע</ManufactureCountry>
      <ManufacturerItemDescription>מטבוחה צבר 400גרם</ManufacturerItemDescription>
      <UnitQty>לא ידוע</UnitQty>
      <Quantity>400.00</Quantity>
      <UnitOfMeasure>לא ידוע</UnitOfMeasure>
      <bIsWeighted>0</bIsWeighted>
      <QtyInPackage>לא ידוע</QtyInPackage>
      <ItemPrice>16.90</ItemPrice>
      <UnitOfMeasurePrice>0.0422</UnitOfMeasurePrice>
      <AllowDiscount>1</AllowDiscount>
      <ItemStatus>1</ItemStatus>
      <ItemId>136664</ItemId>
    </Item>
    <Item>
      <PriceUpdateDate>2025-09-04 11:41:05</PriceUpdateDate>
      <ItemCode>7290107871990</ItemCode>
      <ItemType>1</ItemType>
      <ItemName>פסטה צינורות אסם 500</ItemName>
      <ManufacturerName>לא ידוע</ManufacturerName>
      <ManufactureCountry>לא ידוע</ManufactureCountry>
      <ManufacturerItemDescription>פסטה צינורות אסם 500</ManufacturerItemDescription>
      <UnitQty>לא ידוע</UnitQty>
      <Quantity>500.00</Quantity>
      <UnitOfMeasure>לא ידוע</UnitOfMeasure>
      <bIsWeighted>0</bIsWeighted>
      <QtyInPackage>לא ידוע</QtyInPackage>
      <ItemPrice>7.50</ItemPrice>
      <UnitOfMeasurePrice>0.0150</UnitOfMeasurePrice>
      <AllowDiscount>1</AllowDiscount>
      <ItemStatus>1</ItemStatus>
      <ItemId>136712</ItemId>
    </Item>
    <Item>
      <PriceUpdateDate>2025-09-04 12:05:22</PriceUpdateDate>
      <ItemCode>7290015951869</ItemCode>
      <ItemType>1</ItemType>
      <ItemName>יין הר חרמון רוזה עב</ItemName>
      <ManufacturerName>לא ידוע</ManufacturerName>
      <ManufactureCountry>לא ידוע</ManufactureCountry>
      <ManufacturerItemDescription>יין הר חרמון רוזה עב</ManufacturerItemDescription>
      <UnitQty>לא ידוע</UnitQty>
      <Quantity>750.00</Quantity>
      <UnitOfMeasure>לא ידוע</UnitOfMeasure>
      <bIsWeighted>0</bIsWeighted>
      <QtyInPackage>לא ידוע</QtyInPackage>
      <ItemPrice>39.90</ItemPrice>
      <UnitOfMeasurePrice>0.0532</UnitOfMeasurePrice>
      <AllowDiscount>1</AllowDiscount>
      <ItemStatus>1</ItemStatus>
      <ItemId>232067</ItemId>
    </Item>
    <Item>
      <PriceUpdateDate>2025-12-07 10:35:25</PriceUpdateDate>
      <ItemCode>8700216640367</ItemCode>
      <ItemType>1</ItemType>
      <ItemName>אולוויז תחבושות לילה</ItemName>
      <ManufacturerName>לא ידוע</ManufacturerName>
      <ManufactureCountry>לא ידוע</ManufactureCountry>
      <ManufacturerItemDescription>אולוויז תחבושות לילה</ManufacturerItemDescription>
      <UnitQty>יחידה   </UnitQty>
      <Quantity>0.00</Quantity>
      <UnitOfMeasure>יחידה   </UnitOfMeasure>
      <bIsWeighted>0</bIsWeighted>
      <QtyInPackage>לא ידוע</QtyInPackage>
      <ItemPrice>22.90</ItemPrice>
      <UnitOfMeasurePrice>0.0000</UnitOfMeasurePrice>
      <AllowDiscount>1</AllowDiscount>
      <ItemStatus>1</ItemStatus>
      <ItemId>256731</ItemId>
    </Item>
    <Item>
      <PriceUpdateDate>2025-08-27 14:21:52</PriceUpdateDate>
      <ItemCode>7290109351025</ItemCode>
      <ItemType>1</ItemType>
      <ItemName>חומוסטחינה צבר 400גר</ItemName>
      <ManufacturerName>לא ידוע</ManufacturerName>
      <ManufactureCountry>לא ידוע</ManufactureCountry>
      <ManufacturerItemDescription>חומוסטחינה צבר 400גר</ManufacturerItemDescription>
      <UnitQty>לא ידוע</UnitQty>
      <Quantity>400.00</Quantity>
      <UnitOfMeasure>לא ידוע</UnitOfMeasure>
      <bIsWeighted>0</bIsWeighted>
      <QtyInPackage>לא ידוע</QtyInPackage>
      <ItemPrice>17.90</ItemPrice>
      <UnitOfMeasurePrice>0.0447</UnitOfMeasurePrice>
      <AllowDiscount>1</AllowDiscount>
      <ItemStatus>1</ItemStatus>
      <ItemId>136821</ItemId>
    </Item>
    <Item>
      <PriceUpdateDate>2025-09-04 12:00:33</PriceUpdateDate>
      <ItemCode>7290110118617</ItemCode>
      <ItemType>1</ItemType>
      <ItemName>פריגת בטעם טרופי 1.5</ItemName>
      <ManufacturerName>לא ידוע</ManufacturerName>
      <ManufactureCountry>לא ידוע</ManufactureCountry>
      <ManufacturerItemDescription>פריגת בטעם טרופי 1.5</ManufacturerItemDescription>
      <UnitQty>לא ידוע</UnitQty>
      <Quantity>1500.00</Quantity>
      <UnitOfMeasure>לא ידוע</UnitOfMeasure>
      <bIsWeighted>0</bIsWeighted>
      <QtyInPackage>לא ידוע</QtyInPackage>
      <ItemPrice>9.90</ItemPrice>
      <UnitOfMeasurePrice>0.0066</UnitOfMeasurePrice>
      <AllowDiscount>1</AllowDiscount>
      <ItemStatus>1</ItemStatus>
      <ItemId>255316</ItemId>
    </Item>
    <Item>
      <PriceUpdateDate>2025-09-14 12:50:23</PriceUpdateDate>
      <ItemCode>726529408522</ItemCode>
      <ItemType>1</ItemType>
      <ItemName>מארז פרנה קטן 6 יחיד</ItemName>
      <ManufacturerName>לא ידוע</ManufacturerName>
      <ManufactureCountry>לא ידוע</ManufactureCountry>
      <ManufacturerItemDescription>מארז פרנה קטן 6 יחיד</ManufacturerItemDescription>
      <UnitQty>לא ידוע</UnitQty>
      <Quantity>600.00</Quantity>
      <UnitOfMeasure>לא ידוע</UnitOfMeasure>
      <bIsWeighted>0</bIsWeighted>
      <QtyInPackage>לא ידוע</QtyInPackage>
      <ItemPrice>19.90</ItemPrice>
      <UnitOfMeasurePrice>0.0332</UnitOfMeasurePrice>
      <AllowDiscount>1</AllowDiscount>
      <ItemStatus>1</ItemStatus>
      <ItemId>255883</ItemId>
    </Item>
    <Item>
      <PriceUpdateDate>2025-09-08 08:50:34</PriceUpdateDate>
      <ItemCode>7290119384389</ItemCode>
      <ItemType>1</ItemType>
      <ItemName>בפלות קפוצ'ינו 200 ג</ItemName>
      <ManufacturerName>לא ידוע</ManufacturerName>
      <ManufactureCountry>לא ידוע</ManufactureCountry>
      <ManufacturerItemDescription>בפלות קפוצ'ינו 200 ג</ManufacturerItemDescription>
      <UnitQty>לא ידוע</UnitQty>
      <Quantity>200.00</Quantity>
      <UnitOfMeasure>לא ידוע</UnitOfMeasure>
      <bIsWeighted>0</bIsWeighted>
      <QtyInPackage>לא ידוע</QtyInPackage>
      <ItemPrice>8.50</ItemPrice>
      <UnitOfMeasurePrice>0.0425</UnitOfMeasurePrice>
      <AllowDiscount>1</AllowDiscount>
      <ItemStatus>1</ItemStatus>
      <ItemId>255826</ItemId>
    </Item>
    <Item>
      <PriceUpdateDate>2025-05-06 15:47:45</PriceUpdateDate>
      <ItemCode>7613035622623</ItemCode>
      <ItemType>1</ItemType>
      <ItemName>פיטנס גרנולה שקדים ו</ItemName>
      <ManufacturerName>לא ידוע</ManufacturerName>
      <ManufactureCountry>לא ידוע</ManufactureCountry>
      <ManufacturerItemDescription>פיטנס גרנולה שקדים ו</ManufacturerItemDescription>
      <UnitQty>לא ידוע</UnitQty>
      <Quantity>300.00</Quantity>
      <UnitOfMeasure>לא ידוע</UnitOfMeasure>
      <bIsWeighted>0</bIsWeighted>
      <QtyInPackage>לא ידוע</QtyInPackage>
      <ItemPrice>17.90</ItemPrice>
      <UnitOfMeasurePrice>0.0597</UnitOfMeasurePrice>
      <AllowDiscount>1</AllowDiscount>
      <ItemStatus>1</ItemStatus>
      <ItemId>136892</ItemId>
    </Item>
    <Item>
      <PriceUpdateDate>2025-05-06 15:47:45</PriceUpdateDate>
      <ItemCode>7613035635845</ItemCode>
      <ItemType>1</ItemType>
      <ItemName>פיטנס גרנולה שוקולד</ItemName>
      <ManufacturerName>לא ידוע</ManufacturerName>
      <ManufactureCountry>לא ידוע</ManufactureCountry>
      <ManufacturerItemDescription>פיטנס גרנולה שוקולד</ManufacturerItemDescription>
      <UnitQty>לא ידוע</UnitQty>
      <Quantity>300.00</Quantity>
      <UnitOfMeasure>לא ידוע</UnitOfMeasure>
      <bIsWeighted>0</bIsWeighted>
      <QtyInPackage>לא ידוע</QtyInPackage>
      <ItemPrice>17.90</ItemPrice>
      <UnitOfMeasurePrice>0.0597</UnitOfMeasurePrice>
      <AllowDiscount>1</AllowDiscount>
      <ItemStatus>1</ItemStatus>
      <ItemId>136893</ItemId>
    </Item>
    <Item>
      <PriceUpdateDate>2025-08-18 09:17:49</PriceUpdateDate>
      <ItemCode>7290003578085</ItemCode>
      <ItemType>1</ItemType>
      <ItemName>מוצרלה 21% ויליפוד ש</ItemName>
      <ManufacturerName>לא ידוע</ManufacturerName>
      <ManufactureCountry>ליטא</ManufactureCountry>
      <ManufacturerItemDescription>מוצרלה 21% ויליפוד ש</ManufacturerItemDescription>
      <UnitQty>קילוגרמים</UnitQty>
      <Quantity>1.00</Quantity>
      <UnitOfMeasure>ק"ג</UnitOfMeasure>
      <bIsWeighted>1</bIsWeighted>
      <QtyInPackage>לא ידוע</QtyInPackage>
      <ItemPrice>91.90</ItemPrice>
      <UnitOfMeasurePrice>91.9000</UnitOfMeasurePrice>
      <AllowDiscount>1</AllowDiscount>
      <ItemStatus>1</ItemStatus>
      <ItemId>136933</ItemId>
    </Item>
    <Item>
      <PriceUpdateDate>2025-08-28 10:18:29</PriceUpdateDate>
      <ItemCode>7290008175760</ItemCode>
      <ItemType>1</ItemType>
      <ItemName>מנצגו כבשים ויליפוד</ItemName>
      <ManufacturerName>לא ידוע</ManufacturerName>
      <ManufactureCountry>ספרד</ManufactureCountry>
      <ManufacturerItemDescription>מנצגו כבשים ויליפוד</ManufacturerItemDescription>
      <UnitQty>קילוגרמים</UnitQty>
      <Quantity>1.00</Quantity>
      <UnitOfMeasure>ק"ג</UnitOfMeasure>
      <bIsWeighted>1</bIsWeighted>
      <QtyInPackage>לא ידוע</QtyInPackage>
      <ItemPrice>140.00</ItemPrice>
      <UnitOfMeasurePrice>140.0000</UnitOfMeasurePrice>
      <AllowDiscount>1</AllowDiscount>
      <ItemStatus>1</ItemStatus>
      <ItemId>136950</ItemId>
    </Item>
    <Item>
      <PriceUpdateDate>2025-08-28 10:18:29</PriceUpdateDate>
      <ItemCode>7290008175906</ItemCode>
      <ItemType>1</ItemType>
      <ItemName>גבינת עיזים חלב ארינ</ItemName>
      <ManufacturerName>לא ידוע</ManufacturerName>
      <ManufactureCountry>הולנד</ManufactureCountry>
      <ManufacturerItemDescription>גבינת עיזים חלב ארינ</ManufacturerItemDescription>
      <UnitQty>קילוגרמים</UnitQty>
      <Quantity>1.00</Quantity>
      <UnitOfMeasure>ק"ג</UnitOfMeasure>
      <bIsWeighted>1</bIsWeighted>
      <QtyInPackage>לא ידוע</QtyInPackage>
      <ItemPrice>140.00</ItemPrice>
      <UnitOfMeasurePrice>140.0000</UnitOfMeasurePrice>
      <AllowDiscount>1</AllowDiscount>
      <ItemStatus>1</ItemStatus>
      <ItemId>136953</ItemId>
    </Item>
    <Item>
      <PriceUpdateDate>2025-08-26 14:36:47</PriceUpdateDate>
      <ItemCode>7290003578061</ItemCode>
      <ItemType>1</ItemType>
      <ItemName>לבבות דקל שלם 400 גר</ItemName>
      <ManufacturerName>קריות זול</ManufacturerName>
      <ManufactureCountry>לא ידוע</ManufactureCountry>
      <ManufacturerItemDescription>לבבות דקל שלם 400 גר</ManufacturerItemDescription>
      <UnitQty>לא ידוע</UnitQty>
      <Quantity>400.00</Quantity>
      <UnitOfMeasure>לא ידוע</UnitOfMeasure>
      <bIsWeighted>0</bIsWeighted>
      <QtyInPackage>לא ידוע</QtyInPackage>
      <ItemPrice>14.90</ItemPrice>
      <UnitOfMeasurePrice>0.0373</UnitOfMeasurePrice>
      <AllowDiscount>1</AllowDiscount>
      <ItemStatus>1</ItemStatus>
      <ItemId>137050</ItemId>
    </Item>
    <Item>
      <PriceUpdateDate>2025-08-26 14:36:47</PriceUpdateDate>
      <ItemCode>7290003578177</ItemCode>
      <ItemType>1</ItemType>
      <ItemName>תירס גמדי ויליפוד 41</ItemName>
      <ManufacturerName>קריות זול</ManufacturerName>
      <ManufactureCountry>לא ידוע</ManufactureCountry>
      <ManufacturerItemDescription>תירס גמדי ויליפוד 41</ManufacturerItemDescription>
      <UnitQty>לא ידוע</UnitQty>
      <Quantity>410.00</Quantity>
      <UnitOfMeasure>לא ידוע</UnitOfMeasure>
      <bIsWeighted>0</bIsWeighted>
      <QtyInPackage>לא ידוע</QtyInPackage>
      <ItemPrice>9.90</ItemPrice>
      <UnitOfMeasurePrice>0.0241</UnitOfMeasurePrice>
      <AllowDiscount>1</AllowDiscount>
      <ItemStatus>1</ItemStatus>
      <ItemId>137056</ItemId>
    </Item>
    <Item>
      <PriceUpdateDate>2025-08-26 14:36:49</PriceUpdateDate>
      <ItemCode>7290003864478</ItemCode>
      <ItemType>1</ItemType>
      <ItemName>סרדין בשמן צמחי 110</ItemName>
      <ManufacturerName>קריות זול</ManufacturerName>
      <ManufactureCountry>לא ידוע</ManufactureCountry>
      <ManufacturerItemDescription>סרדין בשמן צמחי 110</ManufacturerItemDescription>
      <UnitQty>לא ידוע</UnitQty>
      <Quantity>110.00</Quantity>
      <UnitOfMeasure>לא ידוע</UnitOfMeasure>
      <bIsWeighted>0</bIsWeighted>
      <QtyInPackage>לא ידוע</QtyInPackage>
      <ItemPrice>8.90</ItemPrice>
      <UnitOfMeasurePrice>0.0809</UnitOfMeasurePrice>
      <AllowDiscount>1</AllowDiscount>
      <ItemStatus>1</ItemStatus>
      <ItemId>137076</ItemId>
    </Item>
    <Item>
      <PriceUpdateDate>2025-08-26 14:36:49</PriceUpdateDate>
      <ItemCode>7290003864485</ItemCode>
      <ItemType>1</ItemType>
      <ItemName>סרדין ברוטב עגבניות</ItemName>
      <ManufacturerName>קריות זול</ManufacturerName>
      <ManufactureCountry>לא ידוע</ManufactureCountry>
      <ManufacturerItemDescription>סרדין ברוטב עגבניות</ManufacturerItemDescription>
      <UnitQty>לא ידוע</UnitQty>
      <Quantity>110.00</Quantity>
      <UnitOfMeasure>לא ידוע</UnitOfMeasure>
      <bIsWeighted>0</bIsWeighted>
      <QtyInPackage>לא ידוע</QtyInPackage>
      <ItemPrice>8.90</ItemPrice>
      <UnitOfMeasurePrice>0.0809</UnitOfMeasurePrice>
      <AllowDiscount>1</AllowDiscount>
      <ItemStatus>1</ItemStatus>
      <ItemId>137077</ItemId>
    </Item>
    <Item>
      <PriceUpdateDate>2025-08-26 14:36:49</PriceUpdateDate>
      <ItemCode>7290003882922</ItemCode>
      <ItemType>1</ItemType>
      <ItemName>עלי גפן ממולא 400 גר</ItemName>
      <ManufacturerName>קריות זול</ManufacturerName>
      <ManufactureCountry>לא ידוע</ManufactureCountry>
      <ManufacturerItemDescription>עלי גפן ממולא 400 גר</ManufacturerItemDescription>
      <UnitQty>לא ידוע</UnitQty>
      <Quantity>400.00</Quantity>
      <UnitOfMeasure>לא ידוע</UnitOfMeasure>
      <bIsWeighted>0</bIsWeighted>
      <QtyInPackage>לא ידוע</QtyInPackage>
      <ItemPrice>16.90</ItemPrice>
      <UnitOfMeasurePrice>0.0422</UnitOfMeasurePrice>
      <AllowDiscount>1</AllowDiscount>
      <ItemStatus>1</ItemStatus>
      <ItemId>137085</ItemId>
    </Item>
    <Item>
      <PriceUpdateDate>2025-08-26 14:36:49</PriceUpdateDate>
      <ItemCode>7290004219079</ItemCode>
      <ItemType>1</ItemType>
      <ItemName>לבבות דקל חתוך 400גר</ItemName>
      <ManufacturerName>קריות זול</ManufacturerName>
      <ManufactureCountry>לא ידוע</ManufactureCountry>
      <ManufacturerItemDescription>לבבות דקל חתוך 400גר</ManufacturerItemDescription>
      <UnitQty>לא ידוע</UnitQty>
      <Quantity>400.00</Quantity>
      <UnitOfMeasure>לא ידוע</UnitOfMeasure>
      <bIsWeighted>0</bIsWeighted>
      <QtyInPackage>לא ידוע</QtyInPackage>
      <ItemPrice>13.90</ItemPrice>
      <UnitOfMeasurePrice>0.0348</UnitOfMeasurePrice>
      <AllowDiscount>1</AllowDiscount>
      <ItemStatus>1</ItemStatus>
      <ItemId>137086</ItemId>
    </Item>
    <Item>
      <PriceUpdateDate>2025-08-26 14:36:50</PriceUpdateDate>
      <ItemCode>7290004219819</ItemCode>
      <ItemType>1</ItemType>
      <ItemName>מלבין קפה קומפלטה 20</ItemName>
      <ManufacturerName>קריות זול</ManufacturerName>
      <ManufactureCountry>לא ידוע</ManufactureCountry>
      <ManufacturerItemDescription>מלבין קפה קומפלטה 20</ManufacturerItemDescription>
      <UnitQty>לא ידוע</UnitQty>
      <Quantity>200.00</Quantity>
      <UnitOfMeasure>לא ידוע</UnitOfMeasure>
      <bIsWeighted>0</bIsWeighted>
      <QtyInPackage>לא ידוע</QtyInPackage>
      <ItemPrice>15.90</ItemPrice>
      <UnitOfMeasurePrice>0.0795</UnitOfMeasurePrice>
      <AllowDiscount>1</AllowDiscount>
      <ItemStatus>1</ItemStatus>
      <ItemId>137089</ItemId>
    </Item>
    <Item>
      <PriceUpdateDate>2025-08-26 14:36:51</PriceUpdateDate>
      <ItemCode>7290004737900</ItemCode>
      <ItemType>1</ItemType>
      <ItemName>חלב מרוכז ממותק 397</ItemName>
      <ManufacturerName>קריות זול</ManufacturerName>
      <ManufactureCountry>לא ידוע</ManufactureCountry>
      <ManufacturerItemDescription>חלב מרוכז ממותק 397</ManufacturerItemDescription>
      <UnitQty>לא ידוע</UnitQty>
      <Quantity>397.00</Quantity>
      <UnitOfMeasure>לא ידוע</UnitOfMeasure>
      <bIsWeighted>0</bIsWeighted>
      <QtyInPackage>לא ידוע</QtyInPackage>
      <ItemPrice>12.90</ItemPrice>
      <UnitOfMeasurePrice>0.0325</UnitOfMeasurePrice>
      <AllowDiscount>1</AllowDiscount>
      <ItemStatus>1</ItemStatus>
      <ItemId>137097</ItemId>
    </Item>
    <Item>
      <PriceUpdateDate>2025-08-26 14:36:51</PriceUpdateDate>
      <ItemCode>7290005175428</ItemCode>
      <ItemType>1</ItemType>
      <ItemName>קמח תירס ויליפוד 500</ItemName>
      <ManufacturerName>קריות זול</ManufacturerName>
      <ManufactureCountry>לא ידוע</ManufactureCountry>
      <ManufacturerItemDescription>קמח תירס ויליפוד 500</ManufacturerItemDescription>
      <UnitQty>לא ידוע</UnitQty>
      <Quantity>500.00</Quantity>
      <UnitOfMeasure>לא ידוע</UnitOfMeasure>
      <bIsWeighted>0</bIsWeighted>
      <QtyInPackage>לא ידוע</QtyInPackage>
      <ItemPrice>8.90</ItemPrice>
      <UnitOfMeasurePrice>0.0178</UnitOfMeasurePrice>
      <AllowDiscount>1</AllowDiscount>
      <ItemStatus>1</ItemStatus>
      <ItemId>137098</ItemId>
    </Item>
    <Item>
      <PriceUpdateDate>2025-08-26 14:36:52</PriceUpdateDate>
      <ItemCode>7290006511157</ItemCode>
      <ItemType>1</ItemType>
      <ItemName>פטריות שלמות ויליפוד</ItemName>
      <ManufacturerName>קריות זול</ManufacturerName>
      <ManufactureCountry>לא ידוע</ManufactureCountry>
      <ManufacturerItemDescription>פטריות שלמות ויליפוד</ManufacturerItemDescription>
      <UnitQty>לא ידוע</UnitQty>
      <Quantity>400.00</Quantity>
      <UnitOfMeasure>לא ידוע</UnitOfMeasure>
      <bIsWeighted>0</bIsWeighted>
      <QtyInPackage>לא ידוע</QtyInPackage>
      <ItemPrice>9.50</ItemPrice>
      <UnitOfMeasurePrice>0.0238</UnitOfMeasurePrice>
      <AllowDiscount>1</AllowDiscount>
      <ItemStatus>1</ItemStatus>
      <ItemId>137113</ItemId>
    </Item>
    <Item>
      <PriceUpdateDate>2025-08-26 14:36:53</PriceUpdateDate>
      <ItemCode>7290008175173</ItemCode>
      <ItemType>1</ItemType>
      <ItemName>חמאה מפינלנד ללא מלח</ItemName>
      <ManufacturerName>קריות זול</ManufacturerName>
      <ManufactureCountry>לא ידוע</ManufactureCountry>
      <ManufacturerItemDescription>חמאה מפינלנד ללא מלח</ManufacturerItemDescription>
      <UnitQty>לא ידוע</UnitQty>
      <Quantity>200.00</Quantity>
      <UnitOfMeasure>לא ידוע</UnitOfMeasure>
      <bIsWeighted>0</bIsWeighted>
      <QtyInPackage>לא ידוע</QtyInPackage>
      <ItemPrice>19.50</ItemPrice>
      <UnitOfMeasurePrice>0.0975</UnitOfMeasurePrice>
      <AllowDiscount>1</AllowDiscount>
      <ItemStatus>1</ItemStatus>
      <ItemId>137125</ItemId>
    </Item>
    <Item>
      <PriceUpdateDate>2025-08-26 14:36:53</PriceUpdateDate>
      <ItemCode>7290008175210</ItemCode>
      <ItemType>1</ItemType>
      <ItemName>פרמזנו מגורדת ויליפו</ItemName>
      <ManufacturerName>לא ידוע</ManufacturerName>
      <ManufactureCountry>לא ידוע</ManufactureCountry>
      <ManufacturerItemDescription>פרמזנו מגורדת ויליפו</ManufacturerItemDescription>
      <UnitQty>לא ידוע</UnitQty>
      <Quantity>90.00</Quantity>
      <UnitOfMeasure>לא ידוע</UnitOfMeasure>
      <bIsWeighted>0</bIsWeighted>
      <QtyInPackage>לא ידוע</QtyInPackage>
      <ItemPrice>17.90</ItemPrice>
      <UnitOfMeasurePrice>0.1989</UnitOfMeasurePrice>
      <AllowDiscount>1</AllowDiscount>
      <ItemStatus>1</ItemStatus>
      <ItemId>137126</ItemId>
    </Item>
    <Item>
      <PriceUpdateDate>2025-08-26 14:36:54</PriceUpdateDate>
      <ItemCode>7290010259007</ItemCode>
      <ItemType>1</ItemType>
      <ItemName>בישקוטים וניל ויליפו</ItemName>
      <ManufacturerName>קריות זול</ManufacturerName>
      <ManufactureCountry>לא ידוע</ManufactureCountry>
      <ManufacturerItemDescription>בישקוטים וניל ויליפו</ManufacturerItemDescription>
      <UnitQty>לא ידוע</UnitQty>
      <Quantity>200.00</Quantity>
      <UnitOfMeasure>לא ידוע</UnitOfMeasure>
      <bIsWeighted>0</bIsWeighted>
      <QtyInPackage>לא ידוע</QtyInPackage>
      <ItemPrice>8.90</ItemPrice>
      <UnitOfMeasurePrice>0.0445</UnitOfMeasurePrice>
      <AllowDiscount>1</AllowDiscount>
      <ItemStatus>1</ItemStatus>
      <ItemId>137134</ItemId>
    </Item>
    <Item>
      <PriceUpdateDate>2025-08-26 14:36:54</PriceUpdateDate>
      <ItemCode>7290010259366</ItemCode>
      <ItemType>1</ItemType>
      <ItemName>אטריות להקפצה מסולסל</ItemName>
      <ManufacturerName>לא ידוע</ManufacturerName>
      <ManufactureCountry>לא ידוע</ManufactureCountry>
      <ManufacturerItemDescription>אטריות להקפצה מסולסל</ManufacturerItemDescription>
      <UnitQty>לא ידוע</UnitQty>
      <Quantity>200.00</Quantity>
      <UnitOfMeasure>לא ידוע</UnitOfMeasure>
      <bIsWeighted>0</bIsWeighted>
      <QtyInPackage>לא ידוע</QtyInPackage>
      <ItemPrice>7.90</ItemPrice>
      <UnitOfMeasurePrice>0.0395</UnitOfMeasurePrice>
      <AllowDiscount>1</AllowDiscount>
      <ItemStatus>1</ItemStatus>
      <ItemId>137144</ItemId>
    </Item>
    <Item>
      <PriceUpdateDate>2025-08-26 14:36:54</PriceUpdateDate>
      <ItemCode>7290010259823</ItemCode>
      <ItemType>1</ItemType>
      <ItemName>נודלס בטעם עוף מנת ה</ItemName>
      <ManufacturerName>קריות זול</ManufacturerName>
      <ManufactureCountry>לא ידוע</ManufactureCountry>
      <ManufacturerItemDescription>נודלס בטעם עוף מנת ה</ManufacturerItemDescription>
      <UnitQty>לא ידוע</UnitQty>
      <Quantity>70.00</Quantity>
      <UnitOfMeasure>לא ידוע</UnitOfMeasure>
      <bIsWeighted>0</bIsWeighted>
      <QtyInPackage>לא ידוע</QtyInPackage>
      <ItemPrice>7.90</ItemPrice>
      <UnitOfMeasurePrice>0.1129</UnitOfMeasurePrice>
      <AllowDiscount>1</AllowDiscount>
      <ItemStatus>1</ItemStatus>
      <ItemId>137148</ItemId>
    </Item>
    <Item>
      <PriceUpdateDate>2025-08-26 14:36:55</PriceUpdateDate>
      <ItemCode>7290010259830</ItemCode>
      <ItemType>1</ItemType>
      <ItemName>נודלס סגנון סיני פיק</ItemName>
      <ManufacturerName>קריות זול</ManufacturerName>
      <ManufactureCountry>לא ידוע</ManufactureCountry>
      <ManufacturerItemDescription>נודלס סגנון סיני פיק</ManufacturerItemDescription>
      <UnitQty>לא ידוע</UnitQty>
      <Quantity>70.00</Quantity>
      <UnitOfMeasure>לא ידוע</UnitOfMeasure>
      <bIsWeighted>0</bIsWeighted>
      <QtyInPackage>לא ידוע</QtyInPackage>
      <ItemPrice>7.90</ItemPrice>
      <UnitOfMeasurePrice>0.1129</UnitOfMeasurePrice>
      <AllowDiscount>1</AllowDiscount>
      <ItemStatus>1</ItemStatus>
      <ItemId>137149</ItemId>
    </Item>
    <Item>
      <PriceUpdateDate>2025-08-26 14:36:55</PriceUpdateDate>
      <ItemCode>7290010259847</ItemCode>
      <ItemType>1</ItemType>
      <ItemName>נודלס בטעם תירס מנת</ItemName>
      <ManufacturerName>קריות זול</ManufacturerName>
      <ManufactureCountry>לא ידוע</ManufactureCountry>
      <ManufacturerItemDescription>נודלס בטעם תירס מנת</ManufacturerItemDescription>
      <UnitQty>לא ידוע</UnitQty>
      <Quantity>70.00</Quantity>
      <UnitOfMeasure>לא ידוע</UnitOfMeasure>
      <bIsWeighted>0</bIsWeighted>
      <QtyInPackage>לא ידוע</QtyInPackage>
      <ItemPrice>7.90</ItemPrice>
      <UnitOfMeasurePrice>0.1129</UnitOfMeasurePrice>
      <AllowDiscount>1</AllowDiscount>
      <ItemStatus>1</ItemStatus>
      <ItemId>137150</ItemId>
    </Item>
    <Item>
      <PriceUpdateDate>2025-08-26 14:36:55</PriceUpdateDate>
      <ItemCode>7290010259854</ItemCode>
      <ItemType>1</ItemType>
      <ItemName>נודלס בטעם פטריות מנ</ItemName>
      <ManufacturerName>קריות זול</ManufacturerName>
      <ManufactureCountry>לא ידוע</ManufactureCountry>
      <ManufacturerItemDescription>נודלס בטעם פטריות מנ</ManufacturerItemDescription>
      <UnitQty>לא ידוע</UnitQty>
      <Quantity>70.00</Quantity>
      <UnitOfMeasure>לא ידוע</UnitOfMeasure>
      <bIsWeighted>0</bIsWeighted>
      <QtyInPackage>לא ידוע</QtyInPackage>
      <ItemPrice>7.90</ItemPrice>
      <UnitOfMeasurePrice>0.1129</UnitOfMeasurePrice>
      <AllowDiscount>1</AllowDiscount>
      <ItemStatus>1</ItemStatus>
      <ItemId>137151</ItemId>
    </Item>
    <Item>
      <PriceUpdateDate>2025-11-27 07:17:03</PriceUpdateDate>
      <ItemCode>7290010259977</ItemCode>
      <ItemType>1</ItemType>
      <ItemName>שמן קנולה 1 ליטר ויל</ItemName>
      <ManufacturerName>לא ידוע</ManufacturerName>
      <ManufactureCountry>לא ידוע</ManufactureCountry>
      <ManufacturerItemDescription>שמן קנולה 1 ליטר ויל</ManufacturerItemDescription>
      <UnitQty>לא ידוע</UnitQty>
      <Quantity>1000.00</Quantity>
      <UnitOfMeasure>לא ידוע</UnitOfMeasure>
      <bIsWeighted>0</bIsWeighted>
      <QtyInPackage>לא ידוע</QtyInPackage>
      <ItemPrice>10.90</ItemPrice>
      <UnitOfMeasurePrice>0.0109</UnitOfMeasurePrice>
      <AllowDiscount>1</AllowDiscount>
      <ItemStatus>1</ItemStatus>
      <ItemId>137157</ItemId>
    </Item>
    <Item>
      <PriceUpdateDate>2025-08-26 14:36:56</PriceUpdateDate>
      <ItemCode>7290010259991</ItemCode>
      <ItemType>1</ItemType>
      <ItemName>צנימים ויליפוד 250גר</ItemName>
      <ManufacturerName>קריות זול</ManufacturerName>
      <ManufactureCountry>לא ידוע</ManufactureCountry>
      <ManufacturerItemDescription>צנימים ויליפוד 250גר</ManufacturerItemDescription>
      <UnitQty>לא ידוע</UnitQty>
      <Quantity>250.00</Quantity>
      <UnitOfMeasure>לא ידוע</UnitOfMeasure>
      <bIsWeighted>0</bIsWeighted>
      <QtyInPackage>לא ידוע</QtyInPackage>
      <ItemPrice>11.90</ItemPrice>
      <UnitOfMeasurePrice>0.0476</UnitOfMeasurePrice>
      <AllowDiscount>1</AllowDiscount>
      <ItemStatus>1</ItemStatus>
      <ItemId>137158</ItemId>
    </Item>
    <Item>
      <PriceUpdateDate>2025-05-07 12:46:34</PriceUpdateDate>
      <ItemCode>7290010839865</ItemCode>
      <ItemType>1</ItemType>
      <ItemName>רכז רימונים 320 גר</ItemName>
      <ManufacturerName>לא ידוע</ManufacturerName>
      <ManufactureCountry>לא ידוע</ManufactureCountry>
      <ManufacturerItemDescription>רכז רימונים 320 גר</ManufacturerItemDescription>
      <UnitQty>לא ידוע</UnitQty>
      <Quantity>320.00</Quantity>
      <UnitOfMeasure>לא ידוע</UnitOfMeasure>
      <bIsWeighted>0</bIsWeighted>
      <QtyInPackage>לא ידוע</QtyInPackage>
      <ItemPrice>12.90</ItemPrice>
      <UnitOfMeasurePrice>0.0403</UnitOfMeasurePrice>
      <AllowDiscount>1</AllowDiscount>
      <ItemStatus>1</ItemStatus>
      <ItemId>137192</ItemId>
    </Item>
    <Item>
      <PriceUpdateDate>2025-08-26 14:36:57</PriceUpdateDate>
      <ItemCode>7290012483608</ItemCode>
      <ItemType>1</ItemType>
      <ItemName>אורז בסמטי ויליפוד 5</ItemName>
      <ManufacturerName>לא ידוע</ManufacturerName>
      <ManufactureCountry>לא ידוע</ManufactureCountry>
      <ManufacturerItemDescription>אורז בסמטי ויליפוד 5</ManufacturerItemDescription>
      <UnitQty>לא ידוע</UnitQty>
      <Quantity>5000.00</Quantity>
      <UnitOfMeasure>לא ידוע</UnitOfMeasure>
      <bIsWeighted>0</bIsWeighted>
      <QtyInPackage>לא ידוע</QtyInPackage>
      <ItemPrice>61.90</ItemPrice>
      <UnitOfMeasurePrice>0.0124</UnitOfMeasurePrice>
      <AllowDiscount>1</AllowDiscount>
      <ItemStatus>1</ItemStatus>
      <ItemId>137283</ItemId>
    </Item>
    <Item>
      <PriceUpdateDate>2025-08-26 14:36:58</PriceUpdateDate>
      <ItemCode>7290013472199</ItemCode>
      <ItemType>1</ItemType>
      <ItemName>ערמונים ויליפוד 100ג</ItemName>
      <ManufacturerName>לא ידוע</ManufacturerName>
      <ManufactureCountry>לא ידוע</ManufactureCountry>
      <ManufacturerItemDescription>ערמונים ויליפוד 100ג</ManufacturerItemDescription>
      <UnitQty>לא ידוע</UnitQty>
      <Quantity>100.00</Quantity>
      <UnitOfMeasure>לא ידוע</UnitOfMeasure>
      <bIsWeighted>0</bIsWeighted>
      <QtyInPackage>לא ידוע</QtyInPackage>
      <ItemPrice>6.90</ItemPrice>
      <UnitOfMeasurePrice>0.0690</UnitOfMeasurePrice>
      <AllowDiscount>1</AllowDiscount>
      <ItemStatus>1</ItemStatus>
      <ItemId>137302</ItemId>
    </Item>
    <Item>
      <PriceUpdateDate>2025-08-26 14:37:00</PriceUpdateDate>
      <ItemCode>7290014083479</ItemCode>
      <ItemType>1</ItemType>
      <ItemName>גבינת גאודה פרוסה חצ</ItemName>
      <ManufacturerName>לא ידוע</ManufacturerName>
      <ManufactureCountry>לא ידוע</ManufactureCountry>
      <ManufacturerItemDescription>גבינת גאודה פרוסה חצ</ManufacturerItemDescription>
      <UnitQty>לא ידוע</UnitQty>
      <Quantity>150.00</Quantity>
      <UnitOfMeasure>לא ידוע</UnitOfMeasure>
      <bIsWeighted>0</bIsWeighted>
      <QtyInPackage>לא ידוע</QtyInPackage>
      <ItemPrice>14.90</ItemPrice>
      <UnitOfMeasurePrice>0.0993</UnitOfMeasurePrice>
      <AllowDiscount>1</AllowDiscount>
      <ItemStatus>1</ItemStatus>
      <ItemId>137322</ItemId>
    </Item>
    <Item>
      <PriceUpdateDate>2025-08-26 14:37:00</PriceUpdateDate>
      <ItemCode>7290014083813</ItemCode>
      <ItemType>1</ItemType>
      <ItemName>שפרוטים מעושנים בשמן</ItemName>
      <ManufacturerName>לא ידוע</ManufacturerName>
      <ManufactureCountry>לא ידוע</ManufactureCountry>
      <ManufacturerItemDescription>שפרוטים מעושנים בשמן</ManufacturerItemDescription>
      <UnitQty>לא ידוע</UnitQty>
      <Quantity>190.00</Quantity>
      <UnitOfMeasure>לא ידוע</UnitOfMeasure>
      <bIsWeighted>0</bIsWeighted>
      <QtyInPackage>לא ידוע</QtyInPackage>
      <ItemPrice>13.90</ItemPrice>
      <UnitOfMeasurePrice>0.0732</UnitOfMeasurePrice>
      <AllowDiscount>1</AllowDiscount>
      <ItemStatus>1</ItemStatus>
      <ItemId>137338</ItemId>
    </Item>
    <Item>
      <PriceUpdateDate>2025-08-31 09:57:53</PriceUpdateDate>
      <ItemCode>7290014692299</ItemCode>
      <ItemType>1</ItemType>
      <ItemName>גבינת ברי קאסטללו יו</ItemName>
      <ManufacturerName>לא ידוע</ManufacturerName>
      <ManufactureCountry>לא ידוע</ManufactureCountry>
      <ManufacturerItemDescription>גבינת ברי קאסטללו יו</ManufacturerItemDescription>
      <UnitQty>לא ידוע</UnitQty>
      <Quantity>125.00</Quantity>
      <UnitOfMeasure>לא ידוע</UnitOfMeasure>
      <bIsWeighted>0</bIsWeighted>
      <QtyInPackage>לא ידוע</QtyInPackage>
      <ItemPrice>23.90</ItemPrice>
      <UnitOfMeasurePrice>0.1912</UnitOfMeasurePrice>
      <AllowDiscount>1</AllowDiscount>
      <ItemStatus>1</ItemStatus>
      <ItemId>137347</ItemId>
    </Item>
    <Item>
      <PriceUpdateDate>2025-08-28 10:17:59</PriceUpdateDate>
      <ItemCode>7290014692565</ItemCode>
      <ItemType>1</ItemType>
      <ItemName>תירס מתוק ויליפוד 32</ItemName>
      <ManufacturerName>לא ידוע</ManufacturerName>
      <ManufactureCountry>לא ידוע</ManufactureCountry>
      <ManufacturerItemDescription>תירס מתוק ויליפוד 32</ManufacturerItemDescription>
      <UnitQty>לא ידוע</UnitQty>
      <Quantity>320.00</Quantity>
      <UnitOfMeasure>לא ידוע</UnitOfMeasure>
      <bIsWeighted>0</bIsWeighted>
      <QtyInPackage>לא ידוע</QtyInPackage>
      <ItemPrice>7.00</ItemPrice>
      <UnitOfMeasurePrice>0.0219</UnitOfMeasurePrice>
      <AllowDiscount>1</AllowDiscount>
      <ItemStatus>1</ItemStatus>
      <ItemId>137359</ItemId>
    </Item>
    <Item>
      <PriceUpdateDate>2025-08-28 16:53:43</PriceUpdateDate>
      <ItemCode>7290014692817</ItemCode>
      <ItemType>1</ItemType>
      <ItemName>גבינת מוצרלה מגורדת</ItemName>
      <ManufacturerName>לא ידוע</ManufacturerName>
      <ManufactureCountry>לא ידוע</ManufactureCountry>
      <ManufacturerItemDescription>גבינת מוצרלה מגורדת</ManufacturerItemDescription>
      <UnitQty>לא ידוע</UnitQty>
      <Quantity>200.00</Quantity>
      <UnitOfMeasure>לא ידוע</UnitOfMeasure>
      <bIsWeighted>0</bIsWeighted>
      <QtyInPackage>לא ידוע</QtyInPackage>
      <ItemPrice>17.90</ItemPrice>
      <UnitOfMeasurePrice>0.0895</UnitOfMeasurePrice>
      <AllowDiscount>1</AllowDiscount>
      <ItemStatus>1</ItemStatus>
      <ItemId>137363</ItemId>
    </Item>
    <Item>
      <PriceUpdateDate>2025-08-31 09:57:54</PriceUpdateDate>
      <ItemCode>7290015039055</ItemCode>
      <ItemType>1</ItemType>
      <ItemName>רוטב צ'ילי חריף 700</ItemName>
      <ManufacturerName>לא ידוע</ManufacturerName>
      <ManufactureCountry>לא ידוע</ManufactureCountry>
      <ManufacturerItemDescription>רוטב צ'ילי חריף 700</ManufacturerItemDescription>
      <UnitQty>לא ידוע</UnitQty>
      <Quantity>700.00</Quantity>
      <UnitOfMeasure>לא ידוע</UnitOfMeasure>
      <bIsWeighted>0</bIsWeighted>
      <QtyInPackage>לא ידוע</QtyInPackage>
      <ItemPrice>13.90</ItemPrice>
      <UnitOfMeasurePrice>0.0199</UnitOfMeasurePrice>
      <AllowDiscount>1</AllowDiscount>
      <ItemStatus>1</ItemStatus>
      <ItemId>137366</ItemId>
    </Item>
    <Item>
      <PriceUpdateDate>2025-08-31 09:57:55</PriceUpdateDate>
      <ItemCode>7290015039246</ItemCode>
      <ItemType>1</ItemType>
      <ItemName>טונה ויליפודבשמן 4*1</ItemName>
      <ManufacturerName>לא ידוע</ManufacturerName>
      <ManufactureCountry>לא ידוע</ManufactureCountry>
      <ManufacturerItemDescription>טונה ויליפודבשמן 4*1</ManufacturerItemDescription>
      <UnitQty>לא ידוע</UnitQty>
      <Quantity>640.00</Quantity>
      <UnitOfMeasure>לא ידוע</UnitOfMeasure>
      <bIsWeighted>0</bIsWeighted>
      <QtyInPackage>לא ידוע</QtyInPackage>
      <ItemPrice>24.90</ItemPrice>
      <UnitOfMeasurePrice>0.0389</UnitOfMeasurePrice>
      <AllowDiscount>1</AllowDiscount>
      <ItemStatus>1</ItemStatus>
      <ItemId>137370</ItemId>
    </Item>
    <Item>
      <PriceUpdateDate>2025-08-31 09:57:55</PriceUpdateDate>
      <ItemCode>7290015039338</ItemCode>
      <ItemType>1</ItemType>
      <ItemName>טונה ויליפוד  במי מל</ItemName>
      <ManufacturerName>לא ידוע</ManufacturerName>
      <ManufactureCountry>לא ידוע</ManufactureCountry>
      <ManufacturerItemDescription>טונה ויליפוד  במי מל</ManufacturerItemDescription>
      <UnitQty>לא ידוע</UnitQty>
      <Quantity>640.00</Quantity>
      <UnitOfMeasure>לא ידוע</UnitOfMeasure>
      <bIsWeighted>0</bIsWeighted>
      <QtyInPackage>לא ידוע</QtyInPackage>
      <ItemPrice>24.90</ItemPrice>
      <UnitOfMeasurePrice>0.0389</UnitOfMeasurePrice>
      <AllowDiscount>1</AllowDiscount>
      <ItemStatus>1</ItemStatus>
      <ItemId>137372</ItemId>
    </Item>
    <Item>
      <PriceUpdateDate>2025-08-28 10:19:22</PriceUpdateDate>
      <ItemCode>8690777203012</ItemCode>
      <ItemType>1</ItemType>
      <ItemName>פלפל ירוק כבוש לא חר</ItemName>
      <ManufacturerName>לא ידוע</ManufacturerName>
      <ManufactureCountry>לא ידוע</ManufactureCountry>
      <ManufacturerItemDescription>פלפל ירוק כבוש לא חר</ManufacturerItemDescription>
      <UnitQty>לא ידוע</UnitQty>
      <Quantity>600.00</Quantity>
      <UnitOfMeasure>לא ידוע</UnitOfMeasure>
      <bIsWeighted>0</bIsWeighted>
      <QtyInPackage>לא ידוע</QtyInPackage>
      <ItemPrice>15.90</ItemPrice>
      <UnitOfMeasurePrice>0.0265</UnitOfMeasurePrice>
      <AllowDiscount>1</AllowDiscount>
      <ItemStatus>1</ItemStatus>
      <ItemId>137412</ItemId>
    </Item>
    <Item>
      <PriceUpdateDate>2025-08-28 10:19:22</PriceUpdateDate>
      <ItemCode>8690777206051</ItemCode>
      <ItemType>1</ItemType>
      <ItemName>חציל קלוי על האש ויל</ItemName>
      <ManufacturerName>קריות זול</ManufacturerName>
      <ManufactureCountry>לא ידוע</ManufactureCountry>
      <ManufacturerItemDescription>חציל קלוי על האש ויל</ManufacturerItemDescription>
      <UnitQty>לא ידוע</UnitQty>
      <Quantity>650.00</Quantity>
      <UnitOfMeasure>לא ידוע</UnitOfMeasure>
      <bIsWeighted>0</bIsWeighted>
      <QtyInPackage>לא ידוע</QtyInPackage>
      <ItemPrice>15.90</ItemPrice>
      <UnitOfMeasurePrice>0.0245</UnitOfMeasurePrice>
      <AllowDiscount>1</AllowDiscount>
      <ItemStatus>1</ItemStatus>
      <ItemId>137415</ItemId>
    </Item>
    <Item>
      <PriceUpdateDate>2025-08-28 10:19:22</PriceUpdateDate>
      <ItemCode>8690777221405</ItemCode>
      <ItemType>1</ItemType>
      <ItemName>פלפל אדום קלוי על הא</ItemName>
      <ManufacturerName>לא ידוע</ManufacturerName>
      <ManufactureCountry>לא ידוע</ManufactureCountry>
      <ManufacturerItemDescription>פלפל אדום קלוי על הא</ManufacturerItemDescription>
      <UnitQty>לא ידוע</UnitQty>
      <Quantity>650.00</Quantity>
      <UnitOfMeasure>לא ידוע</UnitOfMeasure>
      <bIsWeighted>0</bIsWeighted>
      <QtyInPackage>לא ידוע</QtyInPackage>
      <ItemPrice>16.90</ItemPrice>
      <UnitOfMeasurePrice>0.0260</UnitOfMeasurePrice>
      <AllowDiscount>1</AllowDiscount>
      <ItemStatus>1</ItemStatus>
      <ItemId>137417</ItemId>
    </Item>
    <Item>
      <PriceUpdateDate>2025-08-28 10:19:24</PriceUpdateDate>
      <ItemCode>8857101301008</ItemCode>
      <ItemType>1</ItemType>
      <ItemName>רוטב צ'ילי מתוק 700מ</ItemName>
      <ManufacturerName>לא ידוע</ManufacturerName>
      <ManufactureCountry>לא ידוע</ManufactureCountry>
      <ManufacturerItemDescription>רוטב צ'ילי מתוק 700מ</ManufacturerItemDescription>
      <UnitQty>לא ידוע</UnitQty>
      <Quantity>700.00</Quantity>
      <UnitOfMeasure>לא ידוע</UnitOfMeasure>
      <bIsWeighted>0</bIsWeighted>
      <QtyInPackage>לא ידוע</QtyInPackage>
      <ItemPrice>13.90</ItemPrice>
      <UnitOfMeasurePrice>0.0199</UnitOfMeasurePrice>
      <AllowDiscount>1</AllowDiscount>
      <ItemStatus>1</ItemStatus>
      <ItemId>137437</ItemId>
    </Item>
    <Item>
      <PriceUpdateDate>2025-08-28 10:19:24</PriceUpdateDate>
      <ItemCode>8901537024014</ItemCode>
      <ItemType>1</ItemType>
      <ItemName>אורז בסמטי דאווט 1קג</ItemName>
      <ManufacturerName>לא ידוע</ManufacturerName>
      <ManufactureCountry>לא ידוע</ManufactureCountry>
      <ManufacturerItemDescription>אורז בסמטי דאווט 1קג</ManufacturerItemDescription>
      <UnitQty>לא ידוע</UnitQty>
      <Quantity>1000.00</Quantity>
      <UnitOfMeasure>לא ידוע</UnitOfMeasure>
      <bIsWeighted>0</bIsWeighted>
      <QtyInPackage>לא ידוע</QtyInPackage>
      <ItemPrice>16.90</ItemPrice>
      <UnitOfMeasurePrice>0.0169</UnitOfMeasurePrice>
      <AllowDiscount>1</AllowDiscount>
      <ItemStatus>1</ItemStatus>
      <ItemId>137441</ItemId>
    </Item>
    <Item>
      <PriceUpdateDate>2025-08-19 09:35:03</PriceUpdateDate>
      <ItemCode>41390010309</ItemCode>
      <ItemType>1</ItemType>
      <ItemName>רוטב טריאקי קיקומן 4</ItemName>
      <ManufacturerName>לא ידוע</ManufacturerName>
      <ManufactureCountry>לא ידוע</ManufactureCountry>
      <ManufacturerItemDescription>רוטב טריאקי קיקומן 4</ManufacturerItemDescription>
      <UnitQty>לא ידוע</UnitQty>
      <Quantity>444.00</Quantity>
      <UnitOfMeasure>לא ידוע</UnitOfMeasure>
      <bIsWeighted>0</bIsWeighted>
      <QtyInPackage>לא ידוע</QtyInPackage>
      <ItemPrice>24.90</ItemPrice>
      <UnitOfMeasurePrice>0.0561</UnitOfMeasurePrice>
      <AllowDiscount>1</AllowDiscount>
      <ItemStatus>1</ItemStatus>
      <ItemId>137541</ItemId>
    </Item>
    <Item>
      <PriceUpdateDate>2025-09-03 14:27:51</PriceUpdateDate>
      <ItemCode>80896081</ItemCode>
      <ItemType>1</ItemType>
      <ItemName>מנטוס מסטיק פיור פרש</ItemName>
      <ManufacturerName>לא ידוע</ManufacturerName>
      <ManufactureCountry>לא ידוע</ManufactureCountry>
      <ManufacturerItemDescription>מנטוס מסטיק פיור פרש</ManufacturerItemDescription>
      <UnitQty>לא ידוע</UnitQty>
      <Quantity>60.00</Quantity>
      <UnitOfMeasure>לא ידוע</UnitOfMeasure>
      <bIsWeighted>0</bIsWeighted>
      <QtyInPackage>לא ידוע</QtyInPackage>
      <ItemPrice>13.90</ItemPrice>
      <UnitOfMeasurePrice>0.2317</UnitOfMeasurePrice>
      <AllowDiscount>1</AllowDiscount>
      <ItemStatus>1</ItemStatus>
      <ItemId>209828</ItemId>
    </Item>
    <Item>
      <PriceUpdateDate>2025-08-19 09:35:27</PriceUpdateDate>
      <ItemCode>5410126116953</ItemCode>
      <ItemType>1</ItemType>
      <ItemName>ממרח עוגיות לוטוס קר</ItemName>
      <ManufacturerName>לא ידוע</ManufacturerName>
      <ManufactureCountry>לא ידוע</ManufactureCountry>
      <ManufacturerItemDescription>ממרח עוגיות לוטוס קר</ManufacturerItemDescription>
      <UnitQty>לא ידוע</UnitQty>
      <Quantity>400.00</Quantity>
      <UnitOfMeasure>לא ידוע</UnitOfMeasure>
      <bIsWeighted>0</bIsWeighted>
      <QtyInPackage>לא ידוע</QtyInPackage>
      <ItemPrice>24.90</ItemPrice>
      <UnitOfMeasurePrice>0.0622</UnitOfMeasurePrice>
      <AllowDiscount>1</AllowDiscount>
      <ItemStatus>1</ItemStatus>
      <ItemId>137711</ItemId>
    </Item>
    <Item>
      <PriceUpdateDate>2025-08-19 09:35:28</PriceUpdateDate>
      <ItemCode>5410126716016</ItemCode>
      <ItemType>1</ItemType>
      <ItemName>לוטוס ביסקויט 250 גר</ItemName>
      <ManufacturerName>קריות זול</ManufacturerName>
      <ManufactureCountry>לא ידוע</ManufactureCountry>
      <ManufacturerItemDescription>לוטוס ביסקויט 250 גר</ManufacturerItemDescription>
      <UnitQty>לא ידוע</UnitQty>
      <Quantity>250.00</Quantity>
      <UnitOfMeasure>לא ידוע</UnitOfMeasure>
      <bIsWeighted>0</bIsWeighted>
      <QtyInPackage>לא ידוע</QtyInPackage>
      <ItemPrice>14.90</ItemPrice>
      <UnitOfMeasurePrice>0.0596</UnitOfMeasurePrice>
      <AllowDiscount>1</AllowDiscount>
      <ItemStatus>1</ItemStatus>
      <ItemId>137712</ItemId>
    </Item>
    <Item>
      <PriceUpdateDate>2025-08-19 09:35:30</PriceUpdateDate>
      <ItemCode>5410126726947</ItemCode>
      <ItemType>1</ItemType>
      <ItemName>ממרח עוגיות עם שברי</ItemName>
      <ManufacturerName>לא ידוע</ManufacturerName>
      <ManufactureCountry>לא ידוע</ManufactureCountry>
      <ManufacturerItemDescription>ממרח עוגיות עם שברי</ManufacturerItemDescription>
      <UnitQty>לא ידוע</UnitQty>
      <Quantity>380.00</Quantity>
      <UnitOfMeasure>לא ידוע</UnitOfMeasure>
      <bIsWeighted>0</bIsWeighted>
      <QtyInPackage>לא ידוע</QtyInPackage>
      <ItemPrice>25.90</ItemPrice>
      <UnitOfMeasurePrice>0.0682</UnitOfMeasurePrice>
      <AllowDiscount>1</AllowDiscount>
      <ItemStatus>1</ItemStatus>
      <ItemId>137713</ItemId>
    </Item>
    <Item>
      <PriceUpdateDate>2025-08-20 13:23:53</PriceUpdateDate>
      <ItemCode>7290000304663</ItemCode>
      <ItemType>1</ItemType>
      <ItemName>סלט טונה פיקנטי נון</ItemName>
      <ManufacturerName>קריות זול</ManufacturerName>
      <ManufactureCountry>לא ידוע</ManufactureCountry>
      <ManufacturerItemDescription>סלט טונה פיקנטי נון</ManufacturerItemDescription>
      <UnitQty>לא ידוע</UnitQty>
      <Quantity>160.00</Quantity>
      <UnitOfMeasure>לא ידוע</UnitOfMeasure>
      <bIsWeighted>0</bIsWeighted>
      <QtyInPackage>לא ידוע</QtyInPackage>
      <ItemPrice>9.90</ItemPrice>
      <UnitOfMeasurePrice>0.0619</UnitOfMeasurePrice>
      <AllowDiscount>1</AllowDiscount>
      <ItemStatus>1</ItemStatus>
      <ItemId>137722</ItemId>
    </Item>
    <Item>
      <PriceUpdateDate>2025-08-20 11:37:11</PriceUpdateDate>
      <ItemCode>7290017396071</ItemCode>
      <ItemType>1</ItemType>
      <ItemName>המבורגר פרימיום</ItemName>
      <ManufacturerName>לא ידוע</ManufacturerName>
      <ManufactureCountry>לא ידוע</ManufactureCountry>
      <ManufacturerItemDescription>המבורגר פרימיום</ManufacturerItemDescription>
      <UnitQty>יחידה   </UnitQty>
      <Quantity>0.00</Quantity>
      <UnitOfMeasure>יחידה   </UnitOfMeasure>
      <bIsWeighted>0</bIsWeighted>
      <QtyInPackage>לא ידוע</QtyInPackage>
      <ItemPrice>19.90</ItemPrice>
      <UnitOfMeasurePrice>0.0000</UnitOfMeasurePrice>
      <AllowDiscount>1</AllowDiscount>
      <ItemStatus>1</ItemStatus>
      <ItemId>212188</ItemId>
    </Item>
    <Item>
      <PriceUpdateDate>2025-08-20 13:23:55</PriceUpdateDate>
      <ItemCode>7290001265642</ItemCode>
      <ItemType>1</ItemType>
      <ItemName>לה קט מולטי פק 3*400</ItemName>
      <ManufacturerName>קריות זול</ManufacturerName>
      <ManufactureCountry>לא ידוע</ManufactureCountry>
      <ManufacturerItemDescription>לה קט מולטי פק 3*400</ManufacturerItemDescription>
      <UnitQty>לא ידוע</UnitQty>
      <Quantity>1200.00</Quantity>
      <UnitOfMeasure>לא ידוע</UnitOfMeasure>
      <bIsWeighted>0</bIsWeighted>
      <QtyInPackage>לא ידוע</QtyInPackage>
      <ItemPrice>26.90</ItemPrice>
      <UnitOfMeasurePrice>0.0224</UnitOfMeasurePrice>
      <AllowDiscount>1</AllowDiscount>
      <ItemStatus>1</ItemStatus>
      <ItemId>137762</ItemId>
    </Item>
    <Item>
      <PriceUpdateDate>2025-08-20 13:23:58</PriceUpdateDate>
      <ItemCode>7290003450602</ItemCode>
      <ItemType>1</ItemType>
      <ItemName>חרדל אמיתי צהוב בקבו</ItemName>
      <ManufacturerName>קריות זול</ManufacturerName>
      <ManufactureCountry>לא ידוע</ManufactureCountry>
      <ManufacturerItemDescription>חרדל אמיתי צהוב בקבו</ManufacturerItemDescription>
      <UnitQty>לא ידוע</UnitQty>
      <Quantity>255.00</Quantity>
      <UnitOfMeasure>לא ידוע</UnitOfMeasure>
      <bIsWeighted>0</bIsWeighted>
      <QtyInPackage>לא ידוע</QtyInPackage>
      <ItemPrice>14.90</ItemPrice>
      <UnitOfMeasurePrice>0.0584</UnitOfMeasurePrice>
      <AllowDiscount>1</AllowDiscount>
      <ItemStatus>1</ItemStatus>
      <ItemId>137821</ItemId>
    </Item>
    <Item>
      <PriceUpdateDate>2025-08-20 13:23:59</PriceUpdateDate>
      <ItemCode>7290005111761</ItemCode>
      <ItemType>1</ItemType>
      <ItemName>בונזו בשר 3קג</ItemName>
      <ManufacturerName>קריות זול</ManufacturerName>
      <ManufactureCountry>לא ידוע</ManufactureCountry>
      <ManufacturerItemDescription>בונזו בשר 3קג</ManufacturerItemDescription>
      <UnitQty>קילוגרמים</UnitQty>
      <Quantity>3.00</Quantity>
      <UnitOfMeasure>ק"ג     </UnitOfMeasure>
      <bIsWeighted>0</bIsWeighted>
      <QtyInPackage>לא ידוע</QtyInPackage>
      <ItemPrice>58.90</ItemPrice>
      <UnitOfMeasurePrice>19.6333</UnitOfMeasurePrice>
      <AllowDiscount>1</AllowDiscount>
      <ItemStatus>1</ItemStatus>
      <ItemId>137841</ItemId>
    </Item>
    <Item>
      <PriceUpdateDate>2025-08-20 13:23:59</PriceUpdateDate>
      <ItemCode>7290005287206</ItemCode>
      <ItemType>1</ItemType>
      <ItemName>טונה סטארקיס בשמן רב</ItemName>
      <ManufacturerName>קריות זול</ManufacturerName>
      <ManufactureCountry>לא ידוע</ManufactureCountry>
      <ManufacturerItemDescription>טונה סטארקיס בשמן רב</ManufacturerItemDescription>
      <UnitQty>לא ידוע</UnitQty>
      <Quantity>640.00</Quantity>
      <UnitOfMeasure>לא ידוע</UnitOfMeasure>
      <bIsWeighted>0</bIsWeighted>
      <QtyInPackage>לא ידוע</QtyInPackage>
      <ItemPrice>27.90</ItemPrice>
      <UnitOfMeasurePrice>0.0436</UnitOfMeasurePrice>
      <AllowDiscount>1</AllowDiscount>
      <ItemStatus>1</ItemStatus>
      <ItemId>137845</ItemId>
    </Item>
    <Item>
      <PriceUpdateDate>2025-08-20 13:24:00</PriceUpdateDate>
      <ItemCode>7290005287251</ItemCode>
      <ItemType>1</ItemType>
      <ItemName>טונה סטארקיס במים רב</ItemName>
      <ManufacturerName>קריות זול</ManufacturerName>
      <ManufactureCountry>לא ידוע</ManufactureCountry>
      <ManufacturerItemDescription>טונה סטארקיס במים רב</ManufacturerItemDescription>
      <UnitQty>לא ידוע</UnitQty>
      <Quantity>640.00</Quantity>
      <UnitOfMeasure>לא ידוע</UnitOfMeasure>
      <bIsWeighted>0</bIsWeighted>
      <QtyInPackage>לא ידוע</QtyInPackage>
      <ItemPrice>27.90</ItemPrice>
      <UnitOfMeasurePrice>0.0436</UnitOfMeasurePrice>
      <AllowDiscount>1</AllowDiscount>
      <ItemStatus>1</ItemStatus>
      <ItemId>137848</ItemId>
    </Item>
    <Item>
      <PriceUpdateDate>2025-08-20 13:24:00</PriceUpdateDate>
      <ItemCode>7290005287527</ItemCode>
      <ItemType>1</ItemType>
      <ItemName>טונה סטארקיסט בשמן ל</ItemName>
      <ManufacturerName>קריות זול</ManufacturerName>
      <ManufactureCountry>לא ידוע</ManufactureCountry>
      <ManufacturerItemDescription>טונה סטארקיסט בשמן ל</ManufacturerItemDescription>
      <UnitQty>לא ידוע</UnitQty>
      <Quantity>160.00</Quantity>
      <UnitOfMeasure>לא ידוע</UnitOfMeasure>
      <bIsWeighted>0</bIsWeighted>
      <QtyInPackage>לא ידוע</QtyInPackage>
      <ItemPrice>8.90</ItemPrice>
      <UnitOfMeasurePrice>0.0556</UnitOfMeasurePrice>
      <AllowDiscount>1</AllowDiscount>
      <ItemStatus>1</ItemStatus>
      <ItemId>137852</ItemId>
    </Item>
    <Item>
      <PriceUpdateDate>2025-08-20 13:24:01</PriceUpdateDate>
      <ItemCode>7290005651427</ItemCode>
      <ItemType>1</ItemType>
      <ItemName>בונזו מולטי פק 3*400</ItemName>
      <ManufacturerName>קריות זול</ManufacturerName>
      <ManufactureCountry>לא ידוע</ManufactureCountry>
      <ManufacturerItemDescription>בונזו מולטי פק 3*400</ManufacturerItemDescription>
      <UnitQty>לא ידוע</UnitQty>
      <Quantity>1200.00</Quantity>
      <UnitOfMeasure>לא ידוע</UnitOfMeasure>
      <bIsWeighted>0</bIsWeighted>
      <QtyInPackage>לא ידוע</QtyInPackage>
      <ItemPrice>25.90</ItemPrice>
      <UnitOfMeasurePrice>0.0216</UnitOfMeasurePrice>
      <AllowDiscount>1</AllowDiscount>
      <ItemStatus>1</ItemStatus>
      <ItemId>137875</ItemId>
    </Item>
    <Item>
      <PriceUpdateDate>2025-12-05 12:04:21</PriceUpdateDate>
      <ItemCode>7622010001858</ItemCode>
      <ItemType>1</ItemType>
      <ItemName>אוראו עוגיות ממולאות</ItemName>
      <ManufacturerName>לא ידוע</ManufacturerName>
      <ManufactureCountry>לא ידוע</ManufactureCountry>
      <ManufacturerItemDescription>אוראו עוגיות ממולאות</ManufacturerItemDescription>
      <UnitQty>לא ידוע</UnitQty>
      <Quantity>176.00</Quantity>
      <UnitOfMeasure>לא ידוע</UnitOfMeasure>
      <bIsWeighted>0</bIsWeighted>
      <QtyInPackage>לא ידוע</QtyInPackage>
      <ItemPrice>12.90</ItemPrice>
      <UnitOfMeasurePrice>0.0733</UnitOfMeasurePrice>
      <AllowDiscount>1</AllowDiscount>
      <ItemStatus>1</ItemStatus>
      <ItemId>138013</ItemId>
    </Item>
    <Item>
      <PriceUpdateDate>2025-09-08 07:57:11</PriceUpdateDate>
      <ItemCode>7622201050757</ItemCode>
      <ItemType>1</ItemType>
      <ItemName>שוקולד מילקה חלב עם</ItemName>
      <ManufacturerName>לא ידוע</ManufacturerName>
      <ManufactureCountry>לא ידוע</ManufactureCountry>
      <ManufacturerItemDescription>שוקולד מילקה חלב עם</ManufacturerItemDescription>
      <UnitQty>לא ידוע</UnitQty>
      <Quantity>100.00</Quantity>
      <UnitOfMeasure>לא ידוע</UnitOfMeasure>
      <bIsWeighted>0</bIsWeighted>
      <QtyInPackage>לא ידוע</QtyInPackage>
      <ItemPrice>9.90</ItemPrice>
      <UnitOfMeasurePrice>0.0990</UnitOfMeasurePrice>
      <AllowDiscount>1</AllowDiscount>
      <ItemStatus>1</ItemStatus>
      <ItemId>138017</ItemId>
    </Item>
    <Item>
      <PriceUpdateDate>2025-12-05 12:04:22</PriceUpdateDate>
      <ItemCode>7622300270506</ItemCode>
      <ItemType>1</ItemType>
      <ItemName>מילקה גריינס עוגיות</ItemName>
      <ManufacturerName>לא ידוע</ManufacturerName>
      <ManufactureCountry>לא ידוע</ManufactureCountry>
      <ManufacturerItemDescription>מילקה גריינס עוגיות</ManufacturerItemDescription>
      <UnitQty>לא ידוע</UnitQty>
      <Quantity>168.00</Quantity>
      <UnitOfMeasure>לא ידוע</UnitOfMeasure>
      <bIsWeighted>0</bIsWeighted>
      <QtyInPackage>לא ידוע</QtyInPackage>
      <ItemPrice>17.90</ItemPrice>
      <UnitOfMeasurePrice>0.1065</UnitOfMeasurePrice>
      <AllowDiscount>1</AllowDiscount>
      <ItemStatus>1</ItemStatus>
      <ItemId>138029</ItemId>
    </Item>
    <Item>
      <PriceUpdateDate>2025-12-05 08:46:58</PriceUpdateDate>
      <ItemCode>7622300356767</ItemCode>
      <ItemType>1</ItemType>
      <ItemName>עוגיות מילקה עם גרנו</ItemName>
      <ManufacturerName>לא ידוע</ManufacturerName>
      <ManufactureCountry>לא ידוע</ManufactureCountry>
      <ManufacturerItemDescription>עוגיות מילקה עם גרנו</ManufacturerItemDescription>
      <UnitQty>לא ידוע</UnitQty>
      <Quantity>168.00</Quantity>
      <UnitOfMeasure>לא ידוע</UnitOfMeasure>
      <bIsWeighted>0</bIsWeighted>
      <QtyInPackage>לא ידוע</QtyInPackage>
      <ItemPrice>17.90</ItemPrice>
      <UnitOfMeasurePrice>0.1065</UnitOfMeasurePrice>
      <AllowDiscount>1</AllowDiscount>
      <ItemStatus>1</ItemStatus>
      <ItemId>138033</ItemId>
    </Item>
    <Item>
      <PriceUpdateDate>2025-09-08 07:57:19</PriceUpdateDate>
      <ItemCode>7622300617820</ItemCode>
      <ItemType>1</ItemType>
      <ItemName>שוקולד מילקה אוראו 1</ItemName>
      <ManufacturerName>לא ידוע</ManufacturerName>
      <ManufactureCountry>לא ידוע</ManufactureCountry>
      <ManufacturerItemDescription>שוקולד מילקה אוראו 1</ManufacturerItemDescription>
      <UnitQty>לא ידוע</UnitQty>
      <Quantity>100.00</Quantity>
      <UnitOfMeasure>לא ידוע</UnitOfMeasure>
      <bIsWeighted>0</bIsWeighted>
      <QtyInPackage>לא ידוע</QtyInPackage>
      <ItemPrice>9.90</ItemPrice>
      <UnitOfMeasurePrice>0.0990</UnitOfMeasurePrice>
      <AllowDiscount>1</AllowDiscount>
      <ItemStatus>1</ItemStatus>
      <ItemId>138040</ItemId>
    </Item>
    <Item>
      <PriceUpdateDate>2025-08-31 10:12:13</PriceUpdateDate>
      <ItemCode>7290107940030</ItemCode>
      <ItemType>1</ItemType>
      <ItemName>אחלה חומוס 650 גרם</ItemName>
      <ManufacturerName>לא ידוע</ManufacturerName>
      <ManufactureCountry>לא ידוע</ManufactureCountry>
      <ManufacturerItemDescription>אחלה חומוס 650 גרם</ManufacturerItemDescription>
      <UnitQty>לא ידוע</UnitQty>
      <Quantity>650.00</Quantity>
      <UnitOfMeasure>לא ידוע</UnitOfMeasure>
      <bIsWeighted>0</bIsWeighted>
      <QtyInPackage>לא ידוע</QtyInPackage>
      <ItemPrice>12.90</ItemPrice>
      <UnitOfMeasurePrice>0.0198</UnitOfMeasurePrice>
      <AllowDiscount>1</AllowDiscount>
      <ItemStatus>1</ItemStatus>
      <ItemId>210326</ItemId>
    </Item>
    <Item>
      <PriceUpdateDate>2025-09-08 07:57:21</PriceUpdateDate>
      <ItemCode>8007178223547</ItemCode>
      <ItemType>1</ItemType>
      <ItemName>קרם בלסמי מצומצם 250</ItemName>
      <ManufacturerName>לא ידוע</ManufacturerName>
      <ManufactureCountry>לא ידוע</ManufactureCountry>
      <ManufacturerItemDescription>קרם בלסמי מצומצם 250</ManufacturerItemDescription>
      <UnitQty>לא ידוע</UnitQty>
      <Quantity>250.00</Quantity>
      <UnitOfMeasure>לא ידוע</UnitOfMeasure>
      <bIsWeighted>0</bIsWeighted>
      <QtyInPackage>לא ידוע</QtyInPackage>
      <ItemPrice>27.90</ItemPrice>
      <UnitOfMeasurePrice>0.1116</UnitOfMeasurePrice>
      <AllowDiscount>1</AllowDiscount>
      <ItemStatus>1</ItemStatus>
      <ItemId>138056</ItemId>
    </Item>
    <Item>
      <PriceUpdateDate>2025-09-08 07:57:26</PriceUpdateDate>
      <ItemCode>8712400802499</ItemCode>
      <ItemType>1</ItemType>
      <ItemName>נוטרילון -טבע שלב 1</ItemName>
      <ManufacturerName>לא ידוע</ManufacturerName>
      <ManufactureCountry>לא ידוע</ManufactureCountry>
      <ManufacturerItemDescription>נוטרילון -טבע שלב 1</ManufacturerItemDescription>
      <UnitQty>לא ידוע</UnitQty>
      <Quantity>800.00</Quantity>
      <UnitOfMeasure>לא ידוע</UnitOfMeasure>
      <bIsWeighted>0</bIsWeighted>
      <QtyInPackage>לא ידוע</QtyInPackage>
      <ItemPrice>71.90</ItemPrice>
      <UnitOfMeasurePrice>0.0899</UnitOfMeasurePrice>
      <AllowDiscount>1</AllowDiscount>
      <ItemStatus>1</ItemStatus>
      <ItemId>138079</ItemId>
    </Item>
    <Item>
      <PriceUpdateDate>2025-09-08 07:57:29</PriceUpdateDate>
      <ItemCode>8715700419732</ItemCode>
      <ItemType>1</ItemType>
      <ItemName>קטשופ היינץ 700גר</ItemName>
      <ManufacturerName>לא ידוע</ManufacturerName>
      <ManufactureCountry>לא ידוע</ManufactureCountry>
      <ManufacturerItemDescription>קטשופ היינץ 700גר</ManufacturerItemDescription>
      <UnitQty>לא ידוע</UnitQty>
      <Quantity>700.00</Quantity>
      <UnitOfMeasure>לא ידוע</UnitOfMeasure>
      <bIsWeighted>0</bIsWeighted>
      <QtyInPackage>לא ידוע</QtyInPackage>
      <ItemPrice>16.90</ItemPrice>
      <UnitOfMeasurePrice>0.0241</UnitOfMeasurePrice>
      <AllowDiscount>1</AllowDiscount>
      <ItemStatus>1</ItemStatus>
      <ItemId>138086</ItemId>
    </Item>
    <Item>
      <PriceUpdateDate>2025-08-22 11:32:04</PriceUpdateDate>
      <ItemCode>7290000133645</ItemCode>
      <ItemType>1</ItemType>
      <ItemName>אורביטול משחת שיניים</ItemName>
      <ManufacturerName>קריות זול</ManufacturerName>
      <ManufactureCountry>לא ידוע</ManufactureCountry>
      <ManufacturerItemDescription>אורביטול משחת שיניים</ManufacturerItemDescription>
      <UnitQty>לא ידוע</UnitQty>
      <Quantity>435.00</Quantity>
      <UnitOfMeasure>לא ידוע</UnitOfMeasure>
      <bIsWeighted>0</bIsWeighted>
      <QtyInPackage>לא ידוע</QtyInPackage>
      <ItemPrice>20.90</ItemPrice>
      <UnitOfMeasurePrice>0.0480</UnitOfMeasurePrice>
      <AllowDiscount>1</AllowDiscount>
      <ItemStatus>1</ItemStatus>
      <ItemId>138125</ItemId>
    </Item>
    <Item>
      <PriceUpdateDate>2025-08-31 09:59:25</PriceUpdateDate>
      <ItemCode>7290101551638</ItemCode>
      <ItemType>1</ItemType>
      <ItemName>ציטוס כאפה אפוי מארז</ItemName>
      <ManufacturerName>לא ידוע</ManufacturerName>
      <ManufactureCountry>לא ידוע</ManufactureCountry>
      <ManufacturerItemDescription>ציטוס כאפה אפוי מארז</ManufacturerItemDescription>
      <UnitQty>לא ידוע</UnitQty>
      <Quantity>200.00</Quantity>
      <UnitOfMeasure>לא ידוע</UnitOfMeasure>
      <bIsWeighted>0</bIsWeighted>
      <QtyInPackage>לא ידוע</QtyInPackage>
      <ItemPrice>16.90</ItemPrice>
      <UnitOfMeasurePrice>0.0845</UnitOfMeasurePrice>
      <AllowDiscount>1</AllowDiscount>
      <ItemStatus>1</ItemStatus>
      <ItemId>212190</ItemId>
    </Item>
    <Item>
      <PriceUpdateDate>2025-08-22 11:32:07</PriceUpdateDate>
      <ItemCode>7290000149615</ItemCode>
      <ItemType>1</ItemType>
      <ItemName>נקה 7 סבון מוצק לתינ</ItemName>
      <ManufacturerName>לא ידוע</ManufacturerName>
      <ManufactureCountry>לא ידוע</ManufactureCountry>
      <ManufacturerItemDescription>נקה 7 סבון מוצק לתינ</ManufacturerItemDescription>
      <UnitQty>לא ידוע</UnitQty>
      <Quantity>400.00</Quantity>
      <UnitOfMeasure>לא ידוע</UnitOfMeasure>
      <bIsWeighted>0</bIsWeighted>
      <QtyInPackage>לא ידוע</QtyInPackage>
      <ItemPrice>13.90</ItemPrice>
      <UnitOfMeasurePrice>0.0348</UnitOfMeasurePrice>
      <AllowDiscount>1</AllowDiscount>
      <ItemStatus>1</ItemStatus>
      <ItemId>138138</ItemId>
    </Item>
    <Item>
      <PriceUpdateDate>2025-08-22 11:32:08</PriceUpdateDate>
      <ItemCode>7290000149905</ItemCode>
      <ItemType>1</ItemType>
      <ItemName>טקסטיל שמפו 1ליטר</ItemName>
      <ManufacturerName>קריות זול</ManufacturerName>
      <ManufactureCountry>לא ידוע</ManufactureCountry>
      <ManufacturerItemDescription>טקסטיל שמפו 1ליטר</ManufacturerItemDescription>
      <UnitQty>לא ידוע</UnitQty>
      <Quantity>1000.00</Quantity>
      <UnitOfMeasure>לא ידוע</UnitOfMeasure>
      <bIsWeighted>0</bIsWeighted>
      <QtyInPackage>לא ידוע</QtyInPackage>
      <ItemPrice>16.90</ItemPrice>
      <UnitOfMeasurePrice>0.0169</UnitOfMeasurePrice>
      <AllowDiscount>1</AllowDiscount>
      <ItemStatus>1</ItemStatus>
      <ItemId>138143</ItemId>
    </Item>
    <Item>
      <PriceUpdateDate>2025-08-22 11:32:11</PriceUpdateDate>
      <ItemCode>7290000286228</ItemCode>
      <ItemType>1</ItemType>
      <ItemName>סנו סושי ספוגיות לני</ItemName>
      <ManufacturerName>קריות זול</ManufacturerName>
      <ManufactureCountry>לא ידוע</ManufactureCountry>
      <ManufacturerItemDescription>סנו סושי ספוגיות לני</ManufacturerItemDescription>
      <UnitQty>יחידה   </UnitQty>
      <Quantity>0.00</Quantity>
      <UnitOfMeasure>יחידה   </UnitOfMeasure>
      <bIsWeighted>0</bIsWeighted>
      <QtyInPackage>לא ידוע</QtyInPackage>
      <ItemPrice>13.90</ItemPrice>
      <UnitOfMeasurePrice>0.0000</UnitOfMeasurePrice>
      <AllowDiscount>1</AllowDiscount>
      <ItemStatus>1</ItemStatus>
      <ItemId>138152</ItemId>
    </Item>
    <Item>
      <PriceUpdateDate>2025-08-22 11:32:18</PriceUpdateDate>
      <ItemCode>7290000286761</ItemCode>
      <ItemType>1</ItemType>
      <ItemName>סנו סושי פלסטיק נצמד</ItemName>
      <ManufacturerName>קריות זול</ManufacturerName>
      <ManufactureCountry>לא ידוע</ManufactureCountry>
      <ManufacturerItemDescription>סנו סושי פלסטיק נצמד</ManufacturerItemDescription>
      <UnitQty>לא ידוע</UnitQty>
      <Quantity>60.00</Quantity>
      <UnitOfMeasure>לא ידוע</UnitOfMeasure>
      <bIsWeighted>0</bIsWeighted>
      <QtyInPackage>לא ידוע</QtyInPackage>
      <ItemPrice>12.90</ItemPrice>
      <UnitOfMeasurePrice>0.2150</UnitOfMeasurePrice>
      <AllowDiscount>1</AllowDiscount>
      <ItemStatus>1</ItemStatus>
      <ItemId>138164</ItemId>
    </Item>
    <Item>
      <PriceUpdateDate>2025-08-22 11:32:31</PriceUpdateDate>
      <ItemCode>7290000287492</ItemCode>
      <ItemType>1</ItemType>
      <ItemName>סנובון נוזלי לימון 7</ItemName>
      <ManufacturerName>קריות זול</ManufacturerName>
      <ManufactureCountry>לא ידוע</ManufactureCountry>
      <ManufacturerItemDescription>סנובון נוזלי לימון 7</ManufacturerItemDescription>
      <UnitQty>לא ידוע</UnitQty>
      <Quantity>750.00</Quantity>
      <UnitOfMeasure>לא ידוע</UnitOfMeasure>
      <bIsWeighted>0</bIsWeighted>
      <QtyInPackage>לא ידוע</QtyInPackage>
      <ItemPrice>12.90</ItemPrice>
      <UnitOfMeasurePrice>0.0172</UnitOfMeasurePrice>
      <AllowDiscount>1</AllowDiscount>
      <ItemStatus>1</ItemStatus>
      <ItemId>138184</ItemId>
    </Item>
    <Item>
      <PriceUpdateDate>2025-08-22 11:32:35</PriceUpdateDate>
      <ItemCode>7290000287621</ItemCode>
      <ItemType>1</ItemType>
      <ItemName>אנטי קאלק W.C מנקה א</ItemName>
      <ManufacturerName>לא ידוע</ManufacturerName>
      <ManufactureCountry>לא ידוע</ManufactureCountry>
      <ManufacturerItemDescription>אנטי קאלק W.C מנקה א</ManufacturerItemDescription>
      <UnitQty>לא ידוע</UnitQty>
      <Quantity>750.00</Quantity>
      <UnitOfMeasure>לא ידוע</UnitOfMeasure>
      <bIsWeighted>0</bIsWeighted>
      <QtyInPackage>לא ידוע</QtyInPackage>
      <ItemPrice>12.90</ItemPrice>
      <UnitOfMeasurePrice>0.0172</UnitOfMeasurePrice>
      <AllowDiscount>1</AllowDiscount>
      <ItemStatus>1</ItemStatus>
      <ItemId>138187</ItemId>
    </Item>
    <Item>
      <PriceUpdateDate>2025-08-26 11:20:50</PriceUpdateDate>
      <ItemCode>7290110321789</ItemCode>
      <ItemType>1</ItemType>
      <ItemName>גבינה מסקרפונה 38% ה</ItemName>
      <ManufacturerName>לא ידוע</ManufacturerName>
      <ManufactureCountry>לא ידוע</ManufactureCountry>
      <ManufacturerItemDescription>גבינה מסקרפונה 38% ה</ManufacturerItemDescription>
      <UnitQty>לא ידוע</UnitQty>
      <Quantity>250.00</Quantity>
      <UnitOfMeasure>לא ידוע</UnitOfMeasure>
      <bIsWeighted>0</bIsWeighted>
      <QtyInPackage>לא ידוע</QtyInPackage>
      <ItemPrice>26.90</ItemPrice>
      <UnitOfMeasurePrice>0.1076</UnitOfMeasurePrice>
      <AllowDiscount>1</AllowDiscount>
      <ItemStatus>1</ItemStatus>
      <ItemId>210756</ItemId>
    </Item>
    <Item>
      <PriceUpdateDate>2025-08-22 11:32:37</PriceUpdateDate>
      <ItemCode>7290000288017</ItemCode>
      <ItemType>1</ItemType>
      <ItemName>אקונומיקה סנו ז'אוול</ItemName>
      <ManufacturerName>קריות זול</ManufacturerName>
      <ManufactureCountry>לא ידוע</ManufactureCountry>
      <ManufacturerItemDescription>אקונומיקה סנו ז'אוול</ManufacturerItemDescription>
      <UnitQty>לא ידוע</UnitQty>
      <Quantity>1000.00</Quantity>
      <UnitOfMeasure>לא ידוע</UnitOfMeasure>
      <bIsWeighted>0</bIsWeighted>
      <QtyInPackage>לא ידוע</QtyInPackage>
      <ItemPrice>10.90</ItemPrice>
      <UnitOfMeasurePrice>0.0109</UnitOfMeasurePrice>
      <AllowDiscount>1</AllowDiscount>
      <ItemStatus>1</ItemStatus>
      <ItemId>138195</ItemId>
    </Item>
    <Item>
      <PriceUpdateDate>2025-08-22 11:32:39</PriceUpdateDate>
      <ItemCode>7290000288024</ItemCode>
      <ItemType>1</ItemType>
      <ItemName>אקונומיקה סנו ז'אוול</ItemName>
      <ManufacturerName>קריות זול</ManufacturerName>
      <ManufactureCountry>לא ידוע</ManufactureCountry>
      <ManufacturerItemDescription>אקונומיקה סנו ז'אוול</ManufacturerItemDescription>
      <UnitQty>ליטרים</UnitQty>
      <Quantity>4.00</Quantity>
      <UnitOfMeasure>ליטר    </UnitOfMeasure>
      <bIsWeighted>0</bIsWeighted>
      <QtyInPackage>לא ידוע</QtyInPackage>
      <ItemPrice>18.90</ItemPrice>
      <UnitOfMeasurePrice>4.7250</UnitOfMeasurePrice>
      <AllowDiscount>1</AllowDiscount>
      <ItemStatus>1</ItemStatus>
      <ItemId>138196</ItemId>
    </Item>
    <Item>
      <PriceUpdateDate>2025-08-22 11:32:43</PriceUpdateDate>
      <ItemCode>7290000288048</ItemCode>
      <ItemType>1</ItemType>
      <ItemName>סנו ז'אוול מרסס מונט</ItemName>
      <ManufacturerName>קריות זול</ManufacturerName>
      <ManufactureCountry>לא ידוע</ManufactureCountry>
      <ManufacturerItemDescription>סנו ז'אוול מרסס מונט</ManufacturerItemDescription>
      <UnitQty>לא ידוע</UnitQty>
      <Quantity>1000.00</Quantity>
      <UnitOfMeasure>לא ידוע</UnitOfMeasure>
      <bIsWeighted>0</bIsWeighted>
      <QtyInPackage>לא ידוע</QtyInPackage>
      <ItemPrice>19.90</ItemPrice>
      <UnitOfMeasurePrice>0.0199</UnitOfMeasurePrice>
      <AllowDiscount>1</AllowDiscount>
      <ItemStatus>1</ItemStatus>
      <ItemId>138198</ItemId>
    </Item>
    <Item>
      <PriceUpdateDate>2025-08-22 11:32:43</PriceUpdateDate>
      <ItemCode>7290000288079</ItemCode>
      <ItemType>1</ItemType>
      <ItemName>אקונומיקה סנו ז'אוול</ItemName>
      <ManufacturerName>קריות זול</ManufacturerName>
      <ManufactureCountry>לא ידוע</ManufactureCountry>
      <ManufacturerItemDescription>אקונומיקה סנו ז'אוול</ManufacturerItemDescription>
      <UnitQty>ליטרים</UnitQty>
      <Quantity>2.00</Quantity>
      <UnitOfMeasure>ליטר    </UnitOfMeasure>
      <bIsWeighted>0</bIsWeighted>
      <QtyInPackage>לא ידוע</QtyInPackage>
      <ItemPrice>14.90</ItemPrice>
      <UnitOfMeasurePrice>7.4500</UnitOfMeasurePrice>
      <AllowDiscount>1</AllowDiscount>
      <ItemStatus>1</ItemStatus>
      <ItemId>138201</ItemId>
    </Item>
    <Item>
      <PriceUpdateDate>2025-08-22 11:32:54</PriceUpdateDate>
      <ItemCode>7290000288383</ItemCode>
      <ItemType>1</ItemType>
      <ItemName>נמלים K - 500</ItemName>
      <ManufacturerName>קריות זול</ManufacturerName>
      <ManufactureCountry>לא ידוע</ManufactureCountry>
      <ManufacturerItemDescription>נמלים K - 500</ManufacturerItemDescription>
      <UnitQty>יחידה   </UnitQty>
      <Quantity>0.00</Quantity>
      <UnitOfMeasure>יחידה   </UnitOfMeasure>
      <bIsWeighted>0</bIsWeighted>
      <QtyInPackage>לא ידוע</QtyInPackage>
      <ItemPrice>25.90</ItemPrice>
      <UnitOfMeasurePrice>0.0000</UnitOfMeasurePrice>
      <AllowDiscount>1</AllowDiscount>
      <ItemStatus>1</ItemStatus>
      <ItemId>138209</ItemId>
    </Item>
    <Item>
      <PriceUpdateDate>2025-08-22 11:33:05</PriceUpdateDate>
      <ItemCode>7290000289069</ItemCode>
      <ItemType>1</ItemType>
      <ItemName>סנו ז'אוול מרסס לימו</ItemName>
      <ManufacturerName>קריות זול</ManufacturerName>
      <ManufactureCountry>לא ידוע</ManufactureCountry>
      <ManufacturerItemDescription>סנו ז'אוול מרסס לימו</ManufacturerItemDescription>
      <UnitQty>לא ידוע</UnitQty>
      <Quantity>1000.00</Quantity>
      <UnitOfMeasure>לא ידוע</UnitOfMeasure>
      <bIsWeighted>0</bIsWeighted>
      <QtyInPackage>לא ידוע</QtyInPackage>
      <ItemPrice>19.90</ItemPrice>
      <UnitOfMeasurePrice>0.0199</UnitOfMeasurePrice>
      <AllowDiscount>1</AllowDiscount>
      <ItemStatus>1</ItemStatus>
      <ItemId>138222</ItemId>
    </Item>
    <Item>
      <PriceUpdateDate>2025-08-22 11:33:11</PriceUpdateDate>
      <ItemCode>7290000289595</ItemCode>
      <ItemType>1</ItemType>
      <ItemName>אורביטול משחת שיניים</ItemName>
      <ManufacturerName>לא ידוע</ManufacturerName>
      <ManufactureCountry>לא ידוע</ManufactureCountry>
      <ManufacturerItemDescription>אורביטול משחת שיניים</ManufacturerItemDescription>
      <UnitQty>לא ידוע</UnitQty>
      <Quantity>145.00</Quantity>
      <UnitOfMeasure>לא ידוע</UnitOfMeasure>
      <bIsWeighted>0</bIsWeighted>
      <QtyInPackage>לא ידוע</QtyInPackage>
      <ItemPrice>10.90</ItemPrice>
      <UnitOfMeasurePrice>0.0752</UnitOfMeasurePrice>
      <AllowDiscount>1</AllowDiscount>
      <ItemStatus>1</ItemStatus>
      <ItemId>138233</ItemId>
    </Item>
    <Item>
      <PriceUpdateDate>2025-08-22 11:33:14</PriceUpdateDate>
      <ItemCode>7290000289748</ItemCode>
      <ItemType>1</ItemType>
      <ItemName>סנו פורטה פלוס לתנור</ItemName>
      <ManufacturerName>קריות זול</ManufacturerName>
      <ManufactureCountry>לא ידוע</ManufactureCountry>
      <ManufacturerItemDescription>סנו פורטה פלוס לתנור</ManufacturerItemDescription>
      <UnitQty>לא ידוע</UnitQty>
      <Quantity>750.00</Quantity>
      <UnitOfMeasure>לא ידוע</UnitOfMeasure>
      <bIsWeighted>0</bIsWeighted>
      <QtyInPackage>לא ידוע</QtyInPackage>
      <ItemPrice>16.90</ItemPrice>
      <UnitOfMeasurePrice>0.0225</UnitOfMeasurePrice>
      <AllowDiscount>1</AllowDiscount>
      <ItemStatus>1</ItemStatus>
      <ItemId>138236</ItemId>
    </Item>
    <Item>
      <PriceUpdateDate>2025-08-22 11:33:33</PriceUpdateDate>
      <ItemCode>7290000292564</ItemCode>
      <ItemType>1</ItemType>
      <ItemName>K 2000 סנו ללא ריח</ItemName>
      <ManufacturerName>קריות זול</ManufacturerName>
      <ManufactureCountry>לא ידוע</ManufactureCountry>
      <ManufacturerItemDescription>K 2000 סנו ללא ריח</ManufacturerItemDescription>
      <UnitQty>לא ידוע</UnitQty>
      <Quantity>750.00</Quantity>
      <UnitOfMeasure>לא ידוע</UnitOfMeasure>
      <bIsWeighted>0</bIsWeighted>
      <QtyInPackage>לא ידוע</QtyInPackage>
      <ItemPrice>33.90</ItemPrice>
      <UnitOfMeasurePrice>0.0452</UnitOfMeasurePrice>
      <AllowDiscount>1</AllowDiscount>
      <ItemStatus>1</ItemStatus>
      <ItemId>138258</ItemId>
    </Item>
    <Item>
      <PriceUpdateDate>2025-08-22 11:33:35</PriceUpdateDate>
      <ItemCode>7290000292687</ItemCode>
      <ItemType>1</ItemType>
      <ItemName>סנובון לאסלה כחול של</ItemName>
      <ManufacturerName>קריות זול</ManufacturerName>
      <ManufactureCountry>לא ידוע</ManufactureCountry>
      <ManufacturerItemDescription>סנובון לאסלה כחול של</ManufacturerItemDescription>
      <UnitQty>לא ידוע</UnitQty>
      <Quantity>165.00</Quantity>
      <UnitOfMeasure>לא ידוע</UnitOfMeasure>
      <bIsWeighted>0</bIsWeighted>
      <QtyInPackage>לא ידוע</QtyInPackage>
      <ItemPrice>18.90</ItemPrice>
      <UnitOfMeasurePrice>0.1145</UnitOfMeasurePrice>
      <AllowDiscount>1</AllowDiscount>
      <ItemStatus>1</ItemStatus>
      <ItemId>138261</ItemId>
    </Item>
    <Item>
      <PriceUpdateDate>2025-08-22 11:33:41</PriceUpdateDate>
      <ItemCode>7290000293073</ItemCode>
      <ItemType>1</ItemType>
      <ItemName>סנו מקסימה מרכך כביס</ItemName>
      <ManufacturerName>קריות זול</ManufacturerName>
      <ManufactureCountry>לא ידוע</ManufactureCountry>
      <ManufacturerItemDescription>סנו מקסימה מרכך כביס</ManufacturerItemDescription>
      <UnitQty>ליטרים</UnitQty>
      <Quantity>4.00</Quantity>
      <UnitOfMeasure>ליטר    </UnitOfMeasure>
      <bIsWeighted>0</bIsWeighted>
      <QtyInPackage>לא ידוע</QtyInPackage>
      <ItemPrice>24.90</ItemPrice>
      <UnitOfMeasurePrice>6.2250</UnitOfMeasurePrice>
      <AllowDiscount>1</AllowDiscount>
      <ItemStatus>1</ItemStatus>
      <ItemId>138267</ItemId>
    </Item>
    <Item>
      <PriceUpdateDate>2025-08-22 11:33:55</PriceUpdateDate>
      <ItemCode>7290000294391</ItemCode>
      <ItemType>1</ItemType>
      <ItemName>סנו ג'ט יכול הכל סחל</ItemName>
      <ManufacturerName>לא ידוע</ManufacturerName>
      <ManufactureCountry>לא ידוע</ManufactureCountry>
      <ManufacturerItemDescription>סנו ג'ט יכול הכל סחל</ManufacturerItemDescription>
      <UnitQty>לא ידוע</UnitQty>
      <Quantity>4000.00</Quantity>
      <UnitOfMeasure>לא ידוע</UnitOfMeasure>
      <bIsWeighted>0</bIsWeighted>
      <QtyInPackage>לא ידוע</QtyInPackage>
      <ItemPrice>21.90</ItemPrice>
      <UnitOfMeasurePrice>0.0055</UnitOfMeasurePrice>
      <AllowDiscount>1</AllowDiscount>
      <ItemStatus>1</ItemStatus>
      <ItemId>138274</ItemId>
    </Item>
    <Item>
      <PriceUpdateDate>2025-08-22 11:34:06</PriceUpdateDate>
      <ItemCode>7290000294780</ItemCode>
      <ItemType>1</ItemType>
      <ItemName>אקונומיקה סנו ז'אוול</ItemName>
      <ManufacturerName>קריות זול</ManufacturerName>
      <ManufactureCountry>לא ידוע</ManufactureCountry>
      <ManufacturerItemDescription>אקונומיקה סנו ז'אוול</ManufacturerItemDescription>
      <UnitQty>ליטרים</UnitQty>
      <Quantity>4.00</Quantity>
      <UnitOfMeasure>ליטר    </UnitOfMeasure>
      <bIsWeighted>0</bIsWeighted>
      <QtyInPackage>לא ידוע</QtyInPackage>
      <ItemPrice>18.90</ItemPrice>
      <UnitOfMeasurePrice>4.7250</UnitOfMeasurePrice>
      <AllowDiscount>1</AllowDiscount>
      <ItemStatus>1</ItemStatus>
      <ItemId>138282</ItemId>
    </Item>
    <Item>
      <PriceUpdateDate>2025-08-22 11:34:06</PriceUpdateDate>
      <ItemCode>7290000295299</ItemCode>
      <ItemType>1</ItemType>
      <ItemName>סנו סושי כריות יפניו</ItemName>
      <ManufacturerName>קריות זול</ManufacturerName>
      <ManufactureCountry>לא ידוע</ManufactureCountry>
      <ManufacturerItemDescription>סנו סושי כריות יפניו</ManufacturerItemDescription>
      <UnitQty>לא ידוע</UnitQty>
      <Quantity>4.00</Quantity>
      <UnitOfMeasure>לא ידוע</UnitOfMeasure>
      <bIsWeighted>0</bIsWeighted>
      <QtyInPackage>לא ידוע</QtyInPackage>
      <ItemPrice>13.90</ItemPrice>
      <UnitOfMeasurePrice>3.4750</UnitOfMeasurePrice>
      <AllowDiscount>1</AllowDiscount>
      <ItemStatus>1</ItemStatus>
      <ItemId>138285</ItemId>
    </Item>
    <Item>
      <PriceUpdateDate>2025-08-22 11:34:10</PriceUpdateDate>
      <ItemCode>7290000295404</ItemCode>
      <ItemType>1</ItemType>
      <ItemName>שקיות אשפה 60 יח סנו</ItemName>
      <ManufacturerName>קריות זול</ManufacturerName>
      <ManufactureCountry>לא ידוע</ManufactureCountry>
      <ManufacturerItemDescription>שקיות אשפה 60 יח סנו</ManufacturerItemDescription>
      <UnitQty>לא ידוע</UnitQty>
      <Quantity>60.00</Quantity>
      <UnitOfMeasure>לא ידוע</UnitOfMeasure>
      <bIsWeighted>0</bIsWeighted>
      <QtyInPackage>לא ידוע</QtyInPackage>
      <ItemPrice>26.90</ItemPrice>
      <UnitOfMeasurePrice>0.4483</UnitOfMeasurePrice>
      <AllowDiscount>1</AllowDiscount>
      <ItemStatus>1</ItemStatus>
      <ItemId>138290</ItemId>
    </Item>
    <Item>
      <PriceUpdateDate>2025-05-05 10:34:59</PriceUpdateDate>
      <ItemCode>7290000295503</ItemCode>
      <ItemType>1</ItemType>
      <ItemName>סנו סושי צמד שקיות א</ItemName>
      <ManufacturerName>קריות זול</ManufacturerName>
      <ManufactureCountry>לא ידוע</ManufactureCountry>
      <ManufacturerItemDescription>סנו סושי צמד שקיות א</ManufacturerItemDescription>
      <UnitQty>לא ידוע</UnitQty>
      <Quantity>300.00</Quantity>
      <UnitOfMeasure>לא ידוע</UnitOfMeasure>
      <bIsWeighted>0</bIsWeighted>
      <QtyInPackage>לא ידוע</QtyInPackage>
      <ItemPrice>15.90</ItemPrice>
      <UnitOfMeasurePrice>0.0530</UnitOfMeasurePrice>
      <AllowDiscount>1</AllowDiscount>
      <ItemStatus>1</ItemStatus>
      <ItemId>138292</ItemId>
    </Item>
    <Item>
      <PriceUpdateDate>2025-08-22 11:34:14</PriceUpdateDate>
      <ItemCode>7290000295558</ItemCode>
      <ItemType>1</ItemType>
      <ItemName>סנו סושי צמד רדידי א</ItemName>
      <ManufacturerName>קריות זול</ManufacturerName>
      <ManufactureCountry>לא ידוע</ManufactureCountry>
      <ManufacturerItemDescription>סנו סושי צמד רדידי א</ManufacturerItemDescription>
      <UnitQty>לא ידוע</UnitQty>
      <Quantity>0.30</Quantity>
      <UnitOfMeasure>לא ידוע</UnitOfMeasure>
      <bIsWeighted>0</bIsWeighted>
      <QtyInPackage>לא ידוע</QtyInPackage>
      <ItemPrice>12.90</ItemPrice>
      <UnitOfMeasurePrice>43.0000</UnitOfMeasurePrice>
      <AllowDiscount>1</AllowDiscount>
      <ItemStatus>1</ItemStatus>
      <ItemId>138295</ItemId>
    </Item>
    <Item>
      <PriceUpdateDate>2025-08-22 11:34:28</PriceUpdateDate>
      <ItemCode>7290000412481</ItemCode>
      <ItemType>1</ItemType>
      <ItemName>מנקה אסלות 00 סנו 1ל</ItemName>
      <ManufacturerName>קריות זול</ManufacturerName>
      <ManufactureCountry>לא ידוע</ManufactureCountry>
      <ManufacturerItemDescription>מנקה אסלות 00 סנו 1ל</ManufacturerItemDescription>
      <UnitQty>לא ידוע</UnitQty>
      <Quantity>1000.00</Quantity>
      <UnitOfMeasure>לא ידוע</UnitOfMeasure>
      <bIsWeighted>0</bIsWeighted>
      <QtyInPackage>לא ידוע</QtyInPackage>
      <ItemPrice>10.90</ItemPrice>
      <UnitOfMeasurePrice>0.0109</UnitOfMeasurePrice>
      <AllowDiscount>1</AllowDiscount>
      <ItemStatus>1</ItemStatus>
      <ItemId>138307</ItemId>
    </Item>
    <Item>
      <PriceUpdateDate>2025-08-22 11:34:31</PriceUpdateDate>
      <ItemCode>7290001136287</ItemCode>
      <ItemType>1</ItemType>
      <ItemName>נקה 7 שמפו לשיער רגי</ItemName>
      <ManufacturerName>לא ידוע</ManufacturerName>
      <ManufactureCountry>לא ידוע</ManufactureCountry>
      <ManufacturerItemDescription>נקה 7 שמפו לשיער רגי</ManufacturerItemDescription>
      <UnitQty>לא ידוע</UnitQty>
      <Quantity>750.00</Quantity>
      <UnitOfMeasure>לא ידוע</UnitOfMeasure>
      <bIsWeighted>0</bIsWeighted>
      <QtyInPackage>לא ידוע</QtyInPackage>
      <ItemPrice>13.90</ItemPrice>
      <UnitOfMeasurePrice>0.0185</UnitOfMeasurePrice>
      <AllowDiscount>1</AllowDiscount>
      <ItemStatus>1</ItemStatus>
      <ItemId>138315</ItemId>
    </Item>
    <Item>
      <PriceUpdateDate>2025-08-22 11:34:32</PriceUpdateDate>
      <ItemCode>7290001136294</ItemCode>
      <ItemType>1</ItemType>
      <ItemName>נקה 7 שמפו לשיער יבש</ItemName>
      <ManufacturerName>לא ידוע</ManufacturerName>
      <ManufactureCountry>לא ידוע</ManufactureCountry>
      <ManufacturerItemDescription>נקה 7 שמפו לשיער יבש</ManufacturerItemDescription>
      <UnitQty>לא ידוע</UnitQty>
      <Quantity>750.00</Quantity>
      <UnitOfMeasure>לא ידוע</UnitOfMeasure>
      <bIsWeighted>0</bIsWeighted>
      <QtyInPackage>לא ידוע</QtyInPackage>
      <ItemPrice>13.90</ItemPrice>
      <UnitOfMeasurePrice>0.0185</UnitOfMeasurePrice>
      <AllowDiscount>1</AllowDiscount>
      <ItemStatus>1</ItemStatus>
      <ItemId>138316</ItemId>
    </Item>
    <Item>
      <PriceUpdateDate>2025-08-22 11:34:40</PriceUpdateDate>
      <ItemCode>7290001791349</ItemCode>
      <ItemType>1</ItemType>
      <ItemName>אקונומיקה פיסגה ריחנ</ItemName>
      <ManufacturerName>קריות זול</ManufacturerName>
      <ManufactureCountry>לא ידוע</ManufactureCountry>
      <ManufacturerItemDescription>אקונומיקה פיסגה ריחנ</ManufacturerItemDescription>
      <UnitQty>ליטרים</UnitQty>
      <Quantity>4.00</Quantity>
      <UnitOfMeasure>ליטר    </UnitOfMeasure>
      <bIsWeighted>0</bIsWeighted>
      <QtyInPackage>לא ידוע</QtyInPackage>
      <ItemPrice>12.90</ItemPrice>
      <UnitOfMeasurePrice>3.2250</UnitOfMeasurePrice>
      <AllowDiscount>1</AllowDiscount>
      <ItemStatus>1</ItemStatus>
      <ItemId>138339</ItemId>
    </Item>
    <Item>
      <PriceUpdateDate>2025-08-22 11:34:46</PriceUpdateDate>
      <ItemCode>7290002768074</ItemCode>
      <ItemType>1</ItemType>
      <ItemName>דרמופון סבון ללא סבו</ItemName>
      <ManufacturerName>קריות זול</ManufacturerName>
      <ManufactureCountry>לא ידוע</ManufactureCountry>
      <ManufacturerItemDescription>דרמופון סבון ללא סבו</ManufacturerItemDescription>
      <UnitQty>לא ידוע</UnitQty>
      <Quantity>1000.00</Quantity>
      <UnitOfMeasure>לא ידוע</UnitOfMeasure>
      <bIsWeighted>0</bIsWeighted>
      <QtyInPackage>לא ידוע</QtyInPackage>
      <ItemPrice>20.90</ItemPrice>
      <UnitOfMeasurePrice>0.0209</UnitOfMeasurePrice>
      <AllowDiscount>1</AllowDiscount>
      <ItemStatus>1</ItemStatus>
      <ItemId>138373</ItemId>
    </Item>
    <Item>
      <PriceUpdateDate>2025-09-04 11:41:12</PriceUpdateDate>
      <ItemCode>7290111563492</ItemCode>
      <ItemType>1</ItemType>
      <ItemName>מטבוחה חריפה צבר מרו</ItemName>
      <ManufacturerName>לא ידוע</ManufacturerName>
      <ManufactureCountry>לא ידוע</ManufactureCountry>
      <ManufacturerItemDescription>מטבוחה חריפה צבר מרו</ManufacturerItemDescription>
      <UnitQty>לא ידוע</UnitQty>
      <Quantity>400.00</Quantity>
      <UnitOfMeasure>לא ידוע</UnitOfMeasure>
      <bIsWeighted>0</bIsWeighted>
      <QtyInPackage>לא ידוע</QtyInPackage>
      <ItemPrice>16.90</ItemPrice>
      <UnitOfMeasurePrice>0.0422</UnitOfMeasurePrice>
      <AllowDiscount>1</AllowDiscount>
      <ItemStatus>1</ItemStatus>
      <ItemId>210592</ItemId>
    </Item>
    <Item>
      <PriceUpdateDate>2025-08-22 11:35:02</PriceUpdateDate>
      <ItemCode>7290004731083</ItemCode>
      <ItemType>1</ItemType>
      <ItemName>כיף אלסבון ג'נסנג 1ל</ItemName>
      <ManufacturerName>לא ידוע</ManufacturerName>
      <ManufactureCountry>לא ידוע</ManufactureCountry>
      <ManufacturerItemDescription>כיף אלסבון ג'נסנג 1ל</ManufacturerItemDescription>
      <UnitQty>לא ידוע</UnitQty>
      <Quantity>1000.00</Quantity>
      <UnitOfMeasure>לא ידוע</UnitOfMeasure>
      <bIsWeighted>0</bIsWeighted>
      <QtyInPackage>לא ידוע</QtyInPackage>
      <ItemPrice>14.90</ItemPrice>
      <UnitOfMeasurePrice>0.0149</UnitOfMeasurePrice>
      <AllowDiscount>1</AllowDiscount>
      <ItemStatus>1</ItemStatus>
      <ItemId>138424</ItemId>
    </Item>
    <Item>
      <PriceUpdateDate>2025-08-22 11:35:05</PriceUpdateDate>
      <ItemCode>7290004731472</ItemCode>
      <ItemType>1</ItemType>
      <ItemName>כיף אל סבון שלישיה צ</ItemName>
      <ManufacturerName>קריות זול</ManufacturerName>
      <ManufactureCountry>לא ידוע</ManufactureCountry>
      <ManufacturerItemDescription>כיף אל סבון שלישיה צ</ManufacturerItemDescription>
      <UnitQty>לא ידוע</UnitQty>
      <Quantity>1500.00</Quantity>
      <UnitOfMeasure>לא ידוע</UnitOfMeasure>
      <bIsWeighted>0</bIsWeighted>
      <QtyInPackage>לא ידוע</QtyInPackage>
      <ItemPrice>20.90</ItemPrice>
      <UnitOfMeasurePrice>0.0139</UnitOfMeasurePrice>
      <AllowDiscount>1</AllowDiscount>
      <ItemStatus>1</ItemStatus>
      <ItemId>138438</ItemId>
    </Item>
    <Item>
      <PriceUpdateDate>2025-08-22 11:35:34</PriceUpdateDate>
      <ItemCode>7290005423871</ItemCode>
      <ItemType>1</ItemType>
      <ItemName>אורביטול משחת שיניים</ItemName>
      <ManufacturerName>קריות זול</ManufacturerName>
      <ManufactureCountry>לא ידוע</ManufactureCountry>
      <ManufacturerItemDescription>אורביטול משחת שיניים</ManufacturerItemDescription>
      <UnitQty>לא ידוע</UnitQty>
      <Quantity>435.00</Quantity>
      <UnitOfMeasure>לא ידוע</UnitOfMeasure>
      <bIsWeighted>0</bIsWeighted>
      <QtyInPackage>לא ידוע</QtyInPackage>
      <ItemPrice>20.90</ItemPrice>
      <UnitOfMeasurePrice>0.0480</UnitOfMeasurePrice>
      <AllowDiscount>1</AllowDiscount>
      <ItemStatus>1</ItemStatus>
      <ItemId>138480</ItemId>
    </Item>
    <Item>
      <PriceUpdateDate>2025-08-22 11:35:53</PriceUpdateDate>
      <ItemCode>7290005424847</ItemCode>
      <ItemType>1</ItemType>
      <ItemName>מפיות סנו סושי 150יח</ItemName>
      <ManufacturerName>לא ידוע</ManufacturerName>
      <ManufactureCountry>לא ידוע</ManufactureCountry>
      <ManufacturerItemDescription>מפיות סנו סושי 150יח</ManufacturerItemDescription>
      <UnitQty>יחידה   </UnitQty>
      <Quantity>0.00</Quantity>
      <UnitOfMeasure>יחידה   </UnitOfMeasure>
      <bIsWeighted>0</bIsWeighted>
      <QtyInPackage>לא ידוע</QtyInPackage>
      <ItemPrice>10.90</ItemPrice>
      <UnitOfMeasurePrice>0.0000</UnitOfMeasurePrice>
      <AllowDiscount>1</AllowDiscount>
      <ItemStatus>1</ItemStatus>
      <ItemId>138500</ItemId>
    </Item>
    <Item>
      <PriceUpdateDate>2025-08-22 11:36:04</PriceUpdateDate>
      <ItemCode>7290005425585</ItemCode>
      <ItemType>1</ItemType>
      <ItemName>מטליות להברקת רהיטים</ItemName>
      <ManufacturerName>קריות זול</ManufacturerName>
      <ManufactureCountry>לא ידוע</ManufactureCountry>
      <ManufacturerItemDescription>מטליות להברקת רהיטים</ManufacturerItemDescription>
      <UnitQty>לא ידוע</UnitQty>
      <Quantity>20.00</Quantity>
      <UnitOfMeasure>לא ידוע</UnitOfMeasure>
      <bIsWeighted>0</bIsWeighted>
      <QtyInPackage>לא ידוע</QtyInPackage>
      <ItemPrice>18.90</ItemPrice>
      <UnitOfMeasurePrice>0.9450</UnitOfMeasurePrice>
      <AllowDiscount>1</AllowDiscount>
      <ItemStatus>1</ItemStatus>
      <ItemId>138517</ItemId>
    </Item>
    <Item>
      <PriceUpdateDate>2025-08-22 11:36:24</PriceUpdateDate>
      <ItemCode>7290005426964</ItemCode>
      <ItemType>1</ItemType>
      <ItemName>סנובון כחול בריח אפר</ItemName>
      <ManufacturerName>קריות זול</ManufacturerName>
      <ManufactureCountry>לא ידוע</ManufactureCountry>
      <ManufacturerItemDescription>סנובון כחול בריח אפר</ManufacturerItemDescription>
      <UnitQty>לא ידוע</UnitQty>
      <Quantity>150.00</Quantity>
      <UnitOfMeasure>לא ידוע</UnitOfMeasure>
      <bIsWeighted>0</bIsWeighted>
      <QtyInPackage>לא ידוע</QtyInPackage>
      <ItemPrice>18.90</ItemPrice>
      <UnitOfMeasurePrice>0.1260</UnitOfMeasurePrice>
      <AllowDiscount>1</AllowDiscount>
      <ItemStatus>1</ItemStatus>
      <ItemId>138556</ItemId>
    </Item>
    <Item>
      <PriceUpdateDate>2025-12-05 07:46:45</PriceUpdateDate>
      <ItemCode>7290005427107</ItemCode>
      <ItemType>1</ItemType>
      <ItemName>סנו סושי מגבות הפלא</ItemName>
      <ManufacturerName>קריות זול</ManufacturerName>
      <ManufactureCountry>לא ידוע</ManufactureCountry>
      <ManufacturerItemDescription>סנו סושי מגבות הפלא</ManufacturerItemDescription>
      <UnitQty>יחידה   </UnitQty>
      <Quantity>0.00</Quantity>
      <UnitOfMeasure>יחידה   </UnitOfMeasure>
      <bIsWeighted>0</bIsWeighted>
      <QtyInPackage>לא ידוע</QtyInPackage>
      <ItemPrice>14.90</ItemPrice>
      <UnitOfMeasurePrice>0.0000</UnitOfMeasurePrice>
      <AllowDiscount>1</AllowDiscount>
      <ItemStatus>1</ItemStatus>
      <ItemId>138561</ItemId>
    </Item>
    <Item>
      <PriceUpdateDate>2025-08-22 11:36:51</PriceUpdateDate>
      <ItemCode>7290005430602</ItemCode>
      <ItemType>1</ItemType>
      <ItemName>סנו אוקסיגן מסיר כתמ</ItemName>
      <ManufacturerName>קריות זול</ManufacturerName>
      <ManufactureCountry>לא ידוע</ManufactureCountry>
      <ManufacturerItemDescription>סנו אוקסיגן מסיר כתמ</ManufacturerItemDescription>
      <UnitQty>לא ידוע</UnitQty>
      <Quantity>750.00</Quantity>
      <UnitOfMeasure>לא ידוע</UnitOfMeasure>
      <bIsWeighted>0</bIsWeighted>
      <QtyInPackage>לא ידוע</QtyInPackage>
      <ItemPrice>19.90</ItemPrice>
      <UnitOfMeasurePrice>0.0265</UnitOfMeasurePrice>
      <AllowDiscount>1</AllowDiscount>
      <ItemStatus>1</ItemStatus>
      <ItemId>138637</ItemId>
    </Item>
    <Item>
      <PriceUpdateDate>2025-08-22 11:37:11</PriceUpdateDate>
      <ItemCode>7290006788481</ItemCode>
      <ItemType>1</ItemType>
      <ItemName>קרליין ספריי רקטיב נ</ItemName>
      <ManufacturerName>לא ידוע</ManufacturerName>
      <ManufactureCountry>לא ידוע</ManufactureCountry>
      <ManufacturerItemDescription>קרליין ספריי רקטיב נ</ManufacturerItemDescription>
      <UnitQty>לא ידוע</UnitQty>
      <Quantity>200.00</Quantity>
      <UnitOfMeasure>לא ידוע</UnitOfMeasure>
      <bIsWeighted>0</bIsWeighted>
      <QtyInPackage>לא ידוע</QtyInPackage>
      <ItemPrice>13.90</ItemPrice>
      <UnitOfMeasurePrice>0.0695</UnitOfMeasurePrice>
      <AllowDiscount>1</AllowDiscount>
      <ItemStatus>1</ItemStatus>
      <ItemId>138684</ItemId>
    </Item>
    <Item>
      <PriceUpdateDate>2025-08-22 11:37:20</PriceUpdateDate>
      <ItemCode>7290008443616</ItemCode>
      <ItemType>1</ItemType>
      <ItemName>נקה 7 מרכך לשיער יבש</ItemName>
      <ManufacturerName>לא ידוע</ManufacturerName>
      <ManufactureCountry>לא ידוע</ManufactureCountry>
      <ManufacturerItemDescription>נקה 7 מרכך לשיער יבש</ManufacturerItemDescription>
      <UnitQty>לא ידוע</UnitQty>
      <Quantity>750.00</Quantity>
      <UnitOfMeasure>לא ידוע</UnitOfMeasure>
      <bIsWeighted>0</bIsWeighted>
      <QtyInPackage>לא ידוע</QtyInPackage>
      <ItemPrice>13.90</ItemPrice>
      <UnitOfMeasurePrice>0.0185</UnitOfMeasurePrice>
      <AllowDiscount>1</AllowDiscount>
      <ItemStatus>1</ItemStatus>
      <ItemId>138750</ItemId>
    </Item>
    <Item>
      <PriceUpdateDate>2025-08-22 11:37:23</PriceUpdateDate>
      <ItemCode>7290008443630</ItemCode>
      <ItemType>1</ItemType>
      <ItemName>נקה 7 שמפו לשיער מתו</ItemName>
      <ManufacturerName>לא ידוע</ManufacturerName>
      <ManufactureCountry>לא ידוע</ManufactureCountry>
      <ManufacturerItemDescription>נקה 7 שמפו לשיער מתו</ManufacturerItemDescription>
      <UnitQty>לא ידוע</UnitQty>
      <Quantity>750.00</Quantity>
      <UnitOfMeasure>לא ידוע</UnitOfMeasure>
      <bIsWeighted>0</bIsWeighted>
      <QtyInPackage>לא ידוע</QtyInPackage>
      <ItemPrice>13.90</ItemPrice>
      <UnitOfMeasurePrice>0.0185</UnitOfMeasurePrice>
      <AllowDiscount>1</AllowDiscount>
      <ItemStatus>1</ItemStatus>
      <ItemId>138752</ItemId>
    </Item>
    <Item>
      <PriceUpdateDate>2025-08-21 11:30:21</PriceUpdateDate>
      <ItemCode>7290012227974</ItemCode>
      <ItemType>1</ItemType>
      <ItemName>פסטרמה בדבש דק דק 12</ItemName>
      <ManufacturerName>לא ידוע</ManufacturerName>
      <ManufactureCountry>לא ידוע</ManufactureCountry>
      <ManufacturerItemDescription>פסטרמה בדבש דק דק 12</ManufacturerItemDescription>
      <UnitQty>לא ידוע</UnitQty>
      <Quantity>120.00</Quantity>
      <UnitOfMeasure>לא ידוע</UnitOfMeasure>
      <bIsWeighted>0</bIsWeighted>
      <QtyInPackage>לא ידוע</QtyInPackage>
      <ItemPrice>19.90</ItemPrice>
      <UnitOfMeasurePrice>0.1658</UnitOfMeasurePrice>
      <AllowDiscount>1</AllowDiscount>
      <ItemStatus>1</ItemStatus>
      <ItemId>209853</ItemId>
    </Item>
    <Item>
      <PriceUpdateDate>2025-08-21 11:30:22</PriceUpdateDate>
      <ItemCode>7290012227981</ItemCode>
      <ItemType>1</ItemType>
      <ItemName>פסטרמה ברביקיו דק דק</ItemName>
      <ManufacturerName>לא ידוע</ManufacturerName>
      <ManufactureCountry>לא ידוע</ManufactureCountry>
      <ManufacturerItemDescription>פסטרמה ברביקיו דק דק</ManufacturerItemDescription>
      <UnitQty>לא ידוע</UnitQty>
      <Quantity>120.00</Quantity>
      <UnitOfMeasure>לא ידוע</UnitOfMeasure>
      <bIsWeighted>0</bIsWeighted>
      <QtyInPackage>לא ידוע</QtyInPackage>
      <ItemPrice>19.90</ItemPrice>
      <UnitOfMeasurePrice>0.1658</UnitOfMeasurePrice>
      <AllowDiscount>1</AllowDiscount>
      <ItemStatus>1</ItemStatus>
      <ItemId>209854</ItemId>
    </Item>
    <Item>
      <PriceUpdateDate>2025-08-21 11:30:22</PriceUpdateDate>
      <ItemCode>7290012227998</ItemCode>
      <ItemType>1</ItemType>
      <ItemName>חזה בקר דק דק 120גר</ItemName>
      <ManufacturerName>לא ידוע</ManufacturerName>
      <ManufactureCountry>לא ידוע</ManufactureCountry>
      <ManufacturerItemDescription>חזה בקר דק דק 120גר</ManufacturerItemDescription>
      <UnitQty>לא ידוע</UnitQty>
      <Quantity>120.00</Quantity>
      <UnitOfMeasure>לא ידוע</UnitOfMeasure>
      <bIsWeighted>0</bIsWeighted>
      <QtyInPackage>לא ידוע</QtyInPackage>
      <ItemPrice>19.90</ItemPrice>
      <UnitOfMeasurePrice>0.1658</UnitOfMeasurePrice>
      <AllowDiscount>1</AllowDiscount>
      <ItemStatus>1</ItemStatus>
      <ItemId>209855</ItemId>
    </Item>
    <Item>
      <PriceUpdateDate>2025-08-22 11:37:51</PriceUpdateDate>
      <ItemCode>7290011598211</ItemCode>
      <ItemType>1</ItemType>
      <ItemName>סנו אנטי קאלק ניקוי</ItemName>
      <ManufacturerName>לא ידוע</ManufacturerName>
      <ManufactureCountry>לא ידוע</ManufactureCountry>
      <ManufacturerItemDescription>סנו אנטי קאלק ניקוי</ManufacturerItemDescription>
      <UnitQty>לא ידוע</UnitQty>
      <Quantity>700.00</Quantity>
      <UnitOfMeasure>לא ידוע</UnitOfMeasure>
      <bIsWeighted>0</bIsWeighted>
      <QtyInPackage>לא ידוע</QtyInPackage>
      <ItemPrice>19.90</ItemPrice>
      <UnitOfMeasurePrice>0.0284</UnitOfMeasurePrice>
      <AllowDiscount>1</AllowDiscount>
      <ItemStatus>1</ItemStatus>
      <ItemId>138861</ItemId>
    </Item>
    <Item>
      <PriceUpdateDate>2025-08-22 11:38:16</PriceUpdateDate>
      <ItemCode>7290011877156</ItemCode>
      <ItemType>1</ItemType>
      <ItemName>סנו פרש ענק מאסק 375</ItemName>
      <ManufacturerName>לא ידוע</ManufacturerName>
      <ManufactureCountry>לא ידוע</ManufactureCountry>
      <ManufacturerItemDescription>סנו פרש ענק מאסק 375</ManufacturerItemDescription>
      <UnitQty>לא ידוע</UnitQty>
      <Quantity>375.00</Quantity>
      <UnitOfMeasure>לא ידוע</UnitOfMeasure>
      <bIsWeighted>0</bIsWeighted>
      <QtyInPackage>לא ידוע</QtyInPackage>
      <ItemPrice>13.90</ItemPrice>
      <UnitOfMeasurePrice>0.0371</UnitOfMeasurePrice>
      <AllowDiscount>1</AllowDiscount>
      <ItemStatus>1</ItemStatus>
      <ItemId>138895</ItemId>
    </Item>
    <Item>
      <PriceUpdateDate>2025-08-22 11:38:34</PriceUpdateDate>
      <ItemCode>7290012116360</ItemCode>
      <ItemType>1</ItemType>
      <ItemName>פוליויקס גרניט פורצל</ItemName>
      <ManufacturerName>קריות זול</ManufacturerName>
      <ManufactureCountry>לא ידוע</ManufactureCountry>
      <ManufacturerItemDescription>פוליויקס גרניט פורצל</ManufacturerItemDescription>
      <UnitQty>ליטרים</UnitQty>
      <Quantity>2.00</Quantity>
      <UnitOfMeasure>ליטר    </UnitOfMeasure>
      <bIsWeighted>0</bIsWeighted>
      <QtyInPackage>לא ידוע</QtyInPackage>
      <ItemPrice>23.90</ItemPrice>
      <UnitOfMeasurePrice>11.9500</UnitOfMeasurePrice>
      <AllowDiscount>1</AllowDiscount>
      <ItemStatus>1</ItemStatus>
      <ItemId>138934</ItemId>
    </Item>
    <Item>
      <PriceUpdateDate>2025-08-22 11:38:44</PriceUpdateDate>
      <ItemCode>7290012117091</ItemCode>
      <ItemType>1</ItemType>
      <ItemName>סנו מקסימה אבקת כביס</ItemName>
      <ManufacturerName>לא ידוע</ManufacturerName>
      <ManufactureCountry>לא ידוע</ManufactureCountry>
      <ManufacturerItemDescription>סנו מקסימה אבקת כביס</ManufacturerItemDescription>
      <UnitQty>קילוגרמים</UnitQty>
      <Quantity>6.00</Quantity>
      <UnitOfMeasure>ק"ג     </UnitOfMeasure>
      <bIsWeighted>0</bIsWeighted>
      <QtyInPackage>לא ידוע</QtyInPackage>
      <ItemPrice>50.90</ItemPrice>
      <UnitOfMeasurePrice>8.4833</UnitOfMeasurePrice>
      <AllowDiscount>1</AllowDiscount>
      <ItemStatus>1</ItemStatus>
      <ItemId>138965</ItemId>
    </Item>
    <Item>
      <PriceUpdateDate>2025-01-30 11:08:50</PriceUpdateDate>
      <ItemCode>7290012117275</ItemCode>
      <ItemType>1</ItemType>
      <ItemName>סנוקליר שקית מילוי 7</ItemName>
      <ManufacturerName>לא ידוע</ManufacturerName>
      <ManufactureCountry>לא ידוע</ManufactureCountry>
      <ManufacturerItemDescription>סנוקליר שקית מילוי 7</ManufacturerItemDescription>
      <UnitQty>לא ידוע</UnitQty>
      <Quantity>750.00</Quantity>
      <UnitOfMeasure>לא ידוע</UnitOfMeasure>
      <bIsWeighted>0</bIsWeighted>
      <QtyInPackage>לא ידוע</QtyInPackage>
      <ItemPrice>9.90</ItemPrice>
      <UnitOfMeasurePrice>0.0132</UnitOfMeasurePrice>
      <AllowDiscount>1</AllowDiscount>
      <ItemStatus>1</ItemStatus>
      <ItemId>138967</ItemId>
    </Item>
    <Item>
      <PriceUpdateDate>2024-12-31 12:13:19</PriceUpdateDate>
      <ItemCode>7290012117541</ItemCode>
      <ItemType>1</ItemType>
      <ItemName>סנו מקסימה מרכך קומפ</ItemName>
      <ManufacturerName>לא ידוע</ManufacturerName>
      <ManufactureCountry>לא ידוע</ManufactureCountry>
      <ManufacturerItemDescription>סנו מקסימה מרכך קומפ</ManufacturerItemDescription>
      <UnitQty>לא ידוע</UnitQty>
      <Quantity>1000.00</Quantity>
      <UnitOfMeasure>לא ידוע</UnitOfMeasure>
      <bIsWeighted>0</bIsWeighted>
      <QtyInPackage>לא ידוע</QtyInPackage>
      <ItemPrice>19.90</ItemPrice>
      <UnitOfMeasurePrice>0.0199</UnitOfMeasurePrice>
      <AllowDiscount>1</AllowDiscount>
      <ItemStatus>1</ItemStatus>
      <ItemId>138979</ItemId>
    </Item>
    <Item>
      <PriceUpdateDate>2025-08-22 11:38:56</PriceUpdateDate>
      <ItemCode>7290012117732</ItemCode>
      <ItemType>1</ItemType>
      <ItemName>סנו מקסימה מרכך כביס</ItemName>
      <ManufacturerName>לא ידוע</ManufacturerName>
      <ManufactureCountry>לא ידוע</ManufactureCountry>
      <ManufacturerItemDescription>סנו מקסימה מרכך כביס</ManufacturerItemDescription>
      <UnitQty>ליטרים</UnitQty>
      <Quantity>4.00</Quantity>
      <UnitOfMeasure>ליטר    </UnitOfMeasure>
      <bIsWeighted>0</bIsWeighted>
      <QtyInPackage>לא ידוע</QtyInPackage>
      <ItemPrice>24.90</ItemPrice>
      <UnitOfMeasurePrice>6.2250</UnitOfMeasurePrice>
      <AllowDiscount>1</AllowDiscount>
      <ItemStatus>1</ItemStatus>
      <ItemId>138993</ItemId>
    </Item>
    <Item>
      <PriceUpdateDate>2025-08-22 11:39:02</PriceUpdateDate>
      <ItemCode>7290012117916</ItemCode>
      <ItemType>1</ItemType>
      <ItemName>סנו אינסטלטור נוזלי</ItemName>
      <ManufacturerName>לא ידוע</ManufacturerName>
      <ManufactureCountry>לא ידוע</ManufactureCountry>
      <ManufacturerItemDescription>סנו אינסטלטור נוזלי</ManufacturerItemDescription>
      <UnitQty>לא ידוע</UnitQty>
      <Quantity>1000.00</Quantity>
      <UnitOfMeasure>לא ידוע</UnitOfMeasure>
      <bIsWeighted>0</bIsWeighted>
      <QtyInPackage>לא ידוע</QtyInPackage>
      <ItemPrice>31.90</ItemPrice>
      <UnitOfMeasurePrice>0.0319</UnitOfMeasurePrice>
      <AllowDiscount>1</AllowDiscount>
      <ItemStatus>1</ItemStatus>
      <ItemId>139000</ItemId>
    </Item>
    <Item>
      <PriceUpdateDate>2025-08-22 11:39:03</PriceUpdateDate>
      <ItemCode>7290012823251</ItemCode>
      <ItemType>1</ItemType>
      <ItemName>כיף אל סבון יסמין לב</ItemName>
      <ManufacturerName>לא ידוע</ManufacturerName>
      <ManufactureCountry>לא ידוע</ManufactureCountry>
      <ManufacturerItemDescription>כיף אל סבון יסמין לב</ManufacturerItemDescription>
      <UnitQty>לא ידוע</UnitQty>
      <Quantity>1000.00</Quantity>
      <UnitOfMeasure>לא ידוע</UnitOfMeasure>
      <bIsWeighted>0</bIsWeighted>
      <QtyInPackage>לא ידוע</QtyInPackage>
      <ItemPrice>14.90</ItemPrice>
      <UnitOfMeasurePrice>0.0149</UnitOfMeasurePrice>
      <AllowDiscount>1</AllowDiscount>
      <ItemStatus>1</ItemStatus>
      <ItemId>139024</ItemId>
    </Item>
    <Item>
      <PriceUpdateDate>2024-12-31 12:13:20</PriceUpdateDate>
      <ItemCode>7290012823381</ItemCode>
      <ItemType>1</ItemType>
      <ItemName>סנו מקסימה ורוד סנסט</ItemName>
      <ManufacturerName>לא ידוע</ManufacturerName>
      <ManufactureCountry>לא ידוע</ManufactureCountry>
      <ManufacturerItemDescription>סנו מקסימה ורוד סנסט</ManufacturerItemDescription>
      <UnitQty>לא ידוע</UnitQty>
      <Quantity>1000.00</Quantity>
      <UnitOfMeasure>לא ידוע</UnitOfMeasure>
      <bIsWeighted>0</bIsWeighted>
      <QtyInPackage>לא ידוע</QtyInPackage>
      <ItemPrice>19.90</ItemPrice>
      <UnitOfMeasurePrice>0.0199</UnitOfMeasurePrice>
      <AllowDiscount>1</AllowDiscount>
      <ItemStatus>1</ItemStatus>
      <ItemId>139028</ItemId>
    </Item>
    <Item>
      <PriceUpdateDate>2025-08-22 11:39:08</PriceUpdateDate>
      <ItemCode>7290012823602</ItemCode>
      <ItemType>1</ItemType>
      <ItemName>סופט סילק נייר טואלט</ItemName>
      <ManufacturerName>לא ידוע</ManufacturerName>
      <ManufactureCountry>לא ידוע</ManufactureCountry>
      <ManufacturerItemDescription>סופט סילק נייר טואלט</ManufacturerItemDescription>
      <UnitQty>לא ידוע</UnitQty>
      <Quantity>1950.00</Quantity>
      <UnitOfMeasure>לא ידוע</UnitOfMeasure>
      <bIsWeighted>0</bIsWeighted>
      <QtyInPackage>לא ידוע</QtyInPackage>
      <ItemPrice>35.90</ItemPrice>
      <UnitOfMeasurePrice>0.0184</UnitOfMeasurePrice>
      <AllowDiscount>1</AllowDiscount>
      <ItemStatus>1</ItemStatus>
      <ItemId>139036</ItemId>
    </Item>
    <Item>
      <PriceUpdateDate>2024-12-31 12:13:22</PriceUpdateDate>
      <ItemCode>7290013268020</ItemCode>
      <ItemType>1</ItemType>
      <ItemName>סנו מקסימה אולטרא פר</ItemName>
      <ManufacturerName>לא ידוע</ManufacturerName>
      <ManufactureCountry>לא ידוע</ManufactureCountry>
      <ManufacturerItemDescription>סנו מקסימה אולטרא פר</ManufacturerItemDescription>
      <UnitQty>לא ידוע</UnitQty>
      <Quantity>1000.00</Quantity>
      <UnitOfMeasure>לא ידוע</UnitOfMeasure>
      <bIsWeighted>0</bIsWeighted>
      <QtyInPackage>לא ידוע</QtyInPackage>
      <ItemPrice>19.90</ItemPrice>
      <UnitOfMeasurePrice>0.0199</UnitOfMeasurePrice>
      <AllowDiscount>1</AllowDiscount>
      <ItemStatus>1</ItemStatus>
      <ItemId>139057</ItemId>
    </Item>
    <Item>
      <PriceUpdateDate>2025-08-22 11:39:12</PriceUpdateDate>
      <ItemCode>7290013268891</ItemCode>
      <ItemType>1</ItemType>
      <ItemName>סנו אוקסיגן 3ליטר</ItemName>
      <ManufacturerName>לא ידוע</ManufacturerName>
      <ManufactureCountry>לא ידוע</ManufactureCountry>
      <ManufacturerItemDescription>סנו אוקסיגן 3ליטר</ManufacturerItemDescription>
      <UnitQty>לא ידוע</UnitQty>
      <Quantity>3000.00</Quantity>
      <UnitOfMeasure>לא ידוע</UnitOfMeasure>
      <bIsWeighted>0</bIsWeighted>
      <QtyInPackage>לא ידוע</QtyInPackage>
      <ItemPrice>34.90</ItemPrice>
      <UnitOfMeasurePrice>0.0116</UnitOfMeasurePrice>
      <AllowDiscount>1</AllowDiscount>
      <ItemStatus>1</ItemStatus>
      <ItemId>139099</ItemId>
    </Item>
    <Item>
      <PriceUpdateDate>2024-12-31 12:13:24</PriceUpdateDate>
      <ItemCode>7290013269003</ItemCode>
      <ItemType>1</ItemType>
      <ItemName>סנו מקסימה קר בייבי</ItemName>
      <ManufacturerName>לא ידוע</ManufacturerName>
      <ManufactureCountry>לא ידוע</ManufactureCountry>
      <ManufacturerItemDescription>סנו מקסימה קר בייבי</ManufacturerItemDescription>
      <UnitQty>לא ידוע</UnitQty>
      <Quantity>1000.00</Quantity>
      <UnitOfMeasure>לא ידוע</UnitOfMeasure>
      <bIsWeighted>0</bIsWeighted>
      <QtyInPackage>לא ידוע</QtyInPackage>
      <ItemPrice>19.90</ItemPrice>
      <UnitOfMeasurePrice>0.0199</UnitOfMeasurePrice>
      <AllowDiscount>1</AllowDiscount>
      <ItemStatus>1</ItemStatus>
      <ItemId>139103</ItemId>
    </Item>
    <Item>
      <PriceUpdateDate>2025-08-22 11:39:22</PriceUpdateDate>
      <ItemCode>7290013269263</ItemCode>
      <ItemType>1</ItemType>
      <ItemName>סנו מקסימה גל כביסה</ItemName>
      <ManufacturerName>לא ידוע</ManufacturerName>
      <ManufactureCountry>לא ידוע</ManufactureCountry>
      <ManufacturerItemDescription>סנו מקסימה גל כביסה</ManufacturerItemDescription>
      <UnitQty>ליטרים</UnitQty>
      <Quantity>3.00</Quantity>
      <UnitOfMeasure>ליטר    </UnitOfMeasure>
      <bIsWeighted>0</bIsWeighted>
      <QtyInPackage>לא ידוע</QtyInPackage>
      <ItemPrice>34.90</ItemPrice>
      <UnitOfMeasurePrice>11.6333</UnitOfMeasurePrice>
      <AllowDiscount>1</AllowDiscount>
      <ItemStatus>1</ItemStatus>
      <ItemId>139114</ItemId>
    </Item>
    <Item>
      <PriceUpdateDate>2025-08-22 11:39:23</PriceUpdateDate>
      <ItemCode>7290013269287</ItemCode>
      <ItemType>1</ItemType>
      <ItemName>סנו מקסימה גל כביסה</ItemName>
      <ManufacturerName>לא ידוע</ManufacturerName>
      <ManufactureCountry>לא ידוע</ManufactureCountry>
      <ManufacturerItemDescription>סנו מקסימה גל כביסה</ManufacturerItemDescription>
      <UnitQty>ליטרים</UnitQty>
      <Quantity>3.00</Quantity>
      <UnitOfMeasure>ליטר    </UnitOfMeasure>
      <bIsWeighted>0</bIsWeighted>
      <QtyInPackage>לא ידוע</QtyInPackage>
      <ItemPrice>34.90</ItemPrice>
      <UnitOfMeasurePrice>11.6333</UnitOfMeasurePrice>
      <AllowDiscount>1</AllowDiscount>
      <ItemStatus>1</ItemStatus>
      <ItemId>139115</ItemId>
    </Item>
    <Item>
      <PriceUpdateDate>2025-08-22 11:39:24</PriceUpdateDate>
      <ItemCode>7290013269300</ItemCode>
      <ItemType>1</ItemType>
      <ItemName>סנו ניילון נצמד 150</ItemName>
      <ManufacturerName>לא ידוע</ManufacturerName>
      <ManufactureCountry>לא ידוע</ManufactureCountry>
      <ManufacturerItemDescription>סנו ניילון נצמד 150</ManufacturerItemDescription>
      <UnitQty>יחידה   </UnitQty>
      <Quantity>0.00</Quantity>
      <UnitOfMeasure>יחידה   </UnitOfMeasure>
      <bIsWeighted>0</bIsWeighted>
      <QtyInPackage>לא ידוע</QtyInPackage>
      <ItemPrice>31.90</ItemPrice>
      <UnitOfMeasurePrice>0.0000</UnitOfMeasurePrice>
      <AllowDiscount>1</AllowDiscount>
      <ItemStatus>1</ItemStatus>
      <ItemId>139117</ItemId>
    </Item>
    <Item>
      <PriceUpdateDate>2025-08-22 11:39:36</PriceUpdateDate>
      <ItemCode>7290013269669</ItemCode>
      <ItemType>1</ItemType>
      <ItemName>ריצפז פנטזיה 3ליטר</ItemName>
      <ManufacturerName>לא ידוע</ManufacturerName>
      <ManufactureCountry>לא ידוע</ManufactureCountry>
      <ManufacturerItemDescription>ריצפז פנטזיה 3ליטר</ManufacturerItemDescription>
      <UnitQty>ליטרים</UnitQty>
      <Quantity>3.00</Quantity>
      <UnitOfMeasure>ליטר    </UnitOfMeasure>
      <bIsWeighted>0</bIsWeighted>
      <QtyInPackage>לא ידוע</QtyInPackage>
      <ItemPrice>16.90</ItemPrice>
      <UnitOfMeasurePrice>5.6333</UnitOfMeasurePrice>
      <AllowDiscount>1</AllowDiscount>
      <ItemStatus>1</ItemStatus>
      <ItemId>139125</ItemId>
    </Item>
    <Item>
      <PriceUpdateDate>2025-08-22 11:39:43</PriceUpdateDate>
      <ItemCode>7290013848758</ItemCode>
      <ItemType>1</ItemType>
      <ItemName>סנו מקסימה גל כביסה</ItemName>
      <ManufacturerName>לא ידוע</ManufacturerName>
      <ManufactureCountry>לא ידוע</ManufactureCountry>
      <ManufacturerItemDescription>סנו מקסימה גל כביסה</ManufacturerItemDescription>
      <UnitQty>ליטרים</UnitQty>
      <Quantity>3.00</Quantity>
      <UnitOfMeasure>ליטר    </UnitOfMeasure>
      <bIsWeighted>0</bIsWeighted>
      <QtyInPackage>לא ידוע</QtyInPackage>
      <ItemPrice>35.90</ItemPrice>
      <UnitOfMeasurePrice>11.9667</UnitOfMeasurePrice>
      <AllowDiscount>1</AllowDiscount>
      <ItemStatus>1</ItemStatus>
      <ItemId>139150</ItemId>
    </Item>
    <Item>
      <PriceUpdateDate>2025-09-07 10:40:55</PriceUpdateDate>
      <ItemCode>7290014397453</ItemCode>
      <ItemType>1</ItemType>
      <ItemName>סנו אוקסיגן לכביסה ל</ItemName>
      <ManufacturerName>לא ידוע</ManufacturerName>
      <ManufactureCountry>לא ידוע</ManufactureCountry>
      <ManufacturerItemDescription>סנו אוקסיגן לכביסה ל</ManufacturerItemDescription>
      <UnitQty>לא ידוע</UnitQty>
      <Quantity>3000.00</Quantity>
      <UnitOfMeasure>לא ידוע</UnitOfMeasure>
      <bIsWeighted>0</bIsWeighted>
      <QtyInPackage>לא ידוע</QtyInPackage>
      <ItemPrice>34.90</ItemPrice>
      <UnitOfMeasurePrice>0.0116</UnitOfMeasurePrice>
      <AllowDiscount>1</AllowDiscount>
      <ItemStatus>1</ItemStatus>
      <ItemId>139168</ItemId>
    </Item>
    <Item>
      <PriceUpdateDate>2025-09-07 10:40:56</PriceUpdateDate>
      <ItemCode>7290014397767</ItemCode>
      <ItemType>1</ItemType>
      <ItemName>ריצפז פרש הום בניחוח</ItemName>
      <ManufacturerName>לא ידוע</ManufacturerName>
      <ManufactureCountry>לא ידוע</ManufactureCountry>
      <ManufacturerItemDescription>ריצפז פרש הום בניחוח</ManufacturerItemDescription>
      <UnitQty>ליטרים</UnitQty>
      <Quantity>2.00</Quantity>
      <UnitOfMeasure>ליטר    </UnitOfMeasure>
      <bIsWeighted>0</bIsWeighted>
      <QtyInPackage>לא ידוע</QtyInPackage>
      <ItemPrice>22.90</ItemPrice>
      <UnitOfMeasurePrice>11.4500</UnitOfMeasurePrice>
      <AllowDiscount>1</AllowDiscount>
      <ItemStatus>1</ItemStatus>
      <ItemId>139182</ItemId>
    </Item>
    <Item>
      <PriceUpdateDate>2025-09-07 10:40:58</PriceUpdateDate>
      <ItemCode>7290104960239</ItemCode>
      <ItemType>1</ItemType>
      <ItemName>נקה 7 תחליב רחצה ארו</ItemName>
      <ManufacturerName>לא ידוע</ManufacturerName>
      <ManufactureCountry>לא ידוע</ManufactureCountry>
      <ManufacturerItemDescription>נקה 7 תחליב רחצה ארו</ManufacturerItemDescription>
      <UnitQty>לא ידוע</UnitQty>
      <Quantity>750.00</Quantity>
      <UnitOfMeasure>לא ידוע</UnitOfMeasure>
      <bIsWeighted>0</bIsWeighted>
      <QtyInPackage>לא ידוע</QtyInPackage>
      <ItemPrice>13.90</ItemPrice>
      <UnitOfMeasurePrice>0.0185</UnitOfMeasurePrice>
      <AllowDiscount>1</AllowDiscount>
      <ItemStatus>1</ItemStatus>
      <ItemId>139189</ItemId>
    </Item>
    <Item>
      <PriceUpdateDate>2025-09-07 10:40:58</PriceUpdateDate>
      <ItemCode>7290104960246</ItemCode>
      <ItemType>1</ItemType>
      <ItemName>נקה 7 תחליב רחצה ארו</ItemName>
      <ManufacturerName>לא ידוע</ManufacturerName>
      <ManufactureCountry>לא ידוע</ManufactureCountry>
      <ManufacturerItemDescription>נקה 7 תחליב רחצה ארו</ManufacturerItemDescription>
      <UnitQty>לא ידוע</UnitQty>
      <Quantity>750.00</Quantity>
      <UnitOfMeasure>לא ידוע</UnitOfMeasure>
      <bIsWeighted>0</bIsWeighted>
      <QtyInPackage>לא ידוע</QtyInPackage>
      <ItemPrice>13.90</ItemPrice>
      <UnitOfMeasurePrice>0.0185</UnitOfMeasurePrice>
      <AllowDiscount>1</AllowDiscount>
      <ItemStatus>1</ItemStatus>
      <ItemId>139190</ItemId>
    </Item>
    <Item>
      <PriceUpdateDate>2025-09-07 10:40:59</PriceUpdateDate>
      <ItemCode>7290104960253</ItemCode>
      <ItemType>1</ItemType>
      <ItemName>נקה 7 תחליב רחצה ארו</ItemName>
      <ManufacturerName>לא ידוע</ManufacturerName>
      <ManufactureCountry>לא ידוע</ManufactureCountry>
      <ManufacturerItemDescription>נקה 7 תחליב רחצה ארו</ManufacturerItemDescription>
      <UnitQty>לא ידוע</UnitQty>
      <Quantity>750.00</Quantity>
      <UnitOfMeasure>לא ידוע</UnitOfMeasure>
      <bIsWeighted>0</bIsWeighted>
      <QtyInPackage>לא ידוע</QtyInPackage>
      <ItemPrice>13.90</ItemPrice>
      <UnitOfMeasurePrice>0.0185</UnitOfMeasurePrice>
      <AllowDiscount>1</AllowDiscount>
      <ItemStatus>1</ItemStatus>
      <ItemId>139191</ItemId>
    </Item>
    <Item>
      <PriceUpdateDate>2025-09-07 10:41:01</PriceUpdateDate>
      <ItemCode>7290104962073</ItemCode>
      <ItemType>1</ItemType>
      <ItemName>טיטניום ספריי גולד 1</ItemName>
      <ManufacturerName>לא ידוע</ManufacturerName>
      <ManufactureCountry>לא ידוע</ManufactureCountry>
      <ManufacturerItemDescription>טיטניום ספריי גולד 1</ManufacturerItemDescription>
      <UnitQty>לא ידוע</UnitQty>
      <Quantity>180.00</Quantity>
      <UnitOfMeasure>לא ידוע</UnitOfMeasure>
      <bIsWeighted>0</bIsWeighted>
      <QtyInPackage>לא ידוע</QtyInPackage>
      <ItemPrice>19.90</ItemPrice>
      <UnitOfMeasurePrice>0.1106</UnitOfMeasurePrice>
      <AllowDiscount>1</AllowDiscount>
      <ItemStatus>1</ItemStatus>
      <ItemId>139207</ItemId>
    </Item>
    <Item>
      <PriceUpdateDate>2025-09-07 10:41:13</PriceUpdateDate>
      <ItemCode>7290107280570</ItemCode>
      <ItemType>1</ItemType>
      <ItemName>סנו מקסימה גל לכביסה</ItemName>
      <ManufacturerName>לא ידוע</ManufacturerName>
      <ManufactureCountry>לא ידוע</ManufactureCountry>
      <ManufacturerItemDescription>סנו מקסימה גל לכביסה</ManufacturerItemDescription>
      <UnitQty>ליטרים</UnitQty>
      <Quantity>3.00</Quantity>
      <UnitOfMeasure>ליטר    </UnitOfMeasure>
      <bIsWeighted>0</bIsWeighted>
      <QtyInPackage>לא ידוע</QtyInPackage>
      <ItemPrice>34.90</ItemPrice>
      <UnitOfMeasurePrice>11.6333</UnitOfMeasurePrice>
      <AllowDiscount>1</AllowDiscount>
      <ItemStatus>1</ItemStatus>
      <ItemId>139236</ItemId>
    </Item>
    <Item>
      <PriceUpdateDate>2025-09-07 10:41:14</PriceUpdateDate>
      <ItemCode>7290107280709</ItemCode>
      <ItemType>1</ItemType>
      <ItemName>סנו ספארק נוזל הברקה</ItemName>
      <ManufacturerName>לא ידוע</ManufacturerName>
      <ManufactureCountry>לא ידוע</ManufactureCountry>
      <ManufacturerItemDescription>סנו ספארק נוזל הברקה</ManufacturerItemDescription>
      <UnitQty>לא ידוע</UnitQty>
      <Quantity>900.00</Quantity>
      <UnitOfMeasure>לא ידוע</UnitOfMeasure>
      <bIsWeighted>0</bIsWeighted>
      <QtyInPackage>לא ידוע</QtyInPackage>
      <ItemPrice>16.90</ItemPrice>
      <UnitOfMeasurePrice>0.0188</UnitOfMeasurePrice>
      <AllowDiscount>1</AllowDiscount>
      <ItemStatus>1</ItemStatus>
      <ItemId>139241</ItemId>
    </Item>
    <Item>
      <PriceUpdateDate>2025-08-18 11:35:26</PriceUpdateDate>
      <ItemCode>5029053510811</ItemCode>
      <ItemType>1</ItemType>
      <ItemName>קוטקס תחבושות אולטרה</ItemName>
      <ManufacturerName>קריות זול</ManufacturerName>
      <ManufactureCountry>לא ידוע</ManufactureCountry>
      <ManufacturerItemDescription>קוטקס תחבושות אולטרה</ManufacturerItemDescription>
      <UnitQty>לא ידוע</UnitQty>
      <Quantity>28.00</Quantity>
      <UnitOfMeasure>לא ידוע</UnitOfMeasure>
      <bIsWeighted>0</bIsWeighted>
      <QtyInPackage>לא ידוע</QtyInPackage>
      <ItemPrice>20.90</ItemPrice>
      <UnitOfMeasurePrice>0.7464</UnitOfMeasurePrice>
      <AllowDiscount>1</AllowDiscount>
      <ItemStatus>1</ItemStatus>
      <ItemId>139291</ItemId>
    </Item>
    <Item>
      <PriceUpdateDate>2025-08-18 11:35:26</PriceUpdateDate>
      <ItemCode>5029053510828</ItemCode>
      <ItemType>1</ItemType>
      <ItemName>קוטקס תחבושות אולטרה</ItemName>
      <ManufacturerName>קריות זול</ManufacturerName>
      <ManufactureCountry>לא ידוע</ManufactureCountry>
      <ManufacturerItemDescription>קוטקס תחבושות אולטרה</ManufacturerItemDescription>
      <UnitQty>לא ידוע</UnitQty>
      <Quantity>24.00</Quantity>
      <UnitOfMeasure>לא ידוע</UnitOfMeasure>
      <bIsWeighted>0</bIsWeighted>
      <QtyInPackage>לא ידוע</QtyInPackage>
      <ItemPrice>20.90</ItemPrice>
      <UnitOfMeasurePrice>0.8708</UnitOfMeasurePrice>
      <AllowDiscount>1</AllowDiscount>
      <ItemStatus>1</ItemStatus>
      <ItemId>139292</ItemId>
    </Item>
    <Item>
      <PriceUpdateDate>2025-08-18 11:35:27</PriceUpdateDate>
      <ItemCode>5029053523446</ItemCode>
      <ItemType>1</ItemType>
      <ItemName>קוטקס תחבושות אולטרה</ItemName>
      <ManufacturerName>קריות זול</ManufacturerName>
      <ManufactureCountry>לא ידוע</ManufactureCountry>
      <ManufacturerItemDescription>קוטקס תחבושות אולטרה</ManufacturerItemDescription>
      <UnitQty>לא ידוע</UnitQty>
      <Quantity>20.00</Quantity>
      <UnitOfMeasure>לא ידוע</UnitOfMeasure>
      <bIsWeighted>0</bIsWeighted>
      <QtyInPackage>לא ידוע</QtyInPackage>
      <ItemPrice>22.90</ItemPrice>
      <UnitOfMeasurePrice>1.1450</UnitOfMeasurePrice>
      <AllowDiscount>1</AllowDiscount>
      <ItemStatus>1</ItemStatus>
      <ItemId>139296</ItemId>
    </Item>
    <Item>
      <PriceUpdateDate>2025-08-18 11:35:28</PriceUpdateDate>
      <ItemCode>5029053535210</ItemCode>
      <ItemType>1</ItemType>
      <ItemName>קוטקס טמפון +מוליך מ</ItemName>
      <ManufacturerName>לא ידוע</ManufacturerName>
      <ManufactureCountry>לא ידוע</ManufactureCountry>
      <ManufacturerItemDescription>קוטקס טמפון +מוליך מ</ManufacturerItemDescription>
      <UnitQty>יחידה   </UnitQty>
      <Quantity>0.00</Quantity>
      <UnitOfMeasure>יחידה   </UnitOfMeasure>
      <bIsWeighted>0</bIsWeighted>
      <QtyInPackage>לא ידוע</QtyInPackage>
      <ItemPrice>28.90</ItemPrice>
      <UnitOfMeasurePrice>0.0000</UnitOfMeasurePrice>
      <AllowDiscount>1</AllowDiscount>
      <ItemStatus>1</ItemStatus>
      <ItemId>139311</ItemId>
    </Item>
    <Item>
      <PriceUpdateDate>2025-08-20 13:15:37</PriceUpdateDate>
      <ItemCode>7290000188355</ItemCode>
      <ItemType>1</ItemType>
      <ItemName>שישיית מגבות נייר ני</ItemName>
      <ManufacturerName>לא ידוע</ManufacturerName>
      <ManufactureCountry>לא ידוע</ManufactureCountry>
      <ManufacturerItemDescription>שישיית מגבות נייר ני</ManufacturerItemDescription>
      <UnitQty>יחידה   </UnitQty>
      <Quantity>0.00</Quantity>
      <UnitOfMeasure>יחידה   </UnitOfMeasure>
      <bIsWeighted>0</bIsWeighted>
      <QtyInPackage>לא ידוע</QtyInPackage>
      <ItemPrice>14.90</ItemPrice>
      <UnitOfMeasurePrice>0.0000</UnitOfMeasurePrice>
      <AllowDiscount>1</AllowDiscount>
      <ItemStatus>1</ItemStatus>
      <ItemId>139341</ItemId>
    </Item>
    <Item>
      <PriceUpdateDate>2025-08-20 13:15:38</PriceUpdateDate>
      <ItemCode>7290000189192</ItemCode>
      <ItemType>1</ItemType>
      <ItemName>סופר מגבת רב פעמית נ</ItemName>
      <ManufacturerName>לא ידוע</ManufacturerName>
      <ManufactureCountry>לא ידוע</ManufactureCountry>
      <ManufacturerItemDescription>סופר מגבת רב פעמית נ</ManufacturerItemDescription>
      <UnitQty>יחידה   </UnitQty>
      <Quantity>0.00</Quantity>
      <UnitOfMeasure>יחידה   </UnitOfMeasure>
      <bIsWeighted>0</bIsWeighted>
      <QtyInPackage>לא ידוע</QtyInPackage>
      <ItemPrice>24.90</ItemPrice>
      <UnitOfMeasurePrice>0.0000</UnitOfMeasurePrice>
      <AllowDiscount>1</AllowDiscount>
      <ItemStatus>1</ItemStatus>
      <ItemId>139353</ItemId>
    </Item>
    <Item>
      <PriceUpdateDate>2025-08-21 11:27:51</PriceUpdateDate>
      <ItemCode>7290000453248</ItemCode>
      <ItemType>1</ItemType>
      <ItemName>מיני פנקייק מוכן להג</ItemName>
      <ManufacturerName>לא ידוע</ManufacturerName>
      <ManufactureCountry>לא ידוע</ManufactureCountry>
      <ManufacturerItemDescription>מיני פנקייק מוכן להג</ManufacturerItemDescription>
      <UnitQty>לא ידוע</UnitQty>
      <Quantity>300.00</Quantity>
      <UnitOfMeasure>לא ידוע</UnitOfMeasure>
      <bIsWeighted>0</bIsWeighted>
      <QtyInPackage>לא ידוע</QtyInPackage>
      <ItemPrice>26.00</ItemPrice>
      <UnitOfMeasurePrice>0.0867</UnitOfMeasurePrice>
      <AllowDiscount>1</AllowDiscount>
      <ItemStatus>1</ItemStatus>
      <ItemId>250608</ItemId>
    </Item>
    <Item>
      <PriceUpdateDate>2025-08-20 13:15:39</PriceUpdateDate>
      <ItemCode>7290000189550</ItemCode>
      <ItemType>1</ItemType>
      <ItemName>אשפתון זוג ענק 20 מת</ItemName>
      <ManufacturerName>קריות זול</ManufacturerName>
      <ManufactureCountry>לא ידוע</ManufactureCountry>
      <ManufacturerItemDescription>אשפתון זוג ענק 20 מת</ManufacturerItemDescription>
      <UnitQty>לא ידוע</UnitQty>
      <Quantity>20.00</Quantity>
      <UnitOfMeasure>לא ידוע</UnitOfMeasure>
      <bIsWeighted>0</bIsWeighted>
      <QtyInPackage>לא ידוע</QtyInPackage>
      <ItemPrice>27.90</ItemPrice>
      <UnitOfMeasurePrice>1.3950</UnitOfMeasurePrice>
      <AllowDiscount>1</AllowDiscount>
      <ItemStatus>1</ItemStatus>
      <ItemId>139363</ItemId>
    </Item>
    <Item>
      <PriceUpdateDate>2025-08-20 13:15:40</PriceUpdateDate>
      <ItemCode>7290000189598</ItemCode>
      <ItemType>1</ItemType>
      <ItemName>מטליות לחות 50 יחידו</ItemName>
      <ManufacturerName>לא ידוע</ManufacturerName>
      <ManufactureCountry>לא ידוע</ManufactureCountry>
      <ManufacturerItemDescription>מטליות לחות 50 יחידו</ManufacturerItemDescription>
      <UnitQty>לא ידוע</UnitQty>
      <Quantity>50.00</Quantity>
      <UnitOfMeasure>לא ידוע</UnitOfMeasure>
      <bIsWeighted>0</bIsWeighted>
      <QtyInPackage>לא ידוע</QtyInPackage>
      <ItemPrice>13.90</ItemPrice>
      <UnitOfMeasurePrice>0.2780</UnitOfMeasurePrice>
      <AllowDiscount>1</AllowDiscount>
      <ItemStatus>1</ItemStatus>
      <ItemId>139365</ItemId>
    </Item>
    <Item>
      <PriceUpdateDate>2025-08-20 13:15:40</PriceUpdateDate>
      <ItemCode>7290000189871</ItemCode>
      <ItemType>1</ItemType>
      <ItemName>אשפתון 55 שקיות מתכל</ItemName>
      <ManufacturerName>לא ידוע</ManufacturerName>
      <ManufactureCountry>לא ידוע</ManufactureCountry>
      <ManufacturerItemDescription>אשפתון 55 שקיות מתכל</ManufacturerItemDescription>
      <UnitQty>יחידה   </UnitQty>
      <Quantity>0.00</Quantity>
      <UnitOfMeasure>יחידה   </UnitOfMeasure>
      <bIsWeighted>0</bIsWeighted>
      <QtyInPackage>לא ידוע</QtyInPackage>
      <ItemPrice>24.90</ItemPrice>
      <UnitOfMeasurePrice>0.0000</UnitOfMeasurePrice>
      <AllowDiscount>1</AllowDiscount>
      <ItemStatus>1</ItemStatus>
      <ItemId>139372</ItemId>
    </Item>
    <Item>
      <PriceUpdateDate>2025-08-20 13:15:41</PriceUpdateDate>
      <ItemCode>7290000190198</ItemCode>
      <ItemType>1</ItemType>
      <ItemName>מטליות לחות לניקוי ו</ItemName>
      <ManufacturerName>לא ידוע</ManufacturerName>
      <ManufactureCountry>לא ידוע</ManufactureCountry>
      <ManufacturerItemDescription>מטליות לחות לניקוי ו</ManufacturerItemDescription>
      <UnitQty>יחידה   </UnitQty>
      <Quantity>0.00</Quantity>
      <UnitOfMeasure>יחידה   </UnitOfMeasure>
      <bIsWeighted>0</bIsWeighted>
      <QtyInPackage>לא ידוע</QtyInPackage>
      <ItemPrice>13.90</ItemPrice>
      <UnitOfMeasurePrice>0.0000</UnitOfMeasurePrice>
      <AllowDiscount>1</AllowDiscount>
      <ItemStatus>1</ItemStatus>
      <ItemId>139378</ItemId>
    </Item>
    <Item>
      <PriceUpdateDate>2025-09-08 07:59:45</PriceUpdateDate>
      <ItemCode>7290120870697</ItemCode>
      <ItemType>1</ItemType>
      <ItemName>מיני קרקר במלח 227 ג</ItemName>
      <ManufacturerName>לא ידוע</ManufacturerName>
      <ManufactureCountry>לא ידוע</ManufactureCountry>
      <ManufacturerItemDescription>מיני קרקר במלח 227 ג</ManufacturerItemDescription>
      <UnitQty>לא ידוע</UnitQty>
      <Quantity>227.00</Quantity>
      <UnitOfMeasure>לא ידוע</UnitOfMeasure>
      <bIsWeighted>0</bIsWeighted>
      <QtyInPackage>לא ידוע</QtyInPackage>
      <ItemPrice>8.90</ItemPrice>
      <UnitOfMeasurePrice>0.0392</UnitOfMeasurePrice>
      <AllowDiscount>1</AllowDiscount>
      <ItemStatus>1</ItemStatus>
      <ItemId>255516</ItemId>
    </Item>
    <Item>
      <PriceUpdateDate>2025-08-31 08:52:36</PriceUpdateDate>
      <ItemCode>7290011091972</ItemCode>
      <ItemType>1</ItemType>
      <ItemName>עמבה אסלית 370 גרם פ</ItemName>
      <ManufacturerName>לא ידוע</ManufacturerName>
      <ManufactureCountry>לא ידוע</ManufactureCountry>
      <ManufacturerItemDescription>עמבה אסלית 370 גרם פ</ManufacturerItemDescription>
      <UnitQty>לא ידוע</UnitQty>
      <Quantity>370.00</Quantity>
      <UnitOfMeasure>לא ידוע</UnitOfMeasure>
      <bIsWeighted>0</bIsWeighted>
      <QtyInPackage>לא ידוע</QtyInPackage>
      <ItemPrice>19.90</ItemPrice>
      <UnitOfMeasurePrice>0.0538</UnitOfMeasurePrice>
      <AllowDiscount>1</AllowDiscount>
      <ItemStatus>1</ItemStatus>
      <ItemId>249356</ItemId>
    </Item>
    <Item>
      <PriceUpdateDate>2025-08-20 13:15:41</PriceUpdateDate>
      <ItemCode>7290000191539</ItemCode>
      <ItemType>1</ItemType>
      <ItemName>לילי צבעוני חמישיה 5</ItemName>
      <ManufacturerName>קריות זול</ManufacturerName>
      <ManufactureCountry>לא ידוע</ManufactureCountry>
      <ManufacturerItemDescription>לילי צבעוני חמישיה 5</ManufacturerItemDescription>
      <UnitQty>לא ידוע</UnitQty>
      <Quantity>593.00</Quantity>
      <UnitOfMeasure>לא ידוע</UnitOfMeasure>
      <bIsWeighted>0</bIsWeighted>
      <QtyInPackage>לא ידוע</QtyInPackage>
      <ItemPrice>18.90</ItemPrice>
      <UnitOfMeasurePrice>0.0319</UnitOfMeasurePrice>
      <AllowDiscount>1</AllowDiscount>
      <ItemStatus>1</ItemStatus>
      <ItemId>139398</ItemId>
    </Item>
    <Item>
      <PriceUpdateDate>2025-09-08 07:57:53</PriceUpdateDate>
      <ItemCode>7290117389096</ItemCode>
      <ItemType>1</ItemType>
      <ItemName>קוקי שקיות צלייה מהי</ItemName>
      <ManufacturerName>קריות זול</ManufacturerName>
      <ManufactureCountry>לא ידוע</ManufactureCountry>
      <ManufacturerItemDescription>קוקי שקיות צלייה מהי</ManufacturerItemDescription>
      <UnitQty>יחידה   </UnitQty>
      <Quantity>0.00</Quantity>
      <UnitOfMeasure>יחידה   </UnitOfMeasure>
      <bIsWeighted>0</bIsWeighted>
      <QtyInPackage>לא ידוע</QtyInPackage>
      <ItemPrice>12.90</ItemPrice>
      <UnitOfMeasurePrice>0.0000</UnitOfMeasurePrice>
      <AllowDiscount>1</AllowDiscount>
      <ItemStatus>1</ItemStatus>
      <ItemId>248248</ItemId>
    </Item>
    <Item>
      <PriceUpdateDate>2025-08-20 13:15:42</PriceUpdateDate>
      <ItemCode>7290000191652</ItemCode>
      <ItemType>1</ItemType>
      <ItemName>קלינקס קלאסיק ניילון</ItemName>
      <ManufacturerName>לא ידוע</ManufacturerName>
      <ManufactureCountry>לא ידוע</ManufactureCountry>
      <ManufacturerItemDescription>קלינקס קלאסיק ניילון</ManufacturerItemDescription>
      <UnitQty>יחידה   </UnitQty>
      <Quantity>0.00</Quantity>
      <UnitOfMeasure>יחידה   </UnitOfMeasure>
      <bIsWeighted>0</bIsWeighted>
      <QtyInPackage>לא ידוע</QtyInPackage>
      <ItemPrice>13.90</ItemPrice>
      <UnitOfMeasurePrice>0.0000</UnitOfMeasurePrice>
      <AllowDiscount>1</AllowDiscount>
      <ItemStatus>1</ItemStatus>
      <ItemId>139403</ItemId>
    </Item>
    <Item>
      <PriceUpdateDate>2025-08-20 13:15:42</PriceUpdateDate>
      <ItemCode>7290000193014</ItemCode>
      <ItemType>1</ItemType>
      <ItemName>לילי אינטרלוד מגני ת</ItemName>
      <ManufacturerName>קריות זול</ManufacturerName>
      <ManufactureCountry>לא ידוע</ManufactureCountry>
      <ManufacturerItemDescription>לילי אינטרלוד מגני ת</ManufacturerItemDescription>
      <UnitQty>לא ידוע</UnitQty>
      <Quantity>50.00</Quantity>
      <UnitOfMeasure>לא ידוע</UnitOfMeasure>
      <bIsWeighted>0</bIsWeighted>
      <QtyInPackage>לא ידוע</QtyInPackage>
      <ItemPrice>11.90</ItemPrice>
      <UnitOfMeasurePrice>0.2380</UnitOfMeasurePrice>
      <AllowDiscount>1</AllowDiscount>
      <ItemStatus>1</ItemStatus>
      <ItemId>139408</ItemId>
    </Item>
    <Item>
      <PriceUpdateDate>2025-08-20 13:15:42</PriceUpdateDate>
      <ItemCode>7290000193083</ItemCode>
      <ItemType>1</ItemType>
      <ItemName>נובה לי לילי תחבושות</ItemName>
      <ManufacturerName>לא ידוע</ManufacturerName>
      <ManufactureCountry>לא ידוע</ManufactureCountry>
      <ManufacturerItemDescription>נובה לי לילי תחבושות</ManufacturerItemDescription>
      <UnitQty>לא ידוע</UnitQty>
      <Quantity>28.00</Quantity>
      <UnitOfMeasure>לא ידוע</UnitOfMeasure>
      <bIsWeighted>0</bIsWeighted>
      <QtyInPackage>לא ידוע</QtyInPackage>
      <ItemPrice>12.90</ItemPrice>
      <UnitOfMeasurePrice>0.4607</UnitOfMeasurePrice>
      <AllowDiscount>1</AllowDiscount>
      <ItemStatus>1</ItemStatus>
      <ItemId>139411</ItemId>
    </Item>
    <Item>
      <PriceUpdateDate>2025-08-20 13:15:43</PriceUpdateDate>
      <ItemCode>7290000193205</ItemCode>
      <ItemType>1</ItemType>
      <ItemName>לילי תחבושות נטורל ל</ItemName>
      <ManufacturerName>קריות זול</ManufacturerName>
      <ManufactureCountry>לא ידוע</ManufactureCountry>
      <ManufacturerItemDescription>לילי תחבושות נטורל ל</ManufacturerItemDescription>
      <UnitQty>לא ידוע</UnitQty>
      <Quantity>20.00</Quantity>
      <UnitOfMeasure>לא ידוע</UnitOfMeasure>
      <bIsWeighted>0</bIsWeighted>
      <QtyInPackage>לא ידוע</QtyInPackage>
      <ItemPrice>17.90</ItemPrice>
      <UnitOfMeasurePrice>0.8950</UnitOfMeasurePrice>
      <AllowDiscount>1</AllowDiscount>
      <ItemStatus>1</ItemStatus>
      <ItemId>139412</ItemId>
    </Item>
    <Item>
      <PriceUpdateDate>2025-08-20 13:15:43</PriceUpdateDate>
      <ItemCode>7290000193472</ItemCode>
      <ItemType>1</ItemType>
      <ItemName>לילי מגני תחתון נטור</ItemName>
      <ManufacturerName>קריות זול</ManufacturerName>
      <ManufactureCountry>לא ידוע</ManufactureCountry>
      <ManufacturerItemDescription>לילי מגני תחתון נטור</ManufacturerItemDescription>
      <UnitQty>לא ידוע</UnitQty>
      <Quantity>60.00</Quantity>
      <UnitOfMeasure>לא ידוע</UnitOfMeasure>
      <bIsWeighted>0</bIsWeighted>
      <QtyInPackage>לא ידוע</QtyInPackage>
      <ItemPrice>17.90</ItemPrice>
      <UnitOfMeasurePrice>0.2983</UnitOfMeasurePrice>
      <AllowDiscount>1</AllowDiscount>
      <ItemStatus>1</ItemStatus>
      <ItemId>139414</ItemId>
    </Item>
    <Item>
      <PriceUpdateDate>2025-08-20 13:15:43</PriceUpdateDate>
      <ItemCode>7290000193540</ItemCode>
      <ItemType>1</ItemType>
      <ItemName>לילי מגני תחתון נטור</ItemName>
      <ManufacturerName>קריות זול</ManufacturerName>
      <ManufactureCountry>לא ידוע</ManufactureCountry>
      <ManufacturerItemDescription>לילי מגני תחתון נטור</ManufacturerItemDescription>
      <UnitQty>לא ידוע</UnitQty>
      <Quantity>52.00</Quantity>
      <UnitOfMeasure>לא ידוע</UnitOfMeasure>
      <bIsWeighted>0</bIsWeighted>
      <QtyInPackage>לא ידוע</QtyInPackage>
      <ItemPrice>17.90</ItemPrice>
      <UnitOfMeasurePrice>0.3442</UnitOfMeasurePrice>
      <AllowDiscount>1</AllowDiscount>
      <ItemStatus>1</ItemStatus>
      <ItemId>139415</ItemId>
    </Item>
    <Item>
      <PriceUpdateDate>2025-08-20 13:15:45</PriceUpdateDate>
      <ItemCode>7290000195216</ItemCode>
      <ItemType>1</ItemType>
      <ItemName>נייר אפיה 50יח ניקול</ItemName>
      <ManufacturerName>לא ידוע</ManufacturerName>
      <ManufactureCountry>לא ידוע</ManufactureCountry>
      <ManufacturerItemDescription>נייר אפיה 50יח ניקול</ManufacturerItemDescription>
      <UnitQty>לא ידוע</UnitQty>
      <Quantity>50.00</Quantity>
      <UnitOfMeasure>לא ידוע</UnitOfMeasure>
      <bIsWeighted>0</bIsWeighted>
      <QtyInPackage>לא ידוע</QtyInPackage>
      <ItemPrice>13.90</ItemPrice>
      <UnitOfMeasurePrice>0.2780</UnitOfMeasurePrice>
      <AllowDiscount>1</AllowDiscount>
      <ItemStatus>1</ItemStatus>
      <ItemId>139432</ItemId>
    </Item>
    <Item>
      <PriceUpdateDate>2025-08-20 13:15:45</PriceUpdateDate>
      <ItemCode>7290000195537</ItemCode>
      <ItemType>1</ItemType>
      <ItemName>מגבוני האגיס דיילי ק</ItemName>
      <ManufacturerName>לא ידוע</ManufacturerName>
      <ManufactureCountry>לא ידוע</ManufactureCountry>
      <ManufacturerItemDescription>מגבוני האגיס דיילי ק</ManufacturerItemDescription>
      <UnitQty>יחידה   </UnitQty>
      <Quantity>0.00</Quantity>
      <UnitOfMeasure>יחידה   </UnitOfMeasure>
      <bIsWeighted>0</bIsWeighted>
      <QtyInPackage>לא ידוע</QtyInPackage>
      <ItemPrice>22.90</ItemPrice>
      <UnitOfMeasurePrice>0.0000</UnitOfMeasurePrice>
      <AllowDiscount>1</AllowDiscount>
      <ItemStatus>1</ItemStatus>
      <ItemId>139439</ItemId>
    </Item>
    <Item>
      <PriceUpdateDate>2025-08-21 13:56:18</PriceUpdateDate>
      <ItemCode>8000500018828</ItemCode>
      <ItemType>1</ItemType>
      <ItemName>קינדר שוקולד חצי מטר</ItemName>
      <ManufacturerName>לא ידוע</ManufacturerName>
      <ManufactureCountry>לא ידוע</ManufactureCountry>
      <ManufacturerItemDescription>קינדר שוקולד חצי מטר</ManufacturerItemDescription>
      <UnitQty>לא ידוע</UnitQty>
      <Quantity>300.00</Quantity>
      <UnitOfMeasure>לא ידוע</UnitOfMeasure>
      <bIsWeighted>0</bIsWeighted>
      <QtyInPackage>לא ידוע</QtyInPackage>
      <ItemPrice>27.90</ItemPrice>
      <UnitOfMeasurePrice>0.0930</UnitOfMeasurePrice>
      <AllowDiscount>1</AllowDiscount>
      <ItemStatus>1</ItemStatus>
      <ItemId>236386</ItemId>
    </Item>
    <Item>
      <PriceUpdateDate>2025-08-18 13:58:51</PriceUpdateDate>
      <ItemCode>7290002037651</ItemCode>
      <ItemType>1</ItemType>
      <ItemName>חלה מתוקה ברמן</ItemName>
      <ManufacturerName>לא ידוע</ManufacturerName>
      <ManufactureCountry>לא ידוע</ManufactureCountry>
      <ManufacturerItemDescription>חלה מתוקה ברמן</ManufacturerItemDescription>
      <UnitQty>לא ידוע</UnitQty>
      <Quantity>500.00</Quantity>
      <UnitOfMeasure>לא ידוע</UnitOfMeasure>
      <bIsWeighted>0</bIsWeighted>
      <QtyInPackage>לא ידוע</QtyInPackage>
      <ItemPrice>10.90</ItemPrice>
      <UnitOfMeasurePrice>0.0218</UnitOfMeasurePrice>
      <AllowDiscount>1</AllowDiscount>
      <ItemStatus>1</ItemStatus>
      <ItemId>235227</ItemId>
    </Item>
    <Item>
      <PriceUpdateDate>2025-08-27 09:53:29</PriceUpdateDate>
      <ItemCode>7290002814870</ItemCode>
      <ItemType>1</ItemType>
      <ItemName>מסיר שומנים סנט מורי</ItemName>
      <ManufacturerName>לא ידוע</ManufacturerName>
      <ManufactureCountry>לא ידוע</ManufactureCountry>
      <ManufacturerItemDescription>מסיר שומנים סנט מורי</ManufacturerItemDescription>
      <UnitQty>לא ידוע</UnitQty>
      <Quantity>750.00</Quantity>
      <UnitOfMeasure>לא ידוע</UnitOfMeasure>
      <bIsWeighted>0</bIsWeighted>
      <QtyInPackage>לא ידוע</QtyInPackage>
      <ItemPrice>16.90</ItemPrice>
      <UnitOfMeasurePrice>0.0225</UnitOfMeasurePrice>
      <AllowDiscount>1</AllowDiscount>
      <ItemStatus>1</ItemStatus>
      <ItemId>213544</ItemId>
    </Item>
    <Item>
      <PriceUpdateDate>2025-08-20 13:15:47</PriceUpdateDate>
      <ItemCode>7290000197326</ItemCode>
      <ItemType>1</ItemType>
      <ItemName>ניקול רדיד אלומיניום</ItemName>
      <ManufacturerName>קריות זול</ManufacturerName>
      <ManufactureCountry>לא ידוע</ManufactureCountry>
      <ManufacturerItemDescription>ניקול רדיד אלומיניום</ManufacturerItemDescription>
      <UnitQty>לא ידוע</UnitQty>
      <Quantity>15.00</Quantity>
      <UnitOfMeasure>לא ידוע</UnitOfMeasure>
      <bIsWeighted>0</bIsWeighted>
      <QtyInPackage>לא ידוע</QtyInPackage>
      <ItemPrice>13.90</ItemPrice>
      <UnitOfMeasurePrice>0.9267</UnitOfMeasurePrice>
      <AllowDiscount>1</AllowDiscount>
      <ItemStatus>1</ItemStatus>
      <ItemId>139467</ItemId>
    </Item>
    <Item>
      <PriceUpdateDate>2025-08-20 13:15:47</PriceUpdateDate>
      <ItemCode>7290000197432</ItemCode>
      <ItemType>1</ItemType>
      <ItemName>ניקול שקיות אוכל זוג</ItemName>
      <ManufacturerName>קריות זול</ManufacturerName>
      <ManufactureCountry>לא ידוע</ManufactureCountry>
      <ManufacturerItemDescription>ניקול שקיות אוכל זוג</ManufacturerItemDescription>
      <UnitQty>לא ידוע</UnitQty>
      <Quantity>150.00</Quantity>
      <UnitOfMeasure>לא ידוע</UnitOfMeasure>
      <bIsWeighted>0</bIsWeighted>
      <QtyInPackage>לא ידוע</QtyInPackage>
      <ItemPrice>16.90</ItemPrice>
      <UnitOfMeasurePrice>0.1127</UnitOfMeasurePrice>
      <AllowDiscount>1</AllowDiscount>
      <ItemStatus>1</ItemStatus>
      <ItemId>139472</ItemId>
    </Item>
    <Item>
      <PriceUpdateDate>2025-08-20 13:15:47</PriceUpdateDate>
      <ItemCode>7290000197463</ItemCode>
      <ItemType>1</ItemType>
      <ItemName>האגיס פרידום דריי של</ItemName>
      <ManufacturerName>לא ידוע</ManufacturerName>
      <ManufactureCountry>לא ידוע</ManufactureCountry>
      <ManufacturerItemDescription>האגיס פרידום דריי של</ManufacturerItemDescription>
      <UnitQty>יחידה   </UnitQty>
      <Quantity>0.00</Quantity>
      <UnitOfMeasure>יחידה   </UnitOfMeasure>
      <bIsWeighted>0</bIsWeighted>
      <QtyInPackage>לא ידוע</QtyInPackage>
      <ItemPrice>44.90</ItemPrice>
      <UnitOfMeasurePrice>0.0000</UnitOfMeasurePrice>
      <AllowDiscount>1</AllowDiscount>
      <ItemStatus>1</ItemStatus>
      <ItemId>139474</ItemId>
    </Item>
    <Item>
      <PriceUpdateDate>2025-08-20 13:15:48</PriceUpdateDate>
      <ItemCode>7290000197470</ItemCode>
      <ItemType>1</ItemType>
      <ItemName>שקיות רב"ש להקפאה</ItemName>
      <ManufacturerName>קריות זול</ManufacturerName>
      <ManufactureCountry>לא ידוע</ManufactureCountry>
      <ManufacturerItemDescription>שקיות רב"ש להקפאה</ManufacturerItemDescription>
      <UnitQty>לא ידוע</UnitQty>
      <Quantity>50.00</Quantity>
      <UnitOfMeasure>לא ידוע</UnitOfMeasure>
      <bIsWeighted>0</bIsWeighted>
      <QtyInPackage>לא ידוע</QtyInPackage>
      <ItemPrice>16.90</ItemPrice>
      <UnitOfMeasurePrice>0.3380</UnitOfMeasurePrice>
      <AllowDiscount>1</AllowDiscount>
      <ItemStatus>1</ItemStatus>
      <ItemId>139475</ItemId>
    </Item>
    <Item>
      <PriceUpdateDate>2025-08-20 13:15:48</PriceUpdateDate>
      <ItemCode>7290000197548</ItemCode>
      <ItemType>1</ItemType>
      <ItemName>האגיס פרידום דריי של</ItemName>
      <ManufacturerName>לא ידוע</ManufacturerName>
      <ManufactureCountry>לא ידוע</ManufactureCountry>
      <ManufacturerItemDescription>האגיס פרידום דריי של</ManufacturerItemDescription>
      <UnitQty>יחידה   </UnitQty>
      <Quantity>0.00</Quantity>
      <UnitOfMeasure>יחידה   </UnitOfMeasure>
      <bIsWeighted>0</bIsWeighted>
      <QtyInPackage>לא ידוע</QtyInPackage>
      <ItemPrice>44.90</ItemPrice>
      <UnitOfMeasurePrice>0.0000</UnitOfMeasurePrice>
      <AllowDiscount>1</AllowDiscount>
      <ItemStatus>1</ItemStatus>
      <ItemId>139476</ItemId>
    </Item>
    <Item>
      <PriceUpdateDate>2025-08-20 13:15:48</PriceUpdateDate>
      <ItemCode>7290000197678</ItemCode>
      <ItemType>1</ItemType>
      <ItemName>האגיס פרידום דריי מי</ItemName>
      <ManufacturerName>לא ידוע</ManufacturerName>
      <ManufactureCountry>לא ידוע</ManufactureCountry>
      <ManufacturerItemDescription>האגיס פרידום דריי מי</ManufacturerItemDescription>
      <UnitQty>יחידה   </UnitQty>
      <Quantity>0.00</Quantity>
      <UnitOfMeasure>יחידה   </UnitOfMeasure>
      <bIsWeighted>0</bIsWeighted>
      <QtyInPackage>לא ידוע</QtyInPackage>
      <ItemPrice>44.90</ItemPrice>
      <UnitOfMeasurePrice>0.0000</UnitOfMeasurePrice>
      <AllowDiscount>1</AllowDiscount>
      <ItemStatus>1</ItemStatus>
      <ItemId>139478</ItemId>
    </Item>
    <Item>
      <PriceUpdateDate>2025-08-20 13:15:48</PriceUpdateDate>
      <ItemCode>7290000197753</ItemCode>
      <ItemType>1</ItemType>
      <ItemName>ניילונית זוג ניקול</ItemName>
      <ManufacturerName>קריות זול</ManufacturerName>
      <ManufactureCountry>לא ידוע</ManufactureCountry>
      <ManufacturerItemDescription>ניילונית זוג ניקול</ManufacturerItemDescription>
      <UnitQty>לא ידוע</UnitQty>
      <Quantity>60.00</Quantity>
      <UnitOfMeasure>לא ידוע</UnitOfMeasure>
      <bIsWeighted>0</bIsWeighted>
      <QtyInPackage>לא ידוע</QtyInPackage>
      <ItemPrice>13.90</ItemPrice>
      <UnitOfMeasurePrice>0.2317</UnitOfMeasurePrice>
      <AllowDiscount>1</AllowDiscount>
      <ItemStatus>1</ItemStatus>
      <ItemId>139480</ItemId>
    </Item>
    <Item>
      <PriceUpdateDate>2025-08-20 13:15:49</PriceUpdateDate>
      <ItemCode>7290000197982</ItemCode>
      <ItemType>1</ItemType>
      <ItemName>ניקול רדיד אלומיניום</ItemName>
      <ManufacturerName>לא ידוע</ManufacturerName>
      <ManufactureCountry>לא ידוע</ManufactureCountry>
      <ManufacturerItemDescription>ניקול רדיד אלומיניום</ManufacturerItemDescription>
      <UnitQty>לא ידוע</UnitQty>
      <Quantity>15.00</Quantity>
      <UnitOfMeasure>לא ידוע</UnitOfMeasure>
      <bIsWeighted>0</bIsWeighted>
      <QtyInPackage>לא ידוע</QtyInPackage>
      <ItemPrice>21.90</ItemPrice>
      <UnitOfMeasurePrice>1.4600</UnitOfMeasurePrice>
      <AllowDiscount>1</AllowDiscount>
      <ItemStatus>1</ItemStatus>
      <ItemId>139482</ItemId>
    </Item>
    <Item>
      <PriceUpdateDate>2025-08-20 13:15:49</PriceUpdateDate>
      <ItemCode>7290000197999</ItemCode>
      <ItemType>1</ItemType>
      <ItemName>ניקול רדיד אלומיניום</ItemName>
      <ManufacturerName>קריות זול</ManufacturerName>
      <ManufactureCountry>לא ידוע</ManufactureCountry>
      <ManufacturerItemDescription>ניקול רדיד אלומיניום</ManufacturerItemDescription>
      <UnitQty>יחידה   </UnitQty>
      <Quantity>0.00</Quantity>
      <UnitOfMeasure>יחידה   </UnitOfMeasure>
      <bIsWeighted>0</bIsWeighted>
      <QtyInPackage>לא ידוע</QtyInPackage>
      <ItemPrice>16.90</ItemPrice>
      <UnitOfMeasurePrice>0.0000</UnitOfMeasurePrice>
      <AllowDiscount>1</AllowDiscount>
      <ItemStatus>1</ItemStatus>
      <ItemId>139483</ItemId>
    </Item>
    <Item>
      <PriceUpdateDate>2025-08-20 13:15:51</PriceUpdateDate>
      <ItemCode>7290000204086</ItemCode>
      <ItemType>1</ItemType>
      <ItemName>כרית קרצוף ניקול 3 י</ItemName>
      <ManufacturerName>קריות זול</ManufacturerName>
      <ManufactureCountry>לא ידוע</ManufactureCountry>
      <ManufacturerItemDescription>כרית קרצוף ניקול 3 י</ManufacturerItemDescription>
      <UnitQty>יחידה   </UnitQty>
      <Quantity>0.00</Quantity>
      <UnitOfMeasure>יחידה   </UnitOfMeasure>
      <bIsWeighted>0</bIsWeighted>
      <QtyInPackage>לא ידוע</QtyInPackage>
      <ItemPrice>13.90</ItemPrice>
      <UnitOfMeasurePrice>0.0000</UnitOfMeasurePrice>
      <AllowDiscount>1</AllowDiscount>
      <ItemStatus>1</ItemStatus>
      <ItemId>139508</ItemId>
    </Item>
    <Item>
      <PriceUpdateDate>2025-08-20 13:15:51</PriceUpdateDate>
      <ItemCode>7290000204147</ItemCode>
      <ItemType>1</ItemType>
      <ItemName>כריות יפניות 2ב1 ניק</ItemName>
      <ManufacturerName>לא ידוע</ManufacturerName>
      <ManufactureCountry>לא ידוע</ManufactureCountry>
      <ManufacturerItemDescription>כריות יפניות 2ב1 ניק</ManufacturerItemDescription>
      <UnitQty>יחידה   </UnitQty>
      <Quantity>0.00</Quantity>
      <UnitOfMeasure>יחידה   </UnitOfMeasure>
      <bIsWeighted>0</bIsWeighted>
      <QtyInPackage>לא ידוע</QtyInPackage>
      <ItemPrice>13.90</ItemPrice>
      <UnitOfMeasurePrice>0.0000</UnitOfMeasurePrice>
      <AllowDiscount>1</AllowDiscount>
      <ItemStatus>1</ItemStatus>
      <ItemId>139509</ItemId>
    </Item>
    <Item>
      <PriceUpdateDate>2025-08-20 13:15:51</PriceUpdateDate>
      <ItemCode>7290000204215</ItemCode>
      <ItemType>1</ItemType>
      <ItemName>שישיית כריות יפניות</ItemName>
      <ManufacturerName>קריות זול</ManufacturerName>
      <ManufactureCountry>לא ידוע</ManufactureCountry>
      <ManufacturerItemDescription>שישיית כריות יפניות</ManufacturerItemDescription>
      <UnitQty>לא ידוע</UnitQty>
      <Quantity>4.00</Quantity>
      <UnitOfMeasure>לא ידוע</UnitOfMeasure>
      <bIsWeighted>0</bIsWeighted>
      <QtyInPackage>לא ידוע</QtyInPackage>
      <ItemPrice>14.90</ItemPrice>
      <UnitOfMeasurePrice>3.7250</UnitOfMeasurePrice>
      <AllowDiscount>1</AllowDiscount>
      <ItemStatus>1</ItemStatus>
      <ItemId>139511</ItemId>
    </Item>
    <Item>
      <PriceUpdateDate>2025-09-07 19:38:18</PriceUpdateDate>
      <ItemCode>7290017617572</ItemCode>
      <ItemType>1</ItemType>
      <ItemName>לאנץ בוקס איטריות או</ItemName>
      <ManufacturerName>לא ידוע</ManufacturerName>
      <ManufactureCountry>לא ידוע</ManufactureCountry>
      <ManufacturerItemDescription>לאנץ בוקס איטריות או</ManufacturerItemDescription>
      <UnitQty>לא ידוע</UnitQty>
      <Quantity>200.00</Quantity>
      <UnitOfMeasure>לא ידוע</UnitOfMeasure>
      <bIsWeighted>0</bIsWeighted>
      <QtyInPackage>לא ידוע</QtyInPackage>
      <ItemPrice>16.90</ItemPrice>
      <UnitOfMeasurePrice>0.0845</UnitOfMeasurePrice>
      <AllowDiscount>1</AllowDiscount>
      <ItemStatus>1</ItemStatus>
      <ItemId>247513</ItemId>
    </Item>
    <Item>
      <PriceUpdateDate>2025-08-20 13:15:51</PriceUpdateDate>
      <ItemCode>7290000204253</ItemCode>
      <ItemType>1</ItemType>
      <ItemName>מטלית רב שימושית ניק</ItemName>
      <ManufacturerName>קריות זול</ManufacturerName>
      <ManufactureCountry>לא ידוע</ManufactureCountry>
      <ManufacturerItemDescription>מטלית רב שימושית ניק</ManufacturerItemDescription>
      <UnitQty>לא ידוע</UnitQty>
      <Quantity>9.00</Quantity>
      <UnitOfMeasure>לא ידוע</UnitOfMeasure>
      <bIsWeighted>0</bIsWeighted>
      <QtyInPackage>לא ידוע</QtyInPackage>
      <ItemPrice>13.90</ItemPrice>
      <UnitOfMeasurePrice>1.5444</UnitOfMeasurePrice>
      <AllowDiscount>1</AllowDiscount>
      <ItemStatus>1</ItemStatus>
      <ItemId>139513</ItemId>
    </Item>
    <Item>
      <PriceUpdateDate>2025-09-07 10:42:42</PriceUpdateDate>
      <ItemCode>7290016197488</ItemCode>
      <ItemType>1</ItemType>
      <ItemName>מטלית קסם לשיש ניקול</ItemName>
      <ManufacturerName>לא ידוע</ManufacturerName>
      <ManufactureCountry>לא ידוע</ManufactureCountry>
      <ManufacturerItemDescription>מטלית קסם לשיש ניקול</ManufacturerItemDescription>
      <UnitQty>יחידה   </UnitQty>
      <Quantity>0.00</Quantity>
      <UnitOfMeasure>יחידה   </UnitOfMeasure>
      <bIsWeighted>0</bIsWeighted>
      <QtyInPackage>לא ידוע</QtyInPackage>
      <ItemPrice>14.90</ItemPrice>
      <UnitOfMeasurePrice>0.0000</UnitOfMeasurePrice>
      <AllowDiscount>1</AllowDiscount>
      <ItemStatus>1</ItemStatus>
      <ItemId>139558</ItemId>
    </Item>
    <Item>
      <PriceUpdateDate>2025-01-30 11:08:40</PriceUpdateDate>
      <ItemCode>7290016197495</ItemCode>
      <ItemType>1</ItemType>
      <ItemName>מטליות מיקרופייבר זו</ItemName>
      <ManufacturerName>לא ידוע</ManufacturerName>
      <ManufactureCountry>לא ידוע</ManufactureCountry>
      <ManufacturerItemDescription>מטליות מיקרופייבר זו</ManufacturerItemDescription>
      <UnitQty>יחידה   </UnitQty>
      <Quantity>0.00</Quantity>
      <UnitOfMeasure>יחידה   </UnitOfMeasure>
      <bIsWeighted>0</bIsWeighted>
      <QtyInPackage>לא ידוע</QtyInPackage>
      <ItemPrice>21.90</ItemPrice>
      <UnitOfMeasurePrice>0.0000</UnitOfMeasurePrice>
      <AllowDiscount>1</AllowDiscount>
      <ItemStatus>1</ItemStatus>
      <ItemId>139559</ItemId>
    </Item>
    <Item>
      <PriceUpdateDate>2025-09-07 10:42:42</PriceUpdateDate>
      <ItemCode>7290016197600</ItemCode>
      <ItemType>1</ItemType>
      <ItemName>תחבושות דיפנד נורמל</ItemName>
      <ManufacturerName>לא ידוע</ManufacturerName>
      <ManufactureCountry>לא ידוע</ManufactureCountry>
      <ManufacturerItemDescription>תחבושות דיפנד נורמל</ManufacturerItemDescription>
      <UnitQty>יחידה   </UnitQty>
      <Quantity>0.00</Quantity>
      <UnitOfMeasure>יחידה   </UnitOfMeasure>
      <bIsWeighted>0</bIsWeighted>
      <QtyInPackage>לא ידוע</QtyInPackage>
      <ItemPrice>22.90</ItemPrice>
      <UnitOfMeasurePrice>0.0000</UnitOfMeasurePrice>
      <AllowDiscount>1</AllowDiscount>
      <ItemStatus>1</ItemStatus>
      <ItemId>139560</ItemId>
    </Item>
    <Item>
      <PriceUpdateDate>2025-09-07 10:42:42</PriceUpdateDate>
      <ItemCode>7290016197617</ItemCode>
      <ItemType>1</ItemType>
      <ItemName>תחבושות דיפנד אקסטרה</ItemName>
      <ManufacturerName>לא ידוע</ManufacturerName>
      <ManufactureCountry>לא ידוע</ManufactureCountry>
      <ManufacturerItemDescription>תחבושות דיפנד אקסטרה</ManufacturerItemDescription>
      <UnitQty>יחידה   </UnitQty>
      <Quantity>0.00</Quantity>
      <UnitOfMeasure>יחידה   </UnitOfMeasure>
      <bIsWeighted>0</bIsWeighted>
      <QtyInPackage>לא ידוע</QtyInPackage>
      <ItemPrice>22.90</ItemPrice>
      <UnitOfMeasurePrice>0.0000</UnitOfMeasurePrice>
      <AllowDiscount>1</AllowDiscount>
      <ItemStatus>1</ItemStatus>
      <ItemId>139561</ItemId>
    </Item>
    <Item>
      <PriceUpdateDate>2025-09-07 10:42:42</PriceUpdateDate>
      <ItemCode>7290016197839</ItemCode>
      <ItemType>1</ItemType>
      <ItemName>השקית החזקה 20יח XL</ItemName>
      <ManufacturerName>לא ידוע</ManufacturerName>
      <ManufactureCountry>לא ידוע</ManufactureCountry>
      <ManufacturerItemDescription>השקית החזקה 20יח XL</ManufacturerItemDescription>
      <UnitQty>יחידה   </UnitQty>
      <Quantity>0.00</Quantity>
      <UnitOfMeasure>יחידה   </UnitOfMeasure>
      <bIsWeighted>0</bIsWeighted>
      <QtyInPackage>לא ידוע</QtyInPackage>
      <ItemPrice>24.90</ItemPrice>
      <UnitOfMeasurePrice>0.0000</UnitOfMeasurePrice>
      <AllowDiscount>1</AllowDiscount>
      <ItemStatus>1</ItemStatus>
      <ItemId>139564</ItemId>
    </Item>
    <Item>
      <PriceUpdateDate>2025-08-21 13:13:20</PriceUpdateDate>
      <ItemCode>7290002109969</ItemCode>
      <ItemType>1</ItemType>
      <ItemName>סרדין בשמן חמניות 12</ItemName>
      <ManufacturerName>לא ידוע</ManufacturerName>
      <ManufactureCountry>לא ידוע</ManufactureCountry>
      <ManufacturerItemDescription>סרדין בשמן חמניות 12</ManufacturerItemDescription>
      <UnitQty>לא ידוע</UnitQty>
      <Quantity>125.00</Quantity>
      <UnitOfMeasure>לא ידוע</UnitOfMeasure>
      <bIsWeighted>0</bIsWeighted>
      <QtyInPackage>לא ידוע</QtyInPackage>
      <ItemPrice>6.90</ItemPrice>
      <UnitOfMeasurePrice>0.0552</UnitOfMeasurePrice>
      <AllowDiscount>1</AllowDiscount>
      <ItemStatus>1</ItemStatus>
      <ItemId>250944</ItemId>
    </Item>
    <Item>
      <PriceUpdateDate>2025-09-08 07:54:47</PriceUpdateDate>
      <ItemCode>7290019673224</ItemCode>
      <ItemType>1</ItemType>
      <ItemName>דנטס תבניות אפיה מני</ItemName>
      <ManufacturerName>לא ידוע</ManufacturerName>
      <ManufactureCountry>לא ידוע</ManufactureCountry>
      <ManufacturerItemDescription>דנטס תבניות אפיה מני</ManufacturerItemDescription>
      <UnitQty>יחידה   </UnitQty>
      <Quantity>0.00</Quantity>
      <UnitOfMeasure>יחידה   </UnitOfMeasure>
      <bIsWeighted>0</bIsWeighted>
      <QtyInPackage>לא ידוע</QtyInPackage>
      <ItemPrice>12.90</ItemPrice>
      <UnitOfMeasurePrice>0.0000</UnitOfMeasurePrice>
      <AllowDiscount>1</AllowDiscount>
      <ItemStatus>1</ItemStatus>
      <ItemId>250887</ItemId>
    </Item>
    <Item>
      <PriceUpdateDate>2025-09-08 07:57:36</PriceUpdateDate>
      <ItemCode>8420822132475</ItemCode>
      <ItemType>1</ItemType>
      <ItemName>סופר קלינר KH 7 למטב</ItemName>
      <ManufacturerName>לא ידוע</ManufacturerName>
      <ManufactureCountry>לא ידוע</ManufactureCountry>
      <ManufacturerItemDescription>סופר קלינר KH 7 למטב</ManufacturerItemDescription>
      <UnitQty>לא ידוע</UnitQty>
      <Quantity>750.00</Quantity>
      <UnitOfMeasure>לא ידוע</UnitOfMeasure>
      <bIsWeighted>0</bIsWeighted>
      <QtyInPackage>לא ידוע</QtyInPackage>
      <ItemPrice>18.90</ItemPrice>
      <UnitOfMeasurePrice>0.0252</UnitOfMeasurePrice>
      <AllowDiscount>1</AllowDiscount>
      <ItemStatus>1</ItemStatus>
      <ItemId>249613</ItemId>
    </Item>
    <Item>
      <PriceUpdateDate>2025-09-08 07:57:52</PriceUpdateDate>
      <ItemCode>7290117387979</ItemCode>
      <ItemType>1</ItemType>
      <ItemName>מאסטר שף רוטב בוטנים</ItemName>
      <ManufacturerName>לא ידוע</ManufacturerName>
      <ManufactureCountry>לא ידוע</ManufactureCountry>
      <ManufacturerItemDescription>מאסטר שף רוטב בוטנים</ManufacturerItemDescription>
      <UnitQty>לא ידוע</UnitQty>
      <Quantity>427.00</Quantity>
      <UnitOfMeasure>לא ידוע</UnitOfMeasure>
      <bIsWeighted>0</bIsWeighted>
      <QtyInPackage>לא ידוע</QtyInPackage>
      <ItemPrice>17.90</ItemPrice>
      <UnitOfMeasurePrice>0.0419</UnitOfMeasurePrice>
      <AllowDiscount>1</AllowDiscount>
      <ItemStatus>1</ItemStatus>
      <ItemId>249491</ItemId>
    </Item>
    <Item>
      <PriceUpdateDate>2025-09-07 11:03:49</PriceUpdateDate>
      <ItemCode>8000380194261</ItemCode>
      <ItemType>1</ItemType>
      <ItemName>טורטינה תשיעיה 9*21</ItemName>
      <ManufacturerName>לא ידוע</ManufacturerName>
      <ManufactureCountry>לא ידוע</ManufactureCountry>
      <ManufacturerItemDescription>טורטינה תשיעיה 9*21</ManufacturerItemDescription>
      <UnitQty>לא ידוע</UnitQty>
      <Quantity>189.00</Quantity>
      <UnitOfMeasure>לא ידוע</UnitOfMeasure>
      <bIsWeighted>0</bIsWeighted>
      <QtyInPackage>לא ידוע</QtyInPackage>
      <ItemPrice>31.90</ItemPrice>
      <UnitOfMeasurePrice>0.1688</UnitOfMeasurePrice>
      <AllowDiscount>1</AllowDiscount>
      <ItemStatus>1</ItemStatus>
      <ItemId>248023</ItemId>
    </Item>
    <Item>
      <PriceUpdateDate>2025-09-04 07:48:24</PriceUpdateDate>
      <ItemCode>7290019790006</ItemCode>
      <ItemType>1</ItemType>
      <ItemName>שמנת לבישול 10% 250</ItemName>
      <ManufacturerName>לא ידוע</ManufacturerName>
      <ManufactureCountry>לא ידוע</ManufactureCountry>
      <ManufacturerItemDescription>שמנת לבישול 10% 250</ManufacturerItemDescription>
      <UnitQty>לא ידוע</UnitQty>
      <Quantity>250.00</Quantity>
      <UnitOfMeasure>לא ידוע</UnitOfMeasure>
      <bIsWeighted>0</bIsWeighted>
      <QtyInPackage>לא ידוע</QtyInPackage>
      <ItemPrice>10.90</ItemPrice>
      <UnitOfMeasurePrice>0.0436</UnitOfMeasurePrice>
      <AllowDiscount>1</AllowDiscount>
      <ItemStatus>1</ItemStatus>
      <ItemId>245155</ItemId>
    </Item>
    <Item>
      <PriceUpdateDate>2025-09-03 07:35:01</PriceUpdateDate>
      <ItemCode>7290017978420</ItemCode>
      <ItemType>1</ItemType>
      <ItemName>קרמבו מוקה 8 יח ריאו</ItemName>
      <ManufacturerName>לא ידוע</ManufacturerName>
      <ManufactureCountry>לא ידוע</ManufactureCountry>
      <ManufacturerItemDescription>קרמבו מוקה 8 יח ריאו</ManufacturerItemDescription>
      <UnitQty>יחידה   </UnitQty>
      <Quantity>0.00</Quantity>
      <UnitOfMeasure>יחידה   </UnitOfMeasure>
      <bIsWeighted>0</bIsWeighted>
      <QtyInPackage>לא ידוע</QtyInPackage>
      <ItemPrice>17.90</ItemPrice>
      <UnitOfMeasurePrice>0.0000</UnitOfMeasurePrice>
      <AllowDiscount>1</AllowDiscount>
      <ItemStatus>1</ItemStatus>
      <ItemId>245748</ItemId>
    </Item>
    <Item>
      <PriceUpdateDate>2025-08-26 10:33:44</PriceUpdateDate>
      <ItemCode>7290018989357</ItemCode>
      <ItemType>1</ItemType>
      <ItemName>שום כתוש בצנצנת 200</ItemName>
      <ManufacturerName>לא ידוע</ManufacturerName>
      <ManufactureCountry>לא ידוע</ManufactureCountry>
      <ManufacturerItemDescription>שום כתוש בצנצנת 200</ManufacturerItemDescription>
      <UnitQty>לא ידוע</UnitQty>
      <Quantity>200.00</Quantity>
      <UnitOfMeasure>לא ידוע</UnitOfMeasure>
      <bIsWeighted>0</bIsWeighted>
      <QtyInPackage>לא ידוע</QtyInPackage>
      <ItemPrice>16.90</ItemPrice>
      <UnitOfMeasurePrice>0.0845</UnitOfMeasurePrice>
      <AllowDiscount>1</AllowDiscount>
      <ItemStatus>1</ItemStatus>
      <ItemId>244657</ItemId>
    </Item>
    <Item>
      <PriceUpdateDate>2025-08-31 10:12:20</PriceUpdateDate>
      <ItemCode>7290110558284</ItemCode>
      <ItemType>1</ItemType>
      <ItemName>דנונה ביו מולטי 200</ItemName>
      <ManufacturerName>לא ידוע</ManufacturerName>
      <ManufactureCountry>לא ידוע</ManufactureCountry>
      <ManufacturerItemDescription>דנונה ביו מולטי 200</ManufacturerItemDescription>
      <UnitQty>לא ידוע</UnitQty>
      <Quantity>200.00</Quantity>
      <UnitOfMeasure>לא ידוע</UnitOfMeasure>
      <bIsWeighted>0</bIsWeighted>
      <QtyInPackage>לא ידוע</QtyInPackage>
      <ItemPrice>5.60</ItemPrice>
      <UnitOfMeasurePrice>0.0280</UnitOfMeasurePrice>
      <AllowDiscount>1</AllowDiscount>
      <ItemStatus>1</ItemStatus>
      <ItemId>238831</ItemId>
    </Item>
    <Item>
      <PriceUpdateDate>2025-08-26 12:48:18</PriceUpdateDate>
      <ItemCode>7290112004413</ItemCode>
      <ItemType>1</ItemType>
      <ItemName>וניש ספריי להסרת כתמ</ItemName>
      <ManufacturerName>לא ידוע</ManufacturerName>
      <ManufactureCountry>לא ידוע</ManufactureCountry>
      <ManufacturerItemDescription>וניש ספריי להסרת כתמ</ManufacturerItemDescription>
      <UnitQty>לא ידוע</UnitQty>
      <Quantity>750.00</Quantity>
      <UnitOfMeasure>לא ידוע</UnitOfMeasure>
      <bIsWeighted>0</bIsWeighted>
      <QtyInPackage>לא ידוע</QtyInPackage>
      <ItemPrice>20.90</ItemPrice>
      <UnitOfMeasurePrice>0.0279</UnitOfMeasurePrice>
      <AllowDiscount>1</AllowDiscount>
      <ItemStatus>1</ItemStatus>
      <ItemId>238031</ItemId>
    </Item>
    <Item>
      <PriceUpdateDate>2025-12-29 15:00:07</PriceUpdateDate>
      <ItemCode>7290015597937</ItemCode>
      <ItemType>1</ItemType>
      <ItemName>קורנטו קלאסי וניל 70</ItemName>
      <ManufacturerName>לא ידוע</ManufacturerName>
      <ManufactureCountry>לא ידוע</ManufactureCountry>
      <ManufacturerItemDescription>קורנטו קלאסי וניל 70</ManufacturerItemDescription>
      <UnitQty>לא ידוע</UnitQty>
      <Quantity>70.00</Quantity>
      <UnitOfMeasure>לא ידוע</UnitOfMeasure>
      <bIsWeighted>0</bIsWeighted>
      <QtyInPackage>לא ידוע</QtyInPackage>
      <ItemPrice>10.90</ItemPrice>
      <UnitOfMeasurePrice>0.1557</UnitOfMeasurePrice>
      <AllowDiscount>1</AllowDiscount>
      <ItemStatus>1</ItemStatus>
      <ItemId>241041</ItemId>
    </Item>
    <Item>
      <PriceUpdateDate>2025-08-27 11:49:20</PriceUpdateDate>
      <ItemCode>7290018237397</ItemCode>
      <ItemType>1</ItemType>
      <ItemName>פסטרמה מקורמלת מנתח</ItemName>
      <ManufacturerName>לא ידוע</ManufacturerName>
      <ManufactureCountry>לא ידוע</ManufactureCountry>
      <ManufacturerItemDescription>פסטרמה מקורמלת מנתח</ManufacturerItemDescription>
      <UnitQty>לא ידוע</UnitQty>
      <Quantity>300.00</Quantity>
      <UnitOfMeasure>לא ידוע</UnitOfMeasure>
      <bIsWeighted>0</bIsWeighted>
      <QtyInPackage>לא ידוע</QtyInPackage>
      <ItemPrice>33.90</ItemPrice>
      <UnitOfMeasurePrice>0.1130</UnitOfMeasurePrice>
      <AllowDiscount>1</AllowDiscount>
      <ItemStatus>1</ItemStatus>
      <ItemId>237977</ItemId>
    </Item>
    <Item>
      <PriceUpdateDate>2024-12-31 12:11:14</PriceUpdateDate>
      <ItemCode>7290000688374</ItemCode>
      <ItemType>1</ItemType>
      <ItemName>מי עדן בייבי שישיה 6</ItemName>
      <ManufacturerName>קריות זול</ManufacturerName>
      <ManufactureCountry>לא ידוע</ManufactureCountry>
      <ManufacturerItemDescription>מי עדן בייבי שישיה 6</ManufacturerItemDescription>
      <UnitQty>לא ידוע</UnitQty>
      <Quantity>1980.00</Quantity>
      <UnitOfMeasure>לא ידוע</UnitOfMeasure>
      <bIsWeighted>0</bIsWeighted>
      <QtyInPackage>לא ידוע</QtyInPackage>
      <ItemPrice>17.50</ItemPrice>
      <UnitOfMeasurePrice>0.0088</UnitOfMeasurePrice>
      <AllowDiscount>1</AllowDiscount>
      <ItemStatus>1</ItemStatus>
      <ItemId>139588</ItemId>
    </Item>
    <Item>
      <PriceUpdateDate>2025-09-04 08:55:28</PriceUpdateDate>
      <ItemCode>7290000688381</ItemCode>
      <ItemType>1</ItemType>
      <ItemName>מי עדן ספורט שישייה</ItemName>
      <ManufacturerName>קריות זול</ManufacturerName>
      <ManufactureCountry>לא ידוע</ManufactureCountry>
      <ManufacturerItemDescription>מי עדן ספורט שישייה</ManufacturerItemDescription>
      <UnitQty>לא ידוע</UnitQty>
      <Quantity>3000.00</Quantity>
      <UnitOfMeasure>לא ידוע</UnitOfMeasure>
      <bIsWeighted>0</bIsWeighted>
      <QtyInPackage>לא ידוע</QtyInPackage>
      <ItemPrice>16.50</ItemPrice>
      <UnitOfMeasurePrice>0.0055</UnitOfMeasurePrice>
      <AllowDiscount>1</AllowDiscount>
      <ItemStatus>1</ItemStatus>
      <ItemId>139589</ItemId>
    </Item>
    <Item>
      <PriceUpdateDate>2025-09-04 08:55:29</PriceUpdateDate>
      <ItemCode>7290000688503</ItemCode>
      <ItemType>1</ItemType>
      <ItemName>מי עדן ג'ים שישייה 6</ItemName>
      <ManufacturerName>קריות זול</ManufacturerName>
      <ManufactureCountry>לא ידוע</ManufactureCountry>
      <ManufacturerItemDescription>מי עדן ג'ים שישייה 6</ManufacturerItemDescription>
      <UnitQty>לא ידוע</UnitQty>
      <Quantity>4500.00</Quantity>
      <UnitOfMeasure>לא ידוע</UnitOfMeasure>
      <bIsWeighted>0</bIsWeighted>
      <QtyInPackage>לא ידוע</QtyInPackage>
      <ItemPrice>17.90</ItemPrice>
      <UnitOfMeasurePrice>0.0040</UnitOfMeasurePrice>
      <AllowDiscount>1</AllowDiscount>
      <ItemStatus>1</ItemStatus>
      <ItemId>139591</ItemId>
    </Item>
    <Item>
      <PriceUpdateDate>2025-09-04 11:57:00</PriceUpdateDate>
      <ItemCode>7290001247068</ItemCode>
      <ItemType>1</ItemType>
      <ItemName>ספרינג תות בננה קרטו</ItemName>
      <ManufacturerName>קריות זול</ManufacturerName>
      <ManufactureCountry>לא ידוע</ManufactureCountry>
      <ManufacturerItemDescription>ספרינג תות בננה קרטו</ManufacturerItemDescription>
      <UnitQty>לא ידוע</UnitQty>
      <Quantity>1000.00</Quantity>
      <UnitOfMeasure>לא ידוע</UnitOfMeasure>
      <bIsWeighted>0</bIsWeighted>
      <QtyInPackage>לא ידוע</QtyInPackage>
      <ItemPrice>8.90</ItemPrice>
      <UnitOfMeasurePrice>0.0089</UnitOfMeasurePrice>
      <AllowDiscount>1</AllowDiscount>
      <ItemStatus>1</ItemStatus>
      <ItemId>139606</ItemId>
    </Item>
    <Item>
      <PriceUpdateDate>2025-09-04 11:57:00</PriceUpdateDate>
      <ItemCode>7290001247082</ItemCode>
      <ItemType>1</ItemType>
      <ItemName>ספרינג עגבניות קרטונ</ItemName>
      <ManufacturerName>קריות זול</ManufacturerName>
      <ManufactureCountry>לא ידוע</ManufactureCountry>
      <ManufacturerItemDescription>ספרינג עגבניות קרטונ</ManufacturerItemDescription>
      <UnitQty>לא ידוע</UnitQty>
      <Quantity>1000.00</Quantity>
      <UnitOfMeasure>לא ידוע</UnitOfMeasure>
      <bIsWeighted>0</bIsWeighted>
      <QtyInPackage>לא ידוע</QtyInPackage>
      <ItemPrice>8.90</ItemPrice>
      <UnitOfMeasurePrice>0.0089</UnitOfMeasurePrice>
      <AllowDiscount>1</AllowDiscount>
      <ItemStatus>1</ItemStatus>
      <ItemId>139608</ItemId>
    </Item>
    <Item>
      <PriceUpdateDate>2025-09-04 11:57:00</PriceUpdateDate>
      <ItemCode>7290001247099</ItemCode>
      <ItemType>1</ItemType>
      <ItemName>ספרינג מנגו קרטונית</ItemName>
      <ManufacturerName>קריות זול</ManufacturerName>
      <ManufactureCountry>לא ידוע</ManufactureCountry>
      <ManufacturerItemDescription>ספרינג מנגו קרטונית</ManufacturerItemDescription>
      <UnitQty>לא ידוע</UnitQty>
      <Quantity>1000.00</Quantity>
      <UnitOfMeasure>לא ידוע</UnitOfMeasure>
      <bIsWeighted>0</bIsWeighted>
      <QtyInPackage>לא ידוע</QtyInPackage>
      <ItemPrice>8.90</ItemPrice>
      <UnitOfMeasurePrice>0.0089</UnitOfMeasurePrice>
      <AllowDiscount>1</AllowDiscount>
      <ItemStatus>1</ItemStatus>
      <ItemId>139609</ItemId>
    </Item>
    <Item>
      <PriceUpdateDate>2025-09-04 11:57:00</PriceUpdateDate>
      <ItemCode>7290001247105</ItemCode>
      <ItemType>1</ItemType>
      <ItemName>ספרינג נקטר אפרסק 1</ItemName>
      <ManufacturerName>קריות זול</ManufacturerName>
      <ManufactureCountry>לא ידוע</ManufactureCountry>
      <ManufacturerItemDescription>ספרינג נקטר אפרסק 1</ManufacturerItemDescription>
      <UnitQty>לא ידוע</UnitQty>
      <Quantity>1000.00</Quantity>
      <UnitOfMeasure>לא ידוע</UnitOfMeasure>
      <bIsWeighted>0</bIsWeighted>
      <QtyInPackage>לא ידוע</QtyInPackage>
      <ItemPrice>8.90</ItemPrice>
      <UnitOfMeasurePrice>0.0089</UnitOfMeasurePrice>
      <AllowDiscount>1</AllowDiscount>
      <ItemStatus>1</ItemStatus>
      <ItemId>139610</ItemId>
    </Item>
    <Item>
      <PriceUpdateDate>2025-09-04 12:05:17</PriceUpdateDate>
      <ItemCode>7290017323916</ItemCode>
      <ItemType>1</ItemType>
      <ItemName>אמרלד ריזלינג יין לב</ItemName>
      <ManufacturerName>לא ידוע</ManufacturerName>
      <ManufactureCountry>לא ידוע</ManufactureCountry>
      <ManufacturerItemDescription>אמרלד ריזלינג יין לב</ManufacturerItemDescription>
      <UnitQty>לא ידוע</UnitQty>
      <Quantity>750.00</Quantity>
      <UnitOfMeasure>לא ידוע</UnitOfMeasure>
      <bIsWeighted>0</bIsWeighted>
      <QtyInPackage>לא ידוע</QtyInPackage>
      <ItemPrice>31.90</ItemPrice>
      <UnitOfMeasurePrice>0.0425</UnitOfMeasurePrice>
      <AllowDiscount>1</AllowDiscount>
      <ItemStatus>1</ItemStatus>
      <ItemId>237582</ItemId>
    </Item>
    <Item>
      <PriceUpdateDate>2025-09-04 11:57:00</PriceUpdateDate>
      <ItemCode>7290001247112</ItemCode>
      <ItemType>1</ItemType>
      <ItemName>ספרינג לימונענע קרטו</ItemName>
      <ManufacturerName>קריות זול</ManufacturerName>
      <ManufactureCountry>לא ידוע</ManufactureCountry>
      <ManufacturerItemDescription>ספרינג לימונענע קרטו</ManufacturerItemDescription>
      <UnitQty>לא ידוע</UnitQty>
      <Quantity>1000.00</Quantity>
      <UnitOfMeasure>לא ידוע</UnitOfMeasure>
      <bIsWeighted>0</bIsWeighted>
      <QtyInPackage>לא ידוע</QtyInPackage>
      <ItemPrice>8.90</ItemPrice>
      <UnitOfMeasurePrice>0.0089</UnitOfMeasurePrice>
      <AllowDiscount>1</AllowDiscount>
      <ItemStatus>1</ItemStatus>
      <ItemId>139611</ItemId>
    </Item>
    <Item>
      <PriceUpdateDate>2025-09-04 11:57:01</PriceUpdateDate>
      <ItemCode>7290001247129</ItemCode>
      <ItemType>1</ItemType>
      <ItemName>ספרינג תפוז קרטונית</ItemName>
      <ManufacturerName>קריות זול</ManufacturerName>
      <ManufactureCountry>לא ידוע</ManufactureCountry>
      <ManufacturerItemDescription>ספרינג תפוז קרטונית</ManufacturerItemDescription>
      <UnitQty>לא ידוע</UnitQty>
      <Quantity>1000.00</Quantity>
      <UnitOfMeasure>לא ידוע</UnitOfMeasure>
      <bIsWeighted>0</bIsWeighted>
      <QtyInPackage>לא ידוע</QtyInPackage>
      <ItemPrice>8.90</ItemPrice>
      <UnitOfMeasurePrice>0.0089</UnitOfMeasurePrice>
      <AllowDiscount>1</AllowDiscount>
      <ItemStatus>1</ItemStatus>
      <ItemId>139612</ItemId>
    </Item>
    <Item>
      <PriceUpdateDate>2025-09-04 11:57:01</PriceUpdateDate>
      <ItemCode>7290001247143</ItemCode>
      <ItemType>1</ItemType>
      <ItemName>ספרינג תפוח קרטונית</ItemName>
      <ManufacturerName>קריות זול</ManufacturerName>
      <ManufactureCountry>לא ידוע</ManufactureCountry>
      <ManufacturerItemDescription>ספרינג תפוח קרטונית</ManufacturerItemDescription>
      <UnitQty>לא ידוע</UnitQty>
      <Quantity>1000.00</Quantity>
      <UnitOfMeasure>לא ידוע</UnitOfMeasure>
      <bIsWeighted>0</bIsWeighted>
      <QtyInPackage>לא ידוע</QtyInPackage>
      <ItemPrice>8.90</ItemPrice>
      <UnitOfMeasurePrice>0.0089</UnitOfMeasurePrice>
      <AllowDiscount>1</AllowDiscount>
      <ItemStatus>1</ItemStatus>
      <ItemId>139614</ItemId>
    </Item>
    <Item>
      <PriceUpdateDate>2025-09-04 12:05:17</PriceUpdateDate>
      <ItemCode>7290017324340</ItemCode>
      <ItemType>1</ItemType>
      <ItemName>יין רוזה חצי יבש 750</ItemName>
      <ManufacturerName>לא ידוע</ManufacturerName>
      <ManufactureCountry>לא ידוע</ManufactureCountry>
      <ManufacturerItemDescription>יין רוזה חצי יבש 750</ManufacturerItemDescription>
      <UnitQty>לא ידוע</UnitQty>
      <Quantity>750.00</Quantity>
      <UnitOfMeasure>לא ידוע</UnitOfMeasure>
      <bIsWeighted>0</bIsWeighted>
      <QtyInPackage>לא ידוע</QtyInPackage>
      <ItemPrice>31.90</ItemPrice>
      <UnitOfMeasurePrice>0.0425</UnitOfMeasurePrice>
      <AllowDiscount>1</AllowDiscount>
      <ItemStatus>1</ItemStatus>
      <ItemId>237583</ItemId>
    </Item>
    <Item>
      <PriceUpdateDate>2025-09-04 11:57:02</PriceUpdateDate>
      <ItemCode>7290008757034</ItemCode>
      <ItemType>1</ItemType>
      <ItemName>שוופס סודה 250 מ"ל ז</ItemName>
      <ManufacturerName>קריות זול</ManufacturerName>
      <ManufactureCountry>לא ידוע</ManufactureCountry>
      <ManufacturerItemDescription>שוופס סודה 250 מ"ל ז</ManufacturerItemDescription>
      <UnitQty>לא ידוע</UnitQty>
      <Quantity>250.00</Quantity>
      <UnitOfMeasure>לא ידוע</UnitOfMeasure>
      <bIsWeighted>0</bIsWeighted>
      <QtyInPackage>לא ידוע</QtyInPackage>
      <ItemPrice>5.20</ItemPrice>
      <UnitOfMeasurePrice>0.0208</UnitOfMeasurePrice>
      <AllowDiscount>1</AllowDiscount>
      <ItemStatus>1</ItemStatus>
      <ItemId>139668</ItemId>
    </Item>
    <Item>
      <PriceUpdateDate>2025-09-04 11:57:02</PriceUpdateDate>
      <ItemCode>7290008757980</ItemCode>
      <ItemType>1</ItemType>
      <ItemName>ספרינג רימונים 1 ליט</ItemName>
      <ManufacturerName>קריות זול</ManufacturerName>
      <ManufactureCountry>לא ידוע</ManufactureCountry>
      <ManufacturerItemDescription>ספרינג רימונים 1 ליט</ManufacturerItemDescription>
      <UnitQty>לא ידוע</UnitQty>
      <Quantity>1000.00</Quantity>
      <UnitOfMeasure>לא ידוע</UnitOfMeasure>
      <bIsWeighted>0</bIsWeighted>
      <QtyInPackage>לא ידוע</QtyInPackage>
      <ItemPrice>8.90</ItemPrice>
      <UnitOfMeasurePrice>0.0089</UnitOfMeasurePrice>
      <AllowDiscount>1</AllowDiscount>
      <ItemStatus>1</ItemStatus>
      <ItemId>139683</ItemId>
    </Item>
    <Item>
      <PriceUpdateDate>2025-09-04 11:41:17</PriceUpdateDate>
      <ItemCode>7290111566318</ItemCode>
      <ItemType>1</ItemType>
      <ItemName>טבעול שניצל דק מן הצ</ItemName>
      <ManufacturerName>לא ידוע</ManufacturerName>
      <ManufactureCountry>לא ידוע</ManufactureCountry>
      <ManufacturerItemDescription>טבעול שניצל דק מן הצ</ManufacturerItemDescription>
      <UnitQty>לא ידוע</UnitQty>
      <Quantity>564.00</Quantity>
      <UnitOfMeasure>לא ידוע</UnitOfMeasure>
      <bIsWeighted>0</bIsWeighted>
      <QtyInPackage>לא ידוע</QtyInPackage>
      <ItemPrice>40.90</ItemPrice>
      <UnitOfMeasurePrice>0.0725</UnitOfMeasurePrice>
      <AllowDiscount>1</AllowDiscount>
      <ItemStatus>1</ItemStatus>
      <ItemId>209757</ItemId>
    </Item>
    <Item>
      <PriceUpdateDate>2025-08-21 13:11:26</PriceUpdateDate>
      <ItemCode>7290001436790</ItemCode>
      <ItemType>1</ItemType>
      <ItemName>נקניקיות מרגז מיני א</ItemName>
      <ManufacturerName>לא ידוע</ManufacturerName>
      <ManufactureCountry>לא ידוע</ManufactureCountry>
      <ManufacturerItemDescription>נקניקיות מרגז מיני א</ManufacturerItemDescription>
      <UnitQty>לא ידוע</UnitQty>
      <Quantity>500.00</Quantity>
      <UnitOfMeasure>לא ידוע</UnitOfMeasure>
      <bIsWeighted>0</bIsWeighted>
      <QtyInPackage>לא ידוע</QtyInPackage>
      <ItemPrice>31.90</ItemPrice>
      <UnitOfMeasurePrice>0.0638</UnitOfMeasurePrice>
      <AllowDiscount>1</AllowDiscount>
      <ItemStatus>1</ItemStatus>
      <ItemId>206129</ItemId>
    </Item>
    <Item>
      <PriceUpdateDate>2025-08-26 16:06:16</PriceUpdateDate>
      <ItemCode>7613036105545</ItemCode>
      <ItemType>1</ItemType>
      <ItemName>דוגלי גזע קטן 3קג</ItemName>
      <ManufacturerName>לא ידוע</ManufacturerName>
      <ManufactureCountry>לא ידוע</ManufactureCountry>
      <ManufacturerItemDescription>דוגלי גזע קטן 3קג</ManufacturerItemDescription>
      <UnitQty>קילוגרמים</UnitQty>
      <Quantity>3.00</Quantity>
      <UnitOfMeasure>ק"ג     </UnitOfMeasure>
      <bIsWeighted>0</bIsWeighted>
      <QtyInPackage>לא ידוע</QtyInPackage>
      <ItemPrice>62.90</ItemPrice>
      <UnitOfMeasurePrice>20.9667</UnitOfMeasurePrice>
      <AllowDiscount>1</AllowDiscount>
      <ItemStatus>1</ItemStatus>
      <ItemId>208573</ItemId>
    </Item>
    <Item>
      <PriceUpdateDate>2025-08-26 16:06:16</PriceUpdateDate>
      <ItemCode>7613036105651</ItemCode>
      <ItemType>1</ItemType>
      <ItemName>דוגלי בוגר בקר 12קג</ItemName>
      <ManufacturerName>לא ידוע</ManufacturerName>
      <ManufactureCountry>לא ידוע</ManufactureCountry>
      <ManufacturerItemDescription>דוגלי בוגר בקר 12קג</ManufacturerItemDescription>
      <UnitQty>קילוגרמים</UnitQty>
      <Quantity>12.00</Quantity>
      <UnitOfMeasure>ק"ג     </UnitOfMeasure>
      <bIsWeighted>0</bIsWeighted>
      <QtyInPackage>לא ידוע</QtyInPackage>
      <ItemPrice>139.90</ItemPrice>
      <UnitOfMeasurePrice>11.6583</UnitOfMeasurePrice>
      <AllowDiscount>1</AllowDiscount>
      <ItemStatus>1</ItemStatus>
      <ItemId>208576</ItemId>
    </Item>
    <Item>
      <PriceUpdateDate>2025-08-20 13:16:19</PriceUpdateDate>
      <ItemCode>7290000110844</ItemCode>
      <ItemType>1</ItemType>
      <ItemName>כיפלי גריל תלמה 70גר</ItemName>
      <ManufacturerName>קריות זול</ManufacturerName>
      <ManufactureCountry>לא ידוע</ManufactureCountry>
      <ManufacturerItemDescription>כיפלי גריל תלמה 70גר</ManufacturerItemDescription>
      <UnitQty>לא ידוע</UnitQty>
      <Quantity>70.00</Quantity>
      <UnitOfMeasure>לא ידוע</UnitOfMeasure>
      <bIsWeighted>0</bIsWeighted>
      <QtyInPackage>לא ידוע</QtyInPackage>
      <ItemPrice>7.90</ItemPrice>
      <UnitOfMeasurePrice>0.1129</UnitOfMeasurePrice>
      <AllowDiscount>1</AllowDiscount>
      <ItemStatus>1</ItemStatus>
      <ItemId>139909</ItemId>
    </Item>
    <Item>
      <PriceUpdateDate>2025-08-20 13:16:19</PriceUpdateDate>
      <ItemCode>7290000111186</ItemCode>
      <ItemType>1</ItemType>
      <ItemName>מיונז אמיתי תלמה 500</ItemName>
      <ManufacturerName>קריות זול</ManufacturerName>
      <ManufactureCountry>לא ידוע</ManufactureCountry>
      <ManufacturerItemDescription>מיונז אמיתי תלמה 500</ManufacturerItemDescription>
      <UnitQty>לא ידוע</UnitQty>
      <Quantity>500.00</Quantity>
      <UnitOfMeasure>לא ידוע</UnitOfMeasure>
      <bIsWeighted>0</bIsWeighted>
      <QtyInPackage>לא ידוע</QtyInPackage>
      <ItemPrice>12.90</ItemPrice>
      <UnitOfMeasurePrice>0.0258</UnitOfMeasurePrice>
      <AllowDiscount>1</AllowDiscount>
      <ItemStatus>1</ItemStatus>
      <ItemId>139914</ItemId>
    </Item>
    <Item>
      <PriceUpdateDate>2025-08-20 13:16:20</PriceUpdateDate>
      <ItemCode>7290000111384</ItemCode>
      <ItemType>1</ItemType>
      <ItemName>חרדל צנצנת תלמה 550ג</ItemName>
      <ManufacturerName>קריות זול</ManufacturerName>
      <ManufactureCountry>לא ידוע</ManufactureCountry>
      <ManufacturerItemDescription>חרדל צנצנת תלמה 550ג</ManufacturerItemDescription>
      <UnitQty>לא ידוע</UnitQty>
      <Quantity>550.00</Quantity>
      <UnitOfMeasure>לא ידוע</UnitOfMeasure>
      <bIsWeighted>0</bIsWeighted>
      <QtyInPackage>לא ידוע</QtyInPackage>
      <ItemPrice>14.90</ItemPrice>
      <UnitOfMeasurePrice>0.0271</UnitOfMeasurePrice>
      <AllowDiscount>1</AllowDiscount>
      <ItemStatus>1</ItemStatus>
      <ItemId>139918</ItemId>
    </Item>
    <Item>
      <PriceUpdateDate>2025-09-02 11:44:17</PriceUpdateDate>
      <ItemCode>7613036105606</ItemCode>
      <ItemType>1</ItemType>
      <ItemName>דוגלי בוגר בקר 3ק"ג</ItemName>
      <ManufacturerName>לא ידוע</ManufacturerName>
      <ManufactureCountry>לא ידוע</ManufactureCountry>
      <ManufacturerItemDescription>דוגלי בוגר בקר 3ק"ג</ManufacturerItemDescription>
      <UnitQty>קילוגרמים</UnitQty>
      <Quantity>3.00</Quantity>
      <UnitOfMeasure>ק"ג     </UnitOfMeasure>
      <bIsWeighted>0</bIsWeighted>
      <QtyInPackage>לא ידוע</QtyInPackage>
      <ItemPrice>58.90</ItemPrice>
      <UnitOfMeasurePrice>19.6333</UnitOfMeasurePrice>
      <AllowDiscount>1</AllowDiscount>
      <ItemStatus>1</ItemStatus>
      <ItemId>208578</ItemId>
    </Item>
    <Item>
      <PriceUpdateDate>2025-08-20 13:16:20</PriceUpdateDate>
      <ItemCode>7290000112503</ItemCode>
      <ItemType>1</ItemType>
      <ItemName>מרק עשיר ירקות קנור</ItemName>
      <ManufacturerName>קריות זול</ManufacturerName>
      <ManufactureCountry>לא ידוע</ManufactureCountry>
      <ManufacturerItemDescription>מרק עשיר ירקות קנור</ManufacturerItemDescription>
      <UnitQty>לא ידוע</UnitQty>
      <Quantity>61.00</Quantity>
      <UnitOfMeasure>לא ידוע</UnitOfMeasure>
      <bIsWeighted>0</bIsWeighted>
      <QtyInPackage>לא ידוע</QtyInPackage>
      <ItemPrice>14.90</ItemPrice>
      <UnitOfMeasurePrice>0.2443</UnitOfMeasurePrice>
      <AllowDiscount>1</AllowDiscount>
      <ItemStatus>1</ItemStatus>
      <ItemId>139926</ItemId>
    </Item>
    <Item>
      <PriceUpdateDate>2025-08-20 13:16:20</PriceUpdateDate>
      <ItemCode>7290000112619</ItemCode>
      <ItemType>1</ItemType>
      <ItemName>אבקת מרק עוף אמיתי ב</ItemName>
      <ManufacturerName>קריות זול</ManufacturerName>
      <ManufactureCountry>לא ידוע</ManufactureCountry>
      <ManufacturerItemDescription>אבקת מרק עוף אמיתי ב</ManufacturerItemDescription>
      <UnitQty>לא ידוע</UnitQty>
      <Quantity>400.00</Quantity>
      <UnitOfMeasure>לא ידוע</UnitOfMeasure>
      <bIsWeighted>0</bIsWeighted>
      <QtyInPackage>לא ידוע</QtyInPackage>
      <ItemPrice>27.90</ItemPrice>
      <UnitOfMeasurePrice>0.0697</UnitOfMeasurePrice>
      <AllowDiscount>1</AllowDiscount>
      <ItemStatus>1</ItemStatus>
      <ItemId>139929</ItemId>
    </Item>
    <Item>
      <PriceUpdateDate>2025-08-20 13:16:21</PriceUpdateDate>
      <ItemCode>7290000113180</ItemCode>
      <ItemType>1</ItemType>
      <ItemName>כפלי ציפס בד"צ 50גר</ItemName>
      <ManufacturerName>קריות זול</ManufacturerName>
      <ManufactureCountry>לא ידוע</ManufactureCountry>
      <ManufacturerItemDescription>כפלי ציפס בד"צ 50גר</ManufacturerItemDescription>
      <UnitQty>לא ידוע</UnitQty>
      <Quantity>50.00</Quantity>
      <UnitOfMeasure>לא ידוע</UnitOfMeasure>
      <bIsWeighted>0</bIsWeighted>
      <QtyInPackage>לא ידוע</QtyInPackage>
      <ItemPrice>7.90</ItemPrice>
      <UnitOfMeasurePrice>0.1580</UnitOfMeasurePrice>
      <AllowDiscount>1</AllowDiscount>
      <ItemStatus>1</ItemStatus>
      <ItemId>139939</ItemId>
    </Item>
    <Item>
      <PriceUpdateDate>2025-08-20 13:16:21</PriceUpdateDate>
      <ItemCode>7290000113203</ItemCode>
      <ItemType>1</ItemType>
      <ItemName>כיפלי ציפס קטשופ 50ג</ItemName>
      <ManufacturerName>קריות זול</ManufacturerName>
      <ManufactureCountry>לא ידוע</ManufactureCountry>
      <ManufacturerItemDescription>כיפלי ציפס קטשופ 50ג</ManufacturerItemDescription>
      <UnitQty>לא ידוע</UnitQty>
      <Quantity>50.00</Quantity>
      <UnitOfMeasure>לא ידוע</UnitOfMeasure>
      <bIsWeighted>0</bIsWeighted>
      <QtyInPackage>לא ידוע</QtyInPackage>
      <ItemPrice>7.90</ItemPrice>
      <UnitOfMeasurePrice>0.1580</UnitOfMeasurePrice>
      <AllowDiscount>1</AllowDiscount>
      <ItemStatus>1</ItemStatus>
      <ItemId>139941</ItemId>
    </Item>
    <Item>
      <PriceUpdateDate>2025-12-03 08:27:08</PriceUpdateDate>
      <ItemCode>7290000116204</ItemCode>
      <ItemType>1</ItemType>
      <ItemName>מרק דגש זך בטעם עוף</ItemName>
      <ManufacturerName>קריות זול</ManufacturerName>
      <ManufactureCountry>לא ידוע</ManufactureCountry>
      <ManufacturerItemDescription>מרק דגש זך בטעם עוף</ManufacturerItemDescription>
      <UnitQty>לא ידוע</UnitQty>
      <Quantity>1000.00</Quantity>
      <UnitOfMeasure>לא ידוע</UnitOfMeasure>
      <bIsWeighted>0</bIsWeighted>
      <QtyInPackage>לא ידוע</QtyInPackage>
      <ItemPrice>22.90</ItemPrice>
      <UnitOfMeasurePrice>0.0229</UnitOfMeasurePrice>
      <AllowDiscount>1</AllowDiscount>
      <ItemStatus>1</ItemStatus>
      <ItemId>139969</ItemId>
    </Item>
    <Item>
      <PriceUpdateDate>2025-08-20 13:16:21</PriceUpdateDate>
      <ItemCode>7290000116884</ItemCode>
      <ItemType>1</ItemType>
      <ItemName>רוטב ברביקיו קנור 30</ItemName>
      <ManufacturerName>קריות זול</ManufacturerName>
      <ManufactureCountry>לא ידוע</ManufactureCountry>
      <ManufacturerItemDescription>רוטב ברביקיו קנור 30</ManufacturerItemDescription>
      <UnitQty>לא ידוע</UnitQty>
      <Quantity>300.00</Quantity>
      <UnitOfMeasure>לא ידוע</UnitOfMeasure>
      <bIsWeighted>0</bIsWeighted>
      <QtyInPackage>לא ידוע</QtyInPackage>
      <ItemPrice>17.90</ItemPrice>
      <UnitOfMeasurePrice>0.0597</UnitOfMeasurePrice>
      <AllowDiscount>1</AllowDiscount>
      <ItemStatus>1</ItemStatus>
      <ItemId>139971</ItemId>
    </Item>
    <Item>
      <PriceUpdateDate>2025-12-03 08:27:08</PriceUpdateDate>
      <ItemCode>7290000116945</ItemCode>
      <ItemType>1</ItemType>
      <ItemName>רוטב סויה קנור 300מל</ItemName>
      <ManufacturerName>קריות זול</ManufacturerName>
      <ManufactureCountry>לא ידוע</ManufactureCountry>
      <ManufacturerItemDescription>רוטב סויה קנור 300מל</ManufacturerItemDescription>
      <UnitQty>לא ידוע</UnitQty>
      <Quantity>300.00</Quantity>
      <UnitOfMeasure>לא ידוע</UnitOfMeasure>
      <bIsWeighted>0</bIsWeighted>
      <QtyInPackage>לא ידוע</QtyInPackage>
      <ItemPrice>16.90</ItemPrice>
      <UnitOfMeasurePrice>0.0563</UnitOfMeasurePrice>
      <AllowDiscount>1</AllowDiscount>
      <ItemStatus>1</ItemStatus>
      <ItemId>139973</ItemId>
    </Item>
    <Item>
      <PriceUpdateDate>2025-08-20 13:16:22</PriceUpdateDate>
      <ItemCode>7290000117171</ItemCode>
      <ItemType>1</ItemType>
      <ItemName>נמס בכוס קנור 10*10</ItemName>
      <ManufacturerName>קריות זול</ManufacturerName>
      <ManufactureCountry>לא ידוע</ManufactureCountry>
      <ManufacturerItemDescription>נמס בכוס קנור 10*10</ManufacturerItemDescription>
      <UnitQty>לא ידוע</UnitQty>
      <Quantity>46.00</Quantity>
      <UnitOfMeasure>לא ידוע</UnitOfMeasure>
      <bIsWeighted>0</bIsWeighted>
      <QtyInPackage>לא ידוע</QtyInPackage>
      <ItemPrice>11.90</ItemPrice>
      <UnitOfMeasurePrice>0.2587</UnitOfMeasurePrice>
      <AllowDiscount>1</AllowDiscount>
      <ItemStatus>1</ItemStatus>
      <ItemId>139976</ItemId>
    </Item>
    <Item>
      <PriceUpdateDate>2025-05-28 12:53:57</PriceUpdateDate>
      <ItemCode>7290000117720</ItemCode>
      <ItemType>1</ItemType>
      <ItemName>נמס בכוס קנור פטריות</ItemName>
      <ManufacturerName>קריות זול</ManufacturerName>
      <ManufactureCountry>לא ידוע</ManufactureCountry>
      <ManufacturerItemDescription>נמס בכוס קנור פטריות</ManufacturerItemDescription>
      <UnitQty>לא ידוע</UnitQty>
      <Quantity>43.00</Quantity>
      <UnitOfMeasure>לא ידוע</UnitOfMeasure>
      <bIsWeighted>0</bIsWeighted>
      <QtyInPackage>לא ידוע</QtyInPackage>
      <ItemPrice>9.90</ItemPrice>
      <UnitOfMeasurePrice>0.2302</UnitOfMeasurePrice>
      <AllowDiscount>1</AllowDiscount>
      <ItemStatus>1</ItemStatus>
      <ItemId>139982</ItemId>
    </Item>
    <Item>
      <PriceUpdateDate>2025-08-20 13:16:22</PriceUpdateDate>
      <ItemCode>7290000120836</ItemCode>
      <ItemType>1</ItemType>
      <ItemName>מיונז הלמנס 394 גר</ItemName>
      <ManufacturerName>קריות זול</ManufacturerName>
      <ManufactureCountry>לא ידוע</ManufactureCountry>
      <ManufacturerItemDescription>מיונז הלמנס 394 גר</ManufacturerItemDescription>
      <UnitQty>לא ידוע</UnitQty>
      <Quantity>394.00</Quantity>
      <UnitOfMeasure>לא ידוע</UnitOfMeasure>
      <bIsWeighted>0</bIsWeighted>
      <QtyInPackage>לא ידוע</QtyInPackage>
      <ItemPrice>17.90</ItemPrice>
      <UnitOfMeasurePrice>0.0454</UnitOfMeasurePrice>
      <AllowDiscount>1</AllowDiscount>
      <ItemStatus>1</ItemStatus>
      <ItemId>140001</ItemId>
    </Item>
    <Item>
      <PriceUpdateDate>2025-08-20 13:16:22</PriceUpdateDate>
      <ItemCode>7290000120874</ItemCode>
      <ItemType>1</ItemType>
      <ItemName>מיונז הלמנס לייט 424</ItemName>
      <ManufacturerName>קריות זול</ManufacturerName>
      <ManufactureCountry>לא ידוע</ManufactureCountry>
      <ManufacturerItemDescription>מיונז הלמנס לייט 424</ManufacturerItemDescription>
      <UnitQty>לא ידוע</UnitQty>
      <Quantity>424.00</Quantity>
      <UnitOfMeasure>לא ידוע</UnitOfMeasure>
      <bIsWeighted>0</bIsWeighted>
      <QtyInPackage>לא ידוע</QtyInPackage>
      <ItemPrice>17.90</ItemPrice>
      <UnitOfMeasurePrice>0.0422</UnitOfMeasurePrice>
      <AllowDiscount>1</AllowDiscount>
      <ItemStatus>1</ItemStatus>
      <ItemId>140002</ItemId>
    </Item>
    <Item>
      <PriceUpdateDate>2025-09-14 13:05:20</PriceUpdateDate>
      <ItemCode>726529408553</ItemCode>
      <ItemType>1</ItemType>
      <ItemName>מארז פרנה בטעמים 3 י</ItemName>
      <ManufacturerName>לא ידוע</ManufacturerName>
      <ManufactureCountry>לא ידוע</ManufactureCountry>
      <ManufacturerItemDescription>מארז פרנה בטעמים 3 י</ManufacturerItemDescription>
      <UnitQty>לא ידוע</UnitQty>
      <Quantity>300.00</Quantity>
      <UnitOfMeasure>לא ידוע</UnitOfMeasure>
      <bIsWeighted>0</bIsWeighted>
      <QtyInPackage>לא ידוע</QtyInPackage>
      <ItemPrice>19.90</ItemPrice>
      <UnitOfMeasurePrice>0.0663</UnitOfMeasurePrice>
      <AllowDiscount>1</AllowDiscount>
      <ItemStatus>1</ItemStatus>
      <ItemId>255885</ItemId>
    </Item>
    <Item>
      <PriceUpdateDate>2025-09-08 07:58:49</PriceUpdateDate>
      <ItemCode>7290120662933</ItemCode>
      <ItemType>1</ItemType>
      <ItemName>רובה מים סוכריות- 12</ItemName>
      <ManufacturerName>לא ידוע</ManufacturerName>
      <ManufactureCountry>לא ידוע</ManufactureCountry>
      <ManufacturerItemDescription>רובה מים סוכריות- 12</ManufacturerItemDescription>
      <UnitQty>יחידה   </UnitQty>
      <Quantity>0.00</Quantity>
      <UnitOfMeasure>יחידה   </UnitOfMeasure>
      <bIsWeighted>0</bIsWeighted>
      <QtyInPackage>לא ידוע</QtyInPackage>
      <ItemPrice>9.50</ItemPrice>
      <UnitOfMeasurePrice>0.0000</UnitOfMeasurePrice>
      <AllowDiscount>1</AllowDiscount>
      <ItemStatus>1</ItemStatus>
      <ItemId>255218</ItemId>
    </Item>
    <Item>
      <PriceUpdateDate>2025-08-20 13:16:24</PriceUpdateDate>
      <ItemCode>7290000168173</ItemCode>
      <ItemType>1</ItemType>
      <ItemName>ברנפלקס קרנצ׳ים תלמה</ItemName>
      <ManufacturerName>לא ידוע</ManufacturerName>
      <ManufactureCountry>לא ידוע</ManufactureCountry>
      <ManufacturerItemDescription>ברנפלקס קרנצ׳ים תלמה</ManufacturerItemDescription>
      <UnitQty>לא ידוע</UnitQty>
      <Quantity>375.00</Quantity>
      <UnitOfMeasure>לא ידוע</UnitOfMeasure>
      <bIsWeighted>0</bIsWeighted>
      <QtyInPackage>לא ידוע</QtyInPackage>
      <ItemPrice>29.90</ItemPrice>
      <UnitOfMeasurePrice>0.0797</UnitOfMeasurePrice>
      <AllowDiscount>1</AllowDiscount>
      <ItemStatus>1</ItemStatus>
      <ItemId>140279</ItemId>
    </Item>
    <Item>
      <PriceUpdateDate>2025-05-28 12:53:58</PriceUpdateDate>
      <ItemCode>7290000169538</ItemCode>
      <ItemType>1</ItemType>
      <ItemName>נמס בכוס קנור עגבניו</ItemName>
      <ManufacturerName>לא ידוע</ManufacturerName>
      <ManufactureCountry>לא ידוע</ManufactureCountry>
      <ManufacturerItemDescription>נמס בכוס קנור עגבניו</ManufacturerItemDescription>
      <UnitQty>לא ידוע</UnitQty>
      <Quantity>62.00</Quantity>
      <UnitOfMeasure>לא ידוע</UnitOfMeasure>
      <bIsWeighted>0</bIsWeighted>
      <QtyInPackage>לא ידוע</QtyInPackage>
      <ItemPrice>9.90</ItemPrice>
      <UnitOfMeasurePrice>0.1597</UnitOfMeasurePrice>
      <AllowDiscount>1</AllowDiscount>
      <ItemStatus>1</ItemStatus>
      <ItemId>140318</ItemId>
    </Item>
    <Item>
      <PriceUpdateDate>2025-08-20 13:16:24</PriceUpdateDate>
      <ItemCode>7290000169798</ItemCode>
      <ItemType>1</ItemType>
      <ItemName>עוגי תלמה 500 גרם</ItemName>
      <ManufacturerName>לא ידוע</ManufacturerName>
      <ManufactureCountry>לא ידוע</ManufactureCountry>
      <ManufacturerItemDescription>עוגי תלמה 500 גרם</ManufacturerItemDescription>
      <UnitQty>לא ידוע</UnitQty>
      <Quantity>500.00</Quantity>
      <UnitOfMeasure>לא ידוע</UnitOfMeasure>
      <bIsWeighted>0</bIsWeighted>
      <QtyInPackage>לא ידוע</QtyInPackage>
      <ItemPrice>26.90</ItemPrice>
      <UnitOfMeasurePrice>0.0538</UnitOfMeasurePrice>
      <AllowDiscount>1</AllowDiscount>
      <ItemStatus>1</ItemStatus>
      <ItemId>140324</ItemId>
    </Item>
    <Item>
      <PriceUpdateDate>2025-08-20 13:16:25</PriceUpdateDate>
      <ItemCode>7290000339191</ItemCode>
      <ItemType>1</ItemType>
      <ItemName>אבקת הלבנה רן 350גר</ItemName>
      <ManufacturerName>קריות זול</ManufacturerName>
      <ManufactureCountry>לא ידוע</ManufactureCountry>
      <ManufacturerItemDescription>אבקת הלבנה רן 350גר</ManufacturerItemDescription>
      <UnitQty>לא ידוע</UnitQty>
      <Quantity>350.00</Quantity>
      <UnitOfMeasure>לא ידוע</UnitOfMeasure>
      <bIsWeighted>0</bIsWeighted>
      <QtyInPackage>לא ידוע</QtyInPackage>
      <ItemPrice>26.90</ItemPrice>
      <UnitOfMeasurePrice>0.0769</UnitOfMeasurePrice>
      <AllowDiscount>1</AllowDiscount>
      <ItemStatus>1</ItemStatus>
      <ItemId>140372</ItemId>
    </Item>
    <Item>
      <PriceUpdateDate>2025-08-20 13:16:25</PriceUpdateDate>
      <ItemCode>7290000339566</ItemCode>
      <ItemType>1</ItemType>
      <ItemName>בדין ורוד מרכך כביסה</ItemName>
      <ManufacturerName>קריות זול</ManufacturerName>
      <ManufactureCountry>לא ידוע</ManufactureCountry>
      <ManufacturerItemDescription>בדין ורוד מרכך כביסה</ManufacturerItemDescription>
      <UnitQty>ליטרים</UnitQty>
      <Quantity>4.00</Quantity>
      <UnitOfMeasure>ליטר    </UnitOfMeasure>
      <bIsWeighted>0</bIsWeighted>
      <QtyInPackage>לא ידוע</QtyInPackage>
      <ItemPrice>28.90</ItemPrice>
      <UnitOfMeasurePrice>7.2250</UnitOfMeasurePrice>
      <AllowDiscount>1</AllowDiscount>
      <ItemStatus>1</ItemStatus>
      <ItemId>140373</ItemId>
    </Item>
    <Item>
      <PriceUpdateDate>2025-08-20 13:16:26</PriceUpdateDate>
      <ItemCode>7290000461625</ItemCode>
      <ItemType>1</ItemType>
      <ItemName>בייגלה שמיניות מלוחו</ItemName>
      <ManufacturerName>קריות זול</ManufacturerName>
      <ManufactureCountry>לא ידוע</ManufactureCountry>
      <ManufacturerItemDescription>בייגלה שמיניות מלוחו</ManufacturerItemDescription>
      <UnitQty>לא ידוע</UnitQty>
      <Quantity>400.00</Quantity>
      <UnitOfMeasure>לא ידוע</UnitOfMeasure>
      <bIsWeighted>0</bIsWeighted>
      <QtyInPackage>לא ידוע</QtyInPackage>
      <ItemPrice>15.90</ItemPrice>
      <UnitOfMeasurePrice>0.0398</UnitOfMeasurePrice>
      <AllowDiscount>1</AllowDiscount>
      <ItemStatus>1</ItemStatus>
      <ItemId>140389</ItemId>
    </Item>
    <Item>
      <PriceUpdateDate>2025-08-20 13:16:26</PriceUpdateDate>
      <ItemCode>7290000461656</ItemCode>
      <ItemType>1</ItemType>
      <ItemName>בייגלה מקלות 400גר</ItemName>
      <ManufacturerName>קריות זול</ManufacturerName>
      <ManufactureCountry>לא ידוע</ManufactureCountry>
      <ManufacturerItemDescription>בייגלה מקלות 400גר</ManufacturerItemDescription>
      <UnitQty>לא ידוע</UnitQty>
      <Quantity>400.00</Quantity>
      <UnitOfMeasure>לא ידוע</UnitOfMeasure>
      <bIsWeighted>0</bIsWeighted>
      <QtyInPackage>לא ידוע</QtyInPackage>
      <ItemPrice>15.90</ItemPrice>
      <UnitOfMeasurePrice>0.0398</UnitOfMeasurePrice>
      <AllowDiscount>1</AllowDiscount>
      <ItemStatus>1</ItemStatus>
      <ItemId>140391</ItemId>
    </Item>
    <Item>
      <PriceUpdateDate>2025-08-20 13:16:26</PriceUpdateDate>
      <ItemCode>7290000461700</ItemCode>
      <ItemType>1</ItemType>
      <ItemName>בייגלה שמיניות גדול.</ItemName>
      <ManufacturerName>קריות זול</ManufacturerName>
      <ManufactureCountry>לא ידוע</ManufactureCountry>
      <ManufacturerItemDescription>בייגלה שמיניות גדול.</ManufacturerItemDescription>
      <UnitQty>לא ידוע</UnitQty>
      <Quantity>400.00</Quantity>
      <UnitOfMeasure>לא ידוע</UnitOfMeasure>
      <bIsWeighted>0</bIsWeighted>
      <QtyInPackage>לא ידוע</QtyInPackage>
      <ItemPrice>18.90</ItemPrice>
      <UnitOfMeasurePrice>0.0472</UnitOfMeasurePrice>
      <AllowDiscount>1</AllowDiscount>
      <ItemStatus>1</ItemStatus>
      <ItemId>140392</ItemId>
    </Item>
    <Item>
      <PriceUpdateDate>2025-08-20 13:16:26</PriceUpdateDate>
      <ItemCode>7290000461724</ItemCode>
      <ItemType>1</ItemType>
      <ItemName>ביגלה גדול גדול שומש</ItemName>
      <ManufacturerName>קריות זול</ManufacturerName>
      <ManufactureCountry>לא ידוע</ManufactureCountry>
      <ManufacturerItemDescription>ביגלה גדול גדול שומש</ManufacturerItemDescription>
      <UnitQty>לא ידוע</UnitQty>
      <Quantity>400.00</Quantity>
      <UnitOfMeasure>לא ידוע</UnitOfMeasure>
      <bIsWeighted>0</bIsWeighted>
      <QtyInPackage>לא ידוע</QtyInPackage>
      <ItemPrice>18.90</ItemPrice>
      <UnitOfMeasurePrice>0.0472</UnitOfMeasurePrice>
      <AllowDiscount>1</AllowDiscount>
      <ItemStatus>1</ItemStatus>
      <ItemId>140393</ItemId>
    </Item>
    <Item>
      <PriceUpdateDate>2025-08-20 13:16:27</PriceUpdateDate>
      <ItemCode>7290003804252</ItemCode>
      <ItemType>1</ItemType>
      <ItemName>תיבולית הודי קנור 72</ItemName>
      <ManufacturerName>קריות זול</ManufacturerName>
      <ManufactureCountry>לא ידוע</ManufactureCountry>
      <ManufacturerItemDescription>תיבולית הודי קנור 72</ManufacturerItemDescription>
      <UnitQty>לא ידוע</UnitQty>
      <Quantity>72.00</Quantity>
      <UnitOfMeasure>לא ידוע</UnitOfMeasure>
      <bIsWeighted>0</bIsWeighted>
      <QtyInPackage>לא ידוע</QtyInPackage>
      <ItemPrice>13.90</ItemPrice>
      <UnitOfMeasurePrice>0.1931</UnitOfMeasurePrice>
      <AllowDiscount>1</AllowDiscount>
      <ItemStatus>1</ItemStatus>
      <ItemId>140468</ItemId>
    </Item>
    <Item>
      <PriceUpdateDate>2025-08-20 13:16:27</PriceUpdateDate>
      <ItemCode>7290003804320</ItemCode>
      <ItemType>1</ItemType>
      <ItemName>תיבולית קנור שום פטר</ItemName>
      <ManufacturerName>קריות זול</ManufacturerName>
      <ManufactureCountry>לא ידוע</ManufactureCountry>
      <ManufacturerItemDescription>תיבולית קנור שום פטר</ManufacturerItemDescription>
      <UnitQty>לא ידוע</UnitQty>
      <Quantity>72.00</Quantity>
      <UnitOfMeasure>לא ידוע</UnitOfMeasure>
      <bIsWeighted>0</bIsWeighted>
      <QtyInPackage>לא ידוע</QtyInPackage>
      <ItemPrice>13.90</ItemPrice>
      <UnitOfMeasurePrice>0.1931</UnitOfMeasurePrice>
      <AllowDiscount>1</AllowDiscount>
      <ItemStatus>1</ItemStatus>
      <ItemId>140469</ItemId>
    </Item>
    <Item>
      <PriceUpdateDate>2025-08-20 13:16:27</PriceUpdateDate>
      <ItemCode>7290003804368</ItemCode>
      <ItemType>1</ItemType>
      <ItemName>תיבולית קנור בזיליקו</ItemName>
      <ManufacturerName>קריות זול</ManufacturerName>
      <ManufactureCountry>לא ידוע</ManufactureCountry>
      <ManufacturerItemDescription>תיבולית קנור בזיליקו</ManufacturerItemDescription>
      <UnitQty>לא ידוע</UnitQty>
      <Quantity>72.00</Quantity>
      <UnitOfMeasure>לא ידוע</UnitOfMeasure>
      <bIsWeighted>0</bIsWeighted>
      <QtyInPackage>לא ידוע</QtyInPackage>
      <ItemPrice>13.90</ItemPrice>
      <UnitOfMeasurePrice>0.1931</UnitOfMeasurePrice>
      <AllowDiscount>1</AllowDiscount>
      <ItemStatus>1</ItemStatus>
      <ItemId>140472</ItemId>
    </Item>
    <Item>
      <PriceUpdateDate>2025-08-20 13:16:27</PriceUpdateDate>
      <ItemCode>7290003804382</ItemCode>
      <ItemType>1</ItemType>
      <ItemName>תיבולית קנור פטריות</ItemName>
      <ManufacturerName>קריות זול</ManufacturerName>
      <ManufactureCountry>לא ידוע</ManufactureCountry>
      <ManufacturerItemDescription>תיבולית קנור פטריות</ManufacturerItemDescription>
      <UnitQty>לא ידוע</UnitQty>
      <Quantity>72.00</Quantity>
      <UnitOfMeasure>לא ידוע</UnitOfMeasure>
      <bIsWeighted>0</bIsWeighted>
      <QtyInPackage>לא ידוע</QtyInPackage>
      <ItemPrice>13.90</ItemPrice>
      <UnitOfMeasurePrice>0.1931</UnitOfMeasurePrice>
      <AllowDiscount>1</AllowDiscount>
      <ItemStatus>1</ItemStatus>
      <ItemId>140474</ItemId>
    </Item>
    <Item>
      <PriceUpdateDate>2025-12-22 08:55:52</PriceUpdateDate>
      <ItemCode>7290003805501</ItemCode>
      <ItemType>1</ItemType>
      <ItemName>פתית שבדי 300גר</ItemName>
      <ManufacturerName>קריות זול</ManufacturerName>
      <ManufactureCountry>לא ידוע</ManufactureCountry>
      <ManufacturerItemDescription>פתית שבדי 300גר</ManufacturerItemDescription>
      <UnitQty>לא ידוע</UnitQty>
      <Quantity>300.00</Quantity>
      <UnitOfMeasure>לא ידוע</UnitOfMeasure>
      <bIsWeighted>0</bIsWeighted>
      <QtyInPackage>לא ידוע</QtyInPackage>
      <ItemPrice>21.90</ItemPrice>
      <UnitOfMeasurePrice>0.0730</UnitOfMeasurePrice>
      <AllowDiscount>1</AllowDiscount>
      <ItemStatus>1</ItemStatus>
      <ItemId>140523</ItemId>
    </Item>
    <Item>
      <PriceUpdateDate>2025-12-22 08:55:52</PriceUpdateDate>
      <ItemCode>7290003805587</ItemCode>
      <ItemType>1</ItemType>
      <ItemName>פתית עם חיטה מלאה</ItemName>
      <ManufacturerName>קריות זול</ManufacturerName>
      <ManufactureCountry>לא ידוע</ManufactureCountry>
      <ManufacturerItemDescription>פתית עם חיטה מלאה</ManufacturerItemDescription>
      <UnitQty>לא ידוע</UnitQty>
      <Quantity>250.00</Quantity>
      <UnitOfMeasure>לא ידוע</UnitOfMeasure>
      <bIsWeighted>0</bIsWeighted>
      <QtyInPackage>לא ידוע</QtyInPackage>
      <ItemPrice>21.90</ItemPrice>
      <UnitOfMeasurePrice>0.0876</UnitOfMeasurePrice>
      <AllowDiscount>1</AllowDiscount>
      <ItemStatus>1</ItemStatus>
      <ItemId>140531</ItemId>
    </Item>
    <Item>
      <PriceUpdateDate>2025-09-04 12:01:37</PriceUpdateDate>
      <ItemCode>7290019056966</ItemCode>
      <ItemType>1</ItemType>
      <ItemName>מי עדן 1.5ליטר</ItemName>
      <ManufacturerName>לא ידוע</ManufacturerName>
      <ManufactureCountry>לא ידוע</ManufactureCountry>
      <ManufacturerItemDescription>מי עדן 1.5ליטר</ManufacturerItemDescription>
      <UnitQty>לא ידוע</UnitQty>
      <Quantity>1500.00</Quantity>
      <UnitOfMeasure>לא ידוע</UnitOfMeasure>
      <bIsWeighted>0</bIsWeighted>
      <QtyInPackage>לא ידוע</QtyInPackage>
      <ItemPrice>4.50</ItemPrice>
      <UnitOfMeasurePrice>0.0030</UnitOfMeasurePrice>
      <AllowDiscount>1</AllowDiscount>
      <ItemStatus>1</ItemStatus>
      <ItemId>237031</ItemId>
    </Item>
    <Item>
      <PriceUpdateDate>2025-09-08 07:54:35</PriceUpdateDate>
      <ItemCode>7290018542361</ItemCode>
      <ItemType>1</ItemType>
      <ItemName>כוס מרוקאית צבעונית</ItemName>
      <ManufacturerName>לא ידוע</ManufacturerName>
      <ManufactureCountry>לא ידוע</ManufactureCountry>
      <ManufacturerItemDescription>כוס מרוקאית צבעונית</ManufacturerItemDescription>
      <UnitQty>יחידה   </UnitQty>
      <Quantity>0.00</Quantity>
      <UnitOfMeasure>יחידה   </UnitOfMeasure>
      <bIsWeighted>0</bIsWeighted>
      <QtyInPackage>לא ידוע</QtyInPackage>
      <ItemPrice>8.90</ItemPrice>
      <UnitOfMeasurePrice>0.0000</UnitOfMeasurePrice>
      <AllowDiscount>1</AllowDiscount>
      <ItemStatus>1</ItemStatus>
      <ItemId>236627</ItemId>
    </Item>
    <Item>
      <PriceUpdateDate>2025-12-22 08:55:52</PriceUpdateDate>
      <ItemCode>7290100240632</ItemCode>
      <ItemType>1</ItemType>
      <ItemName>פתית 6 דגנים</ItemName>
      <ManufacturerName>לא ידוע</ManufacturerName>
      <ManufactureCountry>לא ידוע</ManufactureCountry>
      <ManufacturerItemDescription>פתית 6 דגנים</ManufacturerItemDescription>
      <UnitQty>לא ידוע</UnitQty>
      <Quantity>250.00</Quantity>
      <UnitOfMeasure>לא ידוע</UnitOfMeasure>
      <bIsWeighted>0</bIsWeighted>
      <QtyInPackage>לא ידוע</QtyInPackage>
      <ItemPrice>21.90</ItemPrice>
      <UnitOfMeasurePrice>0.0876</UnitOfMeasurePrice>
      <AllowDiscount>1</AllowDiscount>
      <ItemStatus>1</ItemStatus>
      <ItemId>140730</ItemId>
    </Item>
    <Item>
      <PriceUpdateDate>2025-12-22 08:55:53</PriceUpdateDate>
      <ItemCode>7290100240656</ItemCode>
      <ItemType>1</ItemType>
      <ItemName>פתית שיפון</ItemName>
      <ManufacturerName>לא ידוע</ManufacturerName>
      <ManufactureCountry>לא ידוע</ManufactureCountry>
      <ManufacturerItemDescription>פתית שיפון</ManufacturerItemDescription>
      <UnitQty>לא ידוע</UnitQty>
      <Quantity>300.00</Quantity>
      <UnitOfMeasure>לא ידוע</UnitOfMeasure>
      <bIsWeighted>0</bIsWeighted>
      <QtyInPackage>לא ידוע</QtyInPackage>
      <ItemPrice>21.90</ItemPrice>
      <UnitOfMeasurePrice>0.0730</UnitOfMeasurePrice>
      <AllowDiscount>1</AllowDiscount>
      <ItemStatus>1</ItemStatus>
      <ItemId>140731</ItemId>
    </Item>
    <Item>
      <PriceUpdateDate>2025-04-20 07:42:25</PriceUpdateDate>
      <ItemCode>7290100245231</ItemCode>
      <ItemType>1</ItemType>
      <ItemName>נמס בכוס קנור ועוד ט</ItemName>
      <ManufacturerName>לא ידוע</ManufacturerName>
      <ManufactureCountry>לא ידוע</ManufactureCountry>
      <ManufacturerItemDescription>נמס בכוס קנור ועוד ט</ManufacturerItemDescription>
      <UnitQty>לא ידוע</UnitQty>
      <Quantity>50.00</Quantity>
      <UnitOfMeasure>לא ידוע</UnitOfMeasure>
      <bIsWeighted>0</bIsWeighted>
      <QtyInPackage>לא ידוע</QtyInPackage>
      <ItemPrice>8.90</ItemPrice>
      <UnitOfMeasurePrice>0.1780</UnitOfMeasurePrice>
      <AllowDiscount>1</AllowDiscount>
      <ItemStatus>1</ItemStatus>
      <ItemId>140837</ItemId>
    </Item>
    <Item>
      <PriceUpdateDate>2025-09-14 13:05:20</PriceUpdateDate>
      <ItemCode>726529408676</ItemCode>
      <ItemType>1</ItemType>
      <ItemName>חלת בוטיק</ItemName>
      <ManufacturerName>לא ידוע</ManufacturerName>
      <ManufactureCountry>לא ידוע</ManufactureCountry>
      <ManufacturerItemDescription>חלת בוטיק</ManufacturerItemDescription>
      <UnitQty>לא ידוע</UnitQty>
      <Quantity>500.00</Quantity>
      <UnitOfMeasure>לא ידוע</UnitOfMeasure>
      <bIsWeighted>0</bIsWeighted>
      <QtyInPackage>לא ידוע</QtyInPackage>
      <ItemPrice>15.90</ItemPrice>
      <UnitOfMeasurePrice>0.0318</UnitOfMeasurePrice>
      <AllowDiscount>1</AllowDiscount>
      <ItemStatus>1</ItemStatus>
      <ItemId>255886</ItemId>
    </Item>
    <Item>
      <PriceUpdateDate>2025-09-03 13:37:59</PriceUpdateDate>
      <ItemCode>7290112357113</ItemCode>
      <ItemType>1</ItemType>
      <ItemName>גרגרי חומוס 380 ט.הט</ItemName>
      <ManufacturerName>לא ידוע</ManufacturerName>
      <ManufactureCountry>לא ידוע</ManufactureCountry>
      <ManufacturerItemDescription>גרגרי חומוס 380 ט.הט</ManufacturerItemDescription>
      <UnitQty>לא ידוע</UnitQty>
      <Quantity>380.00</Quantity>
      <UnitOfMeasure>לא ידוע</UnitOfMeasure>
      <bIsWeighted>0</bIsWeighted>
      <QtyInPackage>לא ידוע</QtyInPackage>
      <ItemPrice>8.90</ItemPrice>
      <UnitOfMeasurePrice>0.0234</UnitOfMeasurePrice>
      <AllowDiscount>1</AllowDiscount>
      <ItemStatus>1</ItemStatus>
      <ItemId>231280</ItemId>
    </Item>
    <Item>
      <PriceUpdateDate>2025-08-18 11:35:53</PriceUpdateDate>
      <ItemCode>4000869032569</ItemCode>
      <ItemType>1</ItemType>
      <ItemName>הפי פרש מבשם ומטהר א</ItemName>
      <ManufacturerName>לא ידוע</ManufacturerName>
      <ManufactureCountry>לא ידוע</ManufactureCountry>
      <ManufacturerItemDescription>הפי פרש מבשם ומטהר א</ManufacturerItemDescription>
      <UnitQty>לא ידוע</UnitQty>
      <Quantity>150.00</Quantity>
      <UnitOfMeasure>לא ידוע</UnitOfMeasure>
      <bIsWeighted>0</bIsWeighted>
      <QtyInPackage>לא ידוע</QtyInPackage>
      <ItemPrice>10.90</ItemPrice>
      <UnitOfMeasurePrice>0.0727</UnitOfMeasurePrice>
      <AllowDiscount>1</AllowDiscount>
      <ItemStatus>1</ItemStatus>
      <ItemId>141230</ItemId>
    </Item>
    <Item>
      <PriceUpdateDate>2025-09-04 08:28:49</PriceUpdateDate>
      <ItemCode>7290002921165</ItemCode>
      <ItemType>1</ItemType>
      <ItemName>הזלין חלב לריהוט עור</ItemName>
      <ManufacturerName>קריות זול</ManufacturerName>
      <ManufactureCountry>לא ידוע</ManufactureCountry>
      <ManufacturerItemDescription>הזלין חלב לריהוט עור</ManufacturerItemDescription>
      <UnitQty>לא ידוע</UnitQty>
      <Quantity>250.00</Quantity>
      <UnitOfMeasure>לא ידוע</UnitOfMeasure>
      <bIsWeighted>0</bIsWeighted>
      <QtyInPackage>לא ידוע</QtyInPackage>
      <ItemPrice>31.90</ItemPrice>
      <UnitOfMeasurePrice>0.1276</UnitOfMeasurePrice>
      <AllowDiscount>1</AllowDiscount>
      <ItemStatus>1</ItemStatus>
      <ItemId>141240</ItemId>
    </Item>
    <Item>
      <PriceUpdateDate>2025-08-20 12:45:12</PriceUpdateDate>
      <ItemCode>7290002921349</ItemCode>
      <ItemType>1</ItemType>
      <ItemName>זוג דבק סופר גלו</ItemName>
      <ManufacturerName>קריות זול</ManufacturerName>
      <ManufactureCountry>לא ידוע</ManufactureCountry>
      <ManufacturerItemDescription>זוג דבק סופר גלו</ManufacturerItemDescription>
      <UnitQty>יחידה   </UnitQty>
      <Quantity>0.00</Quantity>
      <UnitOfMeasure>יחידה   </UnitOfMeasure>
      <bIsWeighted>0</bIsWeighted>
      <QtyInPackage>לא ידוע</QtyInPackage>
      <ItemPrice>16.90</ItemPrice>
      <UnitOfMeasurePrice>0.0000</UnitOfMeasurePrice>
      <AllowDiscount>1</AllowDiscount>
      <ItemStatus>1</ItemStatus>
      <ItemId>141245</ItemId>
    </Item>
    <Item>
      <PriceUpdateDate>2025-08-20 12:45:14</PriceUpdateDate>
      <ItemCode>7290011575007</ItemCode>
      <ItemType>1</ItemType>
      <ItemName>הפי מרסס לאמבט 750 מ</ItemName>
      <ManufacturerName>לא ידוע</ManufacturerName>
      <ManufactureCountry>לא ידוע</ManufactureCountry>
      <ManufacturerItemDescription>הפי מרסס לאמבט 750 מ</ManufacturerItemDescription>
      <UnitQty>לא ידוע</UnitQty>
      <Quantity>750.00</Quantity>
      <UnitOfMeasure>לא ידוע</UnitOfMeasure>
      <bIsWeighted>0</bIsWeighted>
      <QtyInPackage>לא ידוע</QtyInPackage>
      <ItemPrice>22.90</ItemPrice>
      <UnitOfMeasurePrice>0.0305</UnitOfMeasurePrice>
      <AllowDiscount>1</AllowDiscount>
      <ItemStatus>1</ItemStatus>
      <ItemId>141280</ItemId>
    </Item>
    <Item>
      <PriceUpdateDate>2025-09-07 09:20:36</PriceUpdateDate>
      <ItemCode>7290118428466</ItemCode>
      <ItemType>1</ItemType>
      <ItemName>ערגליות בטעם מייפל</ItemName>
      <ManufacturerName>קריות זול</ManufacturerName>
      <ManufactureCountry>לא ידוע</ManufactureCountry>
      <ManufacturerItemDescription>ערגליות בטעם מייפל</ManufacturerItemDescription>
      <UnitQty>לא ידוע</UnitQty>
      <Quantity>270.00</Quantity>
      <UnitOfMeasure>לא ידוע</UnitOfMeasure>
      <bIsWeighted>0</bIsWeighted>
      <QtyInPackage>לא ידוע</QtyInPackage>
      <ItemPrice>12.90</ItemPrice>
      <UnitOfMeasurePrice>0.0478</UnitOfMeasurePrice>
      <AllowDiscount>1</AllowDiscount>
      <ItemStatus>1</ItemStatus>
      <ItemId>255810</ItemId>
    </Item>
    <Item>
      <PriceUpdateDate>2025-12-23 07:16:19</PriceUpdateDate>
      <ItemCode>7290011515683</ItemCode>
      <ItemType>1</ItemType>
      <ItemName>אקסטרים וניל 6 יחידו</ItemName>
      <ManufacturerName>לא ידוע</ManufacturerName>
      <ManufactureCountry>לא ידוע</ManufactureCountry>
      <ManufacturerItemDescription>אקסטרים וניל 6 יחידו</ManufacturerItemDescription>
      <UnitQty>יחידה   </UnitQty>
      <Quantity>0.00</Quantity>
      <UnitOfMeasure>יחידה   </UnitOfMeasure>
      <bIsWeighted>0</bIsWeighted>
      <QtyInPackage>לא ידוע</QtyInPackage>
      <ItemPrice>37.90</ItemPrice>
      <UnitOfMeasurePrice>0.0000</UnitOfMeasurePrice>
      <AllowDiscount>1</AllowDiscount>
      <ItemStatus>1</ItemStatus>
      <ItemId>141405</ItemId>
    </Item>
    <Item>
      <PriceUpdateDate>2025-08-27 09:17:38</PriceUpdateDate>
      <ItemCode>7290013440648</ItemCode>
      <ItemType>1</ItemType>
      <ItemName>אבטיח 5 יחידות נסטלה</ItemName>
      <ManufacturerName>לא ידוע</ManufacturerName>
      <ManufactureCountry>לא ידוע</ManufactureCountry>
      <ManufacturerItemDescription>אבטיח 5 יחידות נסטלה</ManufacturerItemDescription>
      <UnitQty>יחידה   </UnitQty>
      <Quantity>0.00</Quantity>
      <UnitOfMeasure>יחידה   </UnitOfMeasure>
      <bIsWeighted>0</bIsWeighted>
      <QtyInPackage>לא ידוע</QtyInPackage>
      <ItemPrice>28.90</ItemPrice>
      <UnitOfMeasurePrice>0.0000</UnitOfMeasurePrice>
      <AllowDiscount>1</AllowDiscount>
      <ItemStatus>1</ItemStatus>
      <ItemId>141519</ItemId>
    </Item>
    <Item>
      <PriceUpdateDate>2025-12-23 07:16:21</PriceUpdateDate>
      <ItemCode>7290106571037</ItemCode>
      <ItemType>1</ItemType>
      <ItemName>גומיגם 5 יחידות נסטל</ItemName>
      <ManufacturerName>לא ידוע</ManufacturerName>
      <ManufactureCountry>לא ידוע</ManufactureCountry>
      <ManufacturerItemDescription>גומיגם 5 יחידות נסטל</ManufacturerItemDescription>
      <UnitQty>יחידה   </UnitQty>
      <Quantity>0.00</Quantity>
      <UnitOfMeasure>יחידה   </UnitOfMeasure>
      <bIsWeighted>0</bIsWeighted>
      <QtyInPackage>לא ידוע</QtyInPackage>
      <ItemPrice>32.90</ItemPrice>
      <UnitOfMeasurePrice>0.0000</UnitOfMeasurePrice>
      <AllowDiscount>1</AllowDiscount>
      <ItemStatus>1</ItemStatus>
      <ItemId>141573</ItemId>
    </Item>
    <Item>
      <PriceUpdateDate>2025-12-23 07:16:21</PriceUpdateDate>
      <ItemCode>7290106576797</ItemCode>
      <ItemType>1</ItemType>
      <ItemName>לה קרמריה וניל איטלק</ItemName>
      <ManufacturerName>לא ידוע</ManufacturerName>
      <ManufactureCountry>לא ידוע</ManufactureCountry>
      <ManufacturerItemDescription>לה קרמריה וניל איטלק</ManufacturerItemDescription>
      <UnitQty>לא ידוע</UnitQty>
      <Quantity>1400.00</Quantity>
      <UnitOfMeasure>לא ידוע</UnitOfMeasure>
      <bIsWeighted>0</bIsWeighted>
      <QtyInPackage>לא ידוע</QtyInPackage>
      <ItemPrice>26.90</ItemPrice>
      <UnitOfMeasurePrice>0.0192</UnitOfMeasurePrice>
      <AllowDiscount>1</AllowDiscount>
      <ItemStatus>1</ItemStatus>
      <ItemId>141596</ItemId>
    </Item>
    <Item>
      <PriceUpdateDate>2025-12-23 07:16:22</PriceUpdateDate>
      <ItemCode>7290106576810</ItemCode>
      <ItemType>1</ItemType>
      <ItemName>לה קרמריה ריבת חלב 1</ItemName>
      <ManufacturerName>לא ידוע</ManufacturerName>
      <ManufactureCountry>לא ידוע</ManufactureCountry>
      <ManufacturerItemDescription>לה קרמריה ריבת חלב 1</ManufacturerItemDescription>
      <UnitQty>לא ידוע</UnitQty>
      <Quantity>1400.00</Quantity>
      <UnitOfMeasure>לא ידוע</UnitOfMeasure>
      <bIsWeighted>0</bIsWeighted>
      <QtyInPackage>לא ידוע</QtyInPackage>
      <ItemPrice>26.90</ItemPrice>
      <UnitOfMeasurePrice>0.0192</UnitOfMeasurePrice>
      <AllowDiscount>1</AllowDiscount>
      <ItemStatus>1</ItemStatus>
      <ItemId>141597</ItemId>
    </Item>
    <Item>
      <PriceUpdateDate>2025-12-23 07:16:22</PriceUpdateDate>
      <ItemCode>7290106576834</ItemCode>
      <ItemType>1</ItemType>
      <ItemName>לה קרמריה פונטש בננה</ItemName>
      <ManufacturerName>לא ידוע</ManufacturerName>
      <ManufactureCountry>לא ידוע</ManufactureCountry>
      <ManufacturerItemDescription>לה קרמריה פונטש בננה</ManufacturerItemDescription>
      <UnitQty>לא ידוע</UnitQty>
      <Quantity>1400.00</Quantity>
      <UnitOfMeasure>לא ידוע</UnitOfMeasure>
      <bIsWeighted>0</bIsWeighted>
      <QtyInPackage>לא ידוע</QtyInPackage>
      <ItemPrice>26.90</ItemPrice>
      <UnitOfMeasurePrice>0.0192</UnitOfMeasurePrice>
      <AllowDiscount>1</AllowDiscount>
      <ItemStatus>1</ItemStatus>
      <ItemId>141598</ItemId>
    </Item>
    <Item>
      <PriceUpdateDate>2025-12-23 07:16:22</PriceUpdateDate>
      <ItemCode>7290106576858</ItemCode>
      <ItemType>1</ItemType>
      <ItemName>לה קרמריה תותים בשמנ</ItemName>
      <ManufacturerName>לא ידוע</ManufacturerName>
      <ManufactureCountry>לא ידוע</ManufactureCountry>
      <ManufacturerItemDescription>לה קרמריה תותים בשמנ</ManufacturerItemDescription>
      <UnitQty>לא ידוע</UnitQty>
      <Quantity>1400.00</Quantity>
      <UnitOfMeasure>לא ידוע</UnitOfMeasure>
      <bIsWeighted>0</bIsWeighted>
      <QtyInPackage>לא ידוע</QtyInPackage>
      <ItemPrice>26.90</ItemPrice>
      <UnitOfMeasurePrice>0.0192</UnitOfMeasurePrice>
      <AllowDiscount>1</AllowDiscount>
      <ItemStatus>1</ItemStatus>
      <ItemId>141599</ItemId>
    </Item>
    <Item>
      <PriceUpdateDate>2025-12-23 07:16:23</PriceUpdateDate>
      <ItemCode>7290106576971</ItemCode>
      <ItemType>1</ItemType>
      <ItemName>לה קרמריה שוקולד בלג</ItemName>
      <ManufacturerName>לא ידוע</ManufacturerName>
      <ManufactureCountry>לא ידוע</ManufactureCountry>
      <ManufacturerItemDescription>לה קרמריה שוקולד בלג</ManufacturerItemDescription>
      <UnitQty>לא ידוע</UnitQty>
      <Quantity>1400.00</Quantity>
      <UnitOfMeasure>לא ידוע</UnitOfMeasure>
      <bIsWeighted>0</bIsWeighted>
      <QtyInPackage>לא ידוע</QtyInPackage>
      <ItemPrice>26.90</ItemPrice>
      <UnitOfMeasurePrice>0.0192</UnitOfMeasurePrice>
      <AllowDiscount>1</AllowDiscount>
      <ItemStatus>1</ItemStatus>
      <ItemId>141604</ItemId>
    </Item>
    <Item>
      <PriceUpdateDate>2025-09-03 07:19:56</PriceUpdateDate>
      <ItemCode>7290107871532</ItemCode>
      <ItemType>1</ItemType>
      <ItemName>קרחוני דובדבן מלון נ</ItemName>
      <ManufacturerName>לא ידוע</ManufacturerName>
      <ManufactureCountry>לא ידוע</ManufactureCountry>
      <ManufacturerItemDescription>קרחוני דובדבן מלון נ</ManufacturerItemDescription>
      <UnitQty>לא ידוע</UnitQty>
      <Quantity>800.00</Quantity>
      <UnitOfMeasure>לא ידוע</UnitOfMeasure>
      <bIsWeighted>0</bIsWeighted>
      <QtyInPackage>לא ידוע</QtyInPackage>
      <ItemPrice>21.90</ItemPrice>
      <UnitOfMeasurePrice>0.0274</UnitOfMeasurePrice>
      <AllowDiscount>1</AllowDiscount>
      <ItemStatus>1</ItemStatus>
      <ItemId>141621</ItemId>
    </Item>
    <Item>
      <PriceUpdateDate>2025-12-23 07:16:23</PriceUpdateDate>
      <ItemCode>7290107875400</ItemCode>
      <ItemType>1</ItemType>
      <ItemName>לה קרמריה פיסטוק מוק</ItemName>
      <ManufacturerName>לא ידוע</ManufacturerName>
      <ManufactureCountry>לא ידוע</ManufactureCountry>
      <ManufacturerItemDescription>לה קרמריה פיסטוק מוק</ManufacturerItemDescription>
      <UnitQty>לא ידוע</UnitQty>
      <Quantity>1400.00</Quantity>
      <UnitOfMeasure>לא ידוע</UnitOfMeasure>
      <bIsWeighted>0</bIsWeighted>
      <QtyInPackage>לא ידוע</QtyInPackage>
      <ItemPrice>26.90</ItemPrice>
      <UnitOfMeasurePrice>0.0192</UnitOfMeasurePrice>
      <AllowDiscount>1</AllowDiscount>
      <ItemStatus>1</ItemStatus>
      <ItemId>141626</ItemId>
    </Item>
    <Item>
      <PriceUpdateDate>2025-08-20 13:18:58</PriceUpdateDate>
      <ItemCode>7290000178707</ItemCode>
      <ItemType>1</ItemType>
      <ItemName>חטיף תפוצ'יפס בטעם ט</ItemName>
      <ManufacturerName>קריות זול</ManufacturerName>
      <ManufactureCountry>לא ידוע</ManufactureCountry>
      <ManufacturerItemDescription>חטיף תפוצ'יפס בטעם ט</ManufacturerItemDescription>
      <UnitQty>לא ידוע</UnitQty>
      <Quantity>50.00</Quantity>
      <UnitOfMeasure>לא ידוע</UnitOfMeasure>
      <bIsWeighted>0</bIsWeighted>
      <QtyInPackage>לא ידוע</QtyInPackage>
      <ItemPrice>5.50</ItemPrice>
      <UnitOfMeasurePrice>0.1100</UnitOfMeasurePrice>
      <AllowDiscount>1</AllowDiscount>
      <ItemStatus>1</ItemStatus>
      <ItemId>141672</ItemId>
    </Item>
    <Item>
      <PriceUpdateDate>2025-08-20 13:18:58</PriceUpdateDate>
      <ItemCode>7290000178721</ItemCode>
      <ItemType>1</ItemType>
      <ItemName>תפוציפס טבעי 200גר</ItemName>
      <ManufacturerName>לא ידוע</ManufacturerName>
      <ManufactureCountry>לא ידוע</ManufactureCountry>
      <ManufacturerItemDescription>תפוציפס טבעי 200גר</ManufacturerItemDescription>
      <UnitQty>לא ידוע</UnitQty>
      <Quantity>200.00</Quantity>
      <UnitOfMeasure>לא ידוע</UnitOfMeasure>
      <bIsWeighted>0</bIsWeighted>
      <QtyInPackage>לא ידוע</QtyInPackage>
      <ItemPrice>13.50</ItemPrice>
      <UnitOfMeasurePrice>0.0675</UnitOfMeasurePrice>
      <AllowDiscount>1</AllowDiscount>
      <ItemStatus>1</ItemStatus>
      <ItemId>141674</ItemId>
    </Item>
    <Item>
      <PriceUpdateDate>2025-08-20 13:18:58</PriceUpdateDate>
      <ItemCode>7290000480107</ItemCode>
      <ItemType>1</ItemType>
      <ItemName>קוואקר מהיר אטוס פחי</ItemName>
      <ManufacturerName>קריות זול</ManufacturerName>
      <ManufactureCountry>לא ידוע</ManufactureCountry>
      <ManufacturerItemDescription>קוואקר מהיר אטוס פחי</ManufacturerItemDescription>
      <UnitQty>לא ידוע</UnitQty>
      <Quantity>500.00</Quantity>
      <UnitOfMeasure>לא ידוע</UnitOfMeasure>
      <bIsWeighted>0</bIsWeighted>
      <QtyInPackage>לא ידוע</QtyInPackage>
      <ItemPrice>17.50</ItemPrice>
      <UnitOfMeasurePrice>0.0350</UnitOfMeasurePrice>
      <AllowDiscount>1</AllowDiscount>
      <ItemStatus>1</ItemStatus>
      <ItemId>141676</ItemId>
    </Item>
    <Item>
      <PriceUpdateDate>2025-04-20 07:43:24</PriceUpdateDate>
      <ItemCode>7290000480442</ItemCode>
      <ItemType>1</ItemType>
      <ItemName>קואקר שבולת שועל שקי</ItemName>
      <ManufacturerName>קריות זול</ManufacturerName>
      <ManufactureCountry>לא ידוע</ManufactureCountry>
      <ManufacturerItemDescription>קואקר שבולת שועל שקי</ManufacturerItemDescription>
      <UnitQty>לא ידוע</UnitQty>
      <Quantity>500.00</Quantity>
      <UnitOfMeasure>לא ידוע</UnitOfMeasure>
      <bIsWeighted>0</bIsWeighted>
      <QtyInPackage>לא ידוע</QtyInPackage>
      <ItemPrice>16.90</ItemPrice>
      <UnitOfMeasurePrice>0.0338</UnitOfMeasurePrice>
      <AllowDiscount>1</AllowDiscount>
      <ItemStatus>1</ItemStatus>
      <ItemId>141677</ItemId>
    </Item>
    <Item>
      <PriceUpdateDate>2025-08-20 13:18:58</PriceUpdateDate>
      <ItemCode>7290001817377</ItemCode>
      <ItemType>1</ItemType>
      <ItemName>ציטוס איקס עיגול אפו</ItemName>
      <ManufacturerName>קריות זול</ManufacturerName>
      <ManufactureCountry>לא ידוע</ManufactureCountry>
      <ManufacturerItemDescription>ציטוס איקס עיגול אפו</ManufacturerItemDescription>
      <UnitQty>לא ידוע</UnitQty>
      <Quantity>60.00</Quantity>
      <UnitOfMeasure>לא ידוע</UnitOfMeasure>
      <bIsWeighted>0</bIsWeighted>
      <QtyInPackage>לא ידוע</QtyInPackage>
      <ItemPrice>5.90</ItemPrice>
      <UnitOfMeasurePrice>0.0983</UnitOfMeasurePrice>
      <AllowDiscount>1</AllowDiscount>
      <ItemStatus>1</ItemStatus>
      <ItemId>141678</ItemId>
    </Item>
    <Item>
      <PriceUpdateDate>2025-08-20 13:18:59</PriceUpdateDate>
      <ItemCode>7290001817728</ItemCode>
      <ItemType>1</ItemType>
      <ItemName>ציטוס כאפה אפוי 55גר</ItemName>
      <ManufacturerName>קריות זול</ManufacturerName>
      <ManufactureCountry>לא ידוע</ManufactureCountry>
      <ManufacturerItemDescription>ציטוס כאפה אפוי 55גר</ManufacturerItemDescription>
      <UnitQty>לא ידוע</UnitQty>
      <Quantity>55.00</Quantity>
      <UnitOfMeasure>לא ידוע</UnitOfMeasure>
      <bIsWeighted>0</bIsWeighted>
      <QtyInPackage>לא ידוע</QtyInPackage>
      <ItemPrice>5.90</ItemPrice>
      <UnitOfMeasurePrice>0.1073</UnitOfMeasurePrice>
      <AllowDiscount>1</AllowDiscount>
      <ItemStatus>1</ItemStatus>
      <ItemId>141681</ItemId>
    </Item>
    <Item>
      <PriceUpdateDate>2025-08-20 13:18:59</PriceUpdateDate>
      <ItemCode>7290005200786</ItemCode>
      <ItemType>1</ItemType>
      <ItemName>תפוצ'יפס בטעם שמנת ב</ItemName>
      <ManufacturerName>קריות זול</ManufacturerName>
      <ManufactureCountry>לא ידוע</ManufactureCountry>
      <ManufacturerItemDescription>תפוצ'יפס בטעם שמנת ב</ManufacturerItemDescription>
      <UnitQty>לא ידוע</UnitQty>
      <Quantity>50.00</Quantity>
      <UnitOfMeasure>לא ידוע</UnitOfMeasure>
      <bIsWeighted>0</bIsWeighted>
      <QtyInPackage>לא ידוע</QtyInPackage>
      <ItemPrice>5.50</ItemPrice>
      <UnitOfMeasurePrice>0.1100</UnitOfMeasurePrice>
      <AllowDiscount>1</AllowDiscount>
      <ItemStatus>1</ItemStatus>
      <ItemId>141685</ItemId>
    </Item>
    <Item>
      <PriceUpdateDate>2025-08-20 13:18:59</PriceUpdateDate>
      <ItemCode>7290008745239</ItemCode>
      <ItemType>1</ItemType>
      <ItemName>חטיף תפוצ'יפס קראנצ'</ItemName>
      <ManufacturerName>קריות זול</ManufacturerName>
      <ManufactureCountry>לא ידוע</ManufactureCountry>
      <ManufacturerItemDescription>חטיף תפוצ'יפס קראנצ'</ManufacturerItemDescription>
      <UnitQty>לא ידוע</UnitQty>
      <Quantity>50.00</Quantity>
      <UnitOfMeasure>לא ידוע</UnitOfMeasure>
      <bIsWeighted>0</bIsWeighted>
      <QtyInPackage>לא ידוע</QtyInPackage>
      <ItemPrice>5.50</ItemPrice>
      <UnitOfMeasurePrice>0.1100</UnitOfMeasurePrice>
      <AllowDiscount>1</AllowDiscount>
      <ItemStatus>1</ItemStatus>
      <ItemId>141688</ItemId>
    </Item>
    <Item>
      <PriceUpdateDate>2025-08-20 13:18:59</PriceUpdateDate>
      <ItemCode>7290008747547</ItemCode>
      <ItemType>1</ItemType>
      <ItemName>חטיף תפוצ'יפס קראנצ'</ItemName>
      <ManufacturerName>לא ידוע</ManufacturerName>
      <ManufactureCountry>לא ידוע</ManufactureCountry>
      <ManufacturerItemDescription>חטיף תפוצ'יפס קראנצ'</ManufacturerItemDescription>
      <UnitQty>לא ידוע</UnitQty>
      <Quantity>200.00</Quantity>
      <UnitOfMeasure>לא ידוע</UnitOfMeasure>
      <bIsWeighted>0</bIsWeighted>
      <QtyInPackage>לא ידוע</QtyInPackage>
      <ItemPrice>13.50</ItemPrice>
      <UnitOfMeasurePrice>0.0675</UnitOfMeasurePrice>
      <AllowDiscount>1</AllowDiscount>
      <ItemStatus>1</ItemStatus>
      <ItemId>141690</ItemId>
    </Item>
    <Item>
      <PriceUpdateDate>2025-08-20 13:18:59</PriceUpdateDate>
      <ItemCode>7290008752244</ItemCode>
      <ItemType>1</ItemType>
      <ItemName>תפוציפס אקסטרא גריל</ItemName>
      <ManufacturerName>קריות זול</ManufacturerName>
      <ManufactureCountry>לא ידוע</ManufactureCountry>
      <ManufacturerItemDescription>תפוציפס אקסטרא גריל</ManufacturerItemDescription>
      <UnitQty>לא ידוע</UnitQty>
      <Quantity>50.00</Quantity>
      <UnitOfMeasure>לא ידוע</UnitOfMeasure>
      <bIsWeighted>0</bIsWeighted>
      <QtyInPackage>לא ידוע</QtyInPackage>
      <ItemPrice>5.50</ItemPrice>
      <UnitOfMeasurePrice>0.1100</UnitOfMeasurePrice>
      <AllowDiscount>1</AllowDiscount>
      <ItemStatus>1</ItemStatus>
      <ItemId>141693</ItemId>
    </Item>
    <Item>
      <PriceUpdateDate>2025-08-20 13:19:00</PriceUpdateDate>
      <ItemCode>7290008753111</ItemCode>
      <ItemType>1</ItemType>
      <ItemName>תפוציפס מקסיקני 50גר</ItemName>
      <ManufacturerName>קריות זול</ManufacturerName>
      <ManufactureCountry>לא ידוע</ManufactureCountry>
      <ManufacturerItemDescription>תפוציפס מקסיקני 50גר</ManufacturerItemDescription>
      <UnitQty>לא ידוע</UnitQty>
      <Quantity>50.00</Quantity>
      <UnitOfMeasure>לא ידוע</UnitOfMeasure>
      <bIsWeighted>0</bIsWeighted>
      <QtyInPackage>לא ידוע</QtyInPackage>
      <ItemPrice>5.50</ItemPrice>
      <UnitOfMeasurePrice>0.1100</UnitOfMeasurePrice>
      <AllowDiscount>1</AllowDiscount>
      <ItemStatus>1</ItemStatus>
      <ItemId>141695</ItemId>
    </Item>
    <Item>
      <PriceUpdateDate>2025-08-20 13:19:00</PriceUpdateDate>
      <ItemCode>7290010118328</ItemCode>
      <ItemType>1</ItemType>
      <ItemName>תפוציפס טעם טבעי מאר</ItemName>
      <ManufacturerName>לא ידוע</ManufacturerName>
      <ManufactureCountry>לא ידוע</ManufactureCountry>
      <ManufacturerItemDescription>תפוציפס טעם טבעי מאר</ManufacturerItemDescription>
      <UnitQty>לא ידוע</UnitQty>
      <Quantity>240.00</Quantity>
      <UnitOfMeasure>לא ידוע</UnitOfMeasure>
      <bIsWeighted>0</bIsWeighted>
      <QtyInPackage>לא ידוע</QtyInPackage>
      <ItemPrice>17.90</ItemPrice>
      <UnitOfMeasurePrice>0.0746</UnitOfMeasurePrice>
      <AllowDiscount>1</AllowDiscount>
      <ItemStatus>1</ItemStatus>
      <ItemId>141706</ItemId>
    </Item>
    <Item>
      <PriceUpdateDate>2025-08-31 09:59:23</PriceUpdateDate>
      <ItemCode>7290100850916</ItemCode>
      <ItemType>1</ItemType>
      <ItemName>דוריטוס חמוץ חריף 70</ItemName>
      <ManufacturerName>לא ידוע</ManufacturerName>
      <ManufactureCountry>לא ידוע</ManufactureCountry>
      <ManufacturerItemDescription>דוריטוס חמוץ חריף 70</ManufacturerItemDescription>
      <UnitQty>לא ידוע</UnitQty>
      <Quantity>70.00</Quantity>
      <UnitOfMeasure>לא ידוע</UnitOfMeasure>
      <bIsWeighted>0</bIsWeighted>
      <QtyInPackage>לא ידוע</QtyInPackage>
      <ItemPrice>5.90</ItemPrice>
      <UnitOfMeasurePrice>0.0843</UnitOfMeasurePrice>
      <AllowDiscount>1</AllowDiscount>
      <ItemStatus>1</ItemStatus>
      <ItemId>141711</ItemId>
    </Item>
    <Item>
      <PriceUpdateDate>2025-08-31 09:59:24</PriceUpdateDate>
      <ItemCode>7290100850923</ItemCode>
      <ItemType>1</ItemType>
      <ItemName>דוריטוס גריל 70גר</ItemName>
      <ManufacturerName>לא ידוע</ManufacturerName>
      <ManufactureCountry>לא ידוע</ManufactureCountry>
      <ManufacturerItemDescription>דוריטוס גריל 70גר</ManufacturerItemDescription>
      <UnitQty>לא ידוע</UnitQty>
      <Quantity>70.00</Quantity>
      <UnitOfMeasure>לא ידוע</UnitOfMeasure>
      <bIsWeighted>0</bIsWeighted>
      <QtyInPackage>לא ידוע</QtyInPackage>
      <ItemPrice>5.90</ItemPrice>
      <UnitOfMeasurePrice>0.0843</UnitOfMeasurePrice>
      <AllowDiscount>1</AllowDiscount>
      <ItemStatus>1</ItemStatus>
      <ItemId>141712</ItemId>
    </Item>
    <Item>
      <PriceUpdateDate>2025-08-31 09:59:24</PriceUpdateDate>
      <ItemCode>7290100850930</ItemCode>
      <ItemType>1</ItemType>
      <ItemName>דוריטוס דיפ טבעי 70ג</ItemName>
      <ManufacturerName>לא ידוע</ManufacturerName>
      <ManufactureCountry>לא ידוע</ManufactureCountry>
      <ManufacturerItemDescription>דוריטוס דיפ טבעי 70ג</ManufacturerItemDescription>
      <UnitQty>לא ידוע</UnitQty>
      <Quantity>70.00</Quantity>
      <UnitOfMeasure>לא ידוע</UnitOfMeasure>
      <bIsWeighted>0</bIsWeighted>
      <QtyInPackage>לא ידוע</QtyInPackage>
      <ItemPrice>5.90</ItemPrice>
      <UnitOfMeasurePrice>0.0843</UnitOfMeasurePrice>
      <AllowDiscount>1</AllowDiscount>
      <ItemStatus>1</ItemStatus>
      <ItemId>141713</ItemId>
    </Item>
    <Item>
      <PriceUpdateDate>2025-08-31 09:59:26</PriceUpdateDate>
      <ItemCode>7290102030330</ItemCode>
      <ItemType>1</ItemType>
      <ItemName>תפוציפס קראנץ מקסיקנ</ItemName>
      <ManufacturerName>לא ידוע</ManufacturerName>
      <ManufactureCountry>לא ידוע</ManufactureCountry>
      <ManufacturerItemDescription>תפוציפס קראנץ מקסיקנ</ManufacturerItemDescription>
      <UnitQty>לא ידוע</UnitQty>
      <Quantity>200.00</Quantity>
      <UnitOfMeasure>לא ידוע</UnitOfMeasure>
      <bIsWeighted>0</bIsWeighted>
      <QtyInPackage>לא ידוע</QtyInPackage>
      <ItemPrice>13.50</ItemPrice>
      <UnitOfMeasurePrice>0.0675</UnitOfMeasurePrice>
      <AllowDiscount>1</AllowDiscount>
      <ItemStatus>1</ItemStatus>
      <ItemId>141736</ItemId>
    </Item>
    <Item>
      <PriceUpdateDate>2025-08-31 09:59:26</PriceUpdateDate>
      <ItemCode>7290104722530</ItemCode>
      <ItemType>1</ItemType>
      <ItemName>תפוציפס שמנת בצל 200</ItemName>
      <ManufacturerName>לא ידוע</ManufacturerName>
      <ManufactureCountry>לא ידוע</ManufactureCountry>
      <ManufacturerItemDescription>תפוציפס שמנת בצל 200</ManufacturerItemDescription>
      <UnitQty>לא ידוע</UnitQty>
      <Quantity>200.00</Quantity>
      <UnitOfMeasure>לא ידוע</UnitOfMeasure>
      <bIsWeighted>0</bIsWeighted>
      <QtyInPackage>לא ידוע</QtyInPackage>
      <ItemPrice>13.50</ItemPrice>
      <UnitOfMeasurePrice>0.0675</UnitOfMeasurePrice>
      <AllowDiscount>1</AllowDiscount>
      <ItemStatus>1</ItemStatus>
      <ItemId>141815</ItemId>
    </Item>
    <Item>
      <PriceUpdateDate>2025-09-03 10:35:21</PriceUpdateDate>
      <ItemCode>7290116935843</ItemCode>
      <ItemType>1</ItemType>
      <ItemName>יוגורט יופלה תותים ב</ItemName>
      <ManufacturerName>לא ידוע</ManufacturerName>
      <ManufactureCountry>לא ידוע</ManufactureCountry>
      <ManufacturerItemDescription>יוגורט יופלה תותים ב</ManufacturerItemDescription>
      <UnitQty>לא ידוע</UnitQty>
      <Quantity>150.00</Quantity>
      <UnitOfMeasure>לא ידוע</UnitOfMeasure>
      <bIsWeighted>0</bIsWeighted>
      <QtyInPackage>לא ידוע</QtyInPackage>
      <ItemPrice>6.20</ItemPrice>
      <UnitOfMeasurePrice>0.0413</UnitOfMeasurePrice>
      <AllowDiscount>1</AllowDiscount>
      <ItemStatus>1</ItemStatus>
      <ItemId>255798</ItemId>
    </Item>
    <Item>
      <PriceUpdateDate>2025-08-31 09:59:26</PriceUpdateDate>
      <ItemCode>7290105360878</ItemCode>
      <ItemType>1</ItemType>
      <ItemName>תפוציפס מארז 4*50ג</ItemName>
      <ManufacturerName>לא ידוע</ManufacturerName>
      <ManufactureCountry>לא ידוע</ManufactureCountry>
      <ManufacturerItemDescription>תפוציפס מארז 4*50ג</ManufacturerItemDescription>
      <UnitQty>לא ידוע</UnitQty>
      <Quantity>200.00</Quantity>
      <UnitOfMeasure>לא ידוע</UnitOfMeasure>
      <bIsWeighted>0</bIsWeighted>
      <QtyInPackage>לא ידוע</QtyInPackage>
      <ItemPrice>13.90</ItemPrice>
      <UnitOfMeasurePrice>0.0695</UnitOfMeasurePrice>
      <AllowDiscount>1</AllowDiscount>
      <ItemStatus>1</ItemStatus>
      <ItemId>141843</ItemId>
    </Item>
    <Item>
      <PriceUpdateDate>2025-09-03 11:57:28</PriceUpdateDate>
      <ItemCode>7290121164115</ItemCode>
      <ItemType>1</ItemType>
      <ItemName>מרבה עוגיות קוואדרוט</ItemName>
      <ManufacturerName>לא ידוע</ManufacturerName>
      <ManufactureCountry>לא ידוע</ManufactureCountry>
      <ManufacturerItemDescription>מרבה עוגיות קוואדרוט</ManufacturerItemDescription>
      <UnitQty>לא ידוע</UnitQty>
      <Quantity>200.00</Quantity>
      <UnitOfMeasure>לא ידוע</UnitOfMeasure>
      <bIsWeighted>0</bIsWeighted>
      <QtyInPackage>לא ידוע</QtyInPackage>
      <ItemPrice>9.90</ItemPrice>
      <UnitOfMeasurePrice>0.0495</UnitOfMeasurePrice>
      <AllowDiscount>1</AllowDiscount>
      <ItemStatus>1</ItemStatus>
      <ItemId>255638</ItemId>
    </Item>
    <Item>
      <PriceUpdateDate>2025-08-26 12:08:19</PriceUpdateDate>
      <ItemCode>7290106528567</ItemCode>
      <ItemType>1</ItemType>
      <ItemName>דוריטוס גריל 185 גרם</ItemName>
      <ManufacturerName>לא ידוע</ManufacturerName>
      <ManufactureCountry>לא ידוע</ManufactureCountry>
      <ManufacturerItemDescription>דוריטוס גריל 185 גרם</ManufacturerItemDescription>
      <UnitQty>לא ידוע</UnitQty>
      <Quantity>185.00</Quantity>
      <UnitOfMeasure>לא ידוע</UnitOfMeasure>
      <bIsWeighted>0</bIsWeighted>
      <QtyInPackage>לא ידוע</QtyInPackage>
      <ItemPrice>11.90</ItemPrice>
      <UnitOfMeasurePrice>0.0643</UnitOfMeasurePrice>
      <AllowDiscount>1</AllowDiscount>
      <ItemStatus>1</ItemStatus>
      <ItemId>141899</ItemId>
    </Item>
    <Item>
      <PriceUpdateDate>2025-08-31 09:59:28</PriceUpdateDate>
      <ItemCode>7290106667266</ItemCode>
      <ItemType>1</ItemType>
      <ItemName>דוריטוס חמוץ חריף 18</ItemName>
      <ManufacturerName>לא ידוע</ManufacturerName>
      <ManufactureCountry>לא ידוע</ManufactureCountry>
      <ManufacturerItemDescription>דוריטוס חמוץ חריף 18</ManufacturerItemDescription>
      <UnitQty>לא ידוע</UnitQty>
      <Quantity>185.00</Quantity>
      <UnitOfMeasure>לא ידוע</UnitOfMeasure>
      <bIsWeighted>0</bIsWeighted>
      <QtyInPackage>לא ידוע</QtyInPackage>
      <ItemPrice>11.90</ItemPrice>
      <UnitOfMeasurePrice>0.0643</UnitOfMeasurePrice>
      <AllowDiscount>1</AllowDiscount>
      <ItemStatus>1</ItemStatus>
      <ItemId>141974</ItemId>
    </Item>
    <Item>
      <PriceUpdateDate>2025-05-04 08:15:03</PriceUpdateDate>
      <ItemCode>7290000009063</ItemCode>
      <ItemType>1</ItemType>
      <ItemName>גבינה צהובה נעם 28%</ItemName>
      <ManufacturerName>לא ידוע</ManufacturerName>
      <ManufactureCountry>ישראל</ManufactureCountry>
      <ManufacturerItemDescription>גבינה צהובה נעם 28%</ManufacturerItemDescription>
      <UnitQty>קילוגרמים</UnitQty>
      <Quantity>1.00</Quantity>
      <UnitOfMeasure>ק"ג</UnitOfMeasure>
      <bIsWeighted>1</bIsWeighted>
      <QtyInPackage>לא ידוע</QtyInPackage>
      <ItemPrice>52.30</ItemPrice>
      <UnitOfMeasurePrice>52.3000</UnitOfMeasurePrice>
      <AllowDiscount>1</AllowDiscount>
      <ItemStatus>1</ItemStatus>
      <ItemId>142036</ItemId>
    </Item>
    <Item>
      <PriceUpdateDate>2025-05-05 08:19:34</PriceUpdateDate>
      <ItemCode>7290000474502</ItemCode>
      <ItemType>1</ItemType>
      <ItemName>גבינה לבנה 5% טרה 25</ItemName>
      <ManufacturerName>קריות זול</ManufacturerName>
      <ManufactureCountry>לא ידוע</ManufactureCountry>
      <ManufacturerItemDescription>גבינה לבנה 5% טרה 25</ManufacturerItemDescription>
      <UnitQty>לא ידוע</UnitQty>
      <Quantity>250.00</Quantity>
      <UnitOfMeasure>לא ידוע</UnitOfMeasure>
      <bIsWeighted>0</bIsWeighted>
      <QtyInPackage>לא ידוע</QtyInPackage>
      <ItemPrice>5.81</ItemPrice>
      <UnitOfMeasurePrice>0.0232</UnitOfMeasurePrice>
      <AllowDiscount>1</AllowDiscount>
      <ItemStatus>1</ItemStatus>
      <ItemId>142070</ItemId>
    </Item>
    <Item>
      <PriceUpdateDate>2025-08-19 11:29:51</PriceUpdateDate>
      <ItemCode>7290000474540</ItemCode>
      <ItemType>1</ItemType>
      <ItemName>גבינת 3% טוב טעם 250</ItemName>
      <ManufacturerName>קריות זול</ManufacturerName>
      <ManufactureCountry>לא ידוע</ManufactureCountry>
      <ManufacturerItemDescription>גבינת 3% טוב טעם 250</ManufacturerItemDescription>
      <UnitQty>לא ידוע</UnitQty>
      <Quantity>250.00</Quantity>
      <UnitOfMeasure>לא ידוע</UnitOfMeasure>
      <bIsWeighted>0</bIsWeighted>
      <QtyInPackage>לא ידוע</QtyInPackage>
      <ItemPrice>15.10</ItemPrice>
      <UnitOfMeasurePrice>0.0604</UnitOfMeasurePrice>
      <AllowDiscount>1</AllowDiscount>
      <ItemStatus>1</ItemStatus>
      <ItemId>142072</ItemId>
    </Item>
    <Item>
      <PriceUpdateDate>2025-08-19 11:29:52</PriceUpdateDate>
      <ItemCode>7290000474830</ItemCode>
      <ItemType>1</ItemType>
      <ItemName>גבינה צהובה מגורדת 2</ItemName>
      <ManufacturerName>קריות זול</ManufacturerName>
      <ManufactureCountry>לא ידוע</ManufactureCountry>
      <ManufacturerItemDescription>גבינה צהובה מגורדת 2</ManufacturerItemDescription>
      <UnitQty>לא ידוע</UnitQty>
      <Quantity>500.00</Quantity>
      <UnitOfMeasure>לא ידוע</UnitOfMeasure>
      <bIsWeighted>0</bIsWeighted>
      <QtyInPackage>לא ידוע</QtyInPackage>
      <ItemPrice>43.40</ItemPrice>
      <UnitOfMeasurePrice>0.0868</UnitOfMeasurePrice>
      <AllowDiscount>1</AllowDiscount>
      <ItemStatus>1</ItemStatus>
      <ItemId>142074</ItemId>
    </Item>
    <Item>
      <PriceUpdateDate>2025-09-03 11:46:49</PriceUpdateDate>
      <ItemCode>7290001485019</ItemCode>
      <ItemType>1</ItemType>
      <ItemName>גבינת קרם שמנת טעם ט</ItemName>
      <ManufacturerName>קריות זול</ManufacturerName>
      <ManufactureCountry>לא ידוע</ManufactureCountry>
      <ManufacturerItemDescription>גבינת קרם שמנת טעם ט</ManufacturerItemDescription>
      <UnitQty>לא ידוע</UnitQty>
      <Quantity>200.00</Quantity>
      <UnitOfMeasure>לא ידוע</UnitOfMeasure>
      <bIsWeighted>0</bIsWeighted>
      <QtyInPackage>לא ידוע</QtyInPackage>
      <ItemPrice>14.90</ItemPrice>
      <UnitOfMeasurePrice>0.0745</UnitOfMeasurePrice>
      <AllowDiscount>1</AllowDiscount>
      <ItemStatus>1</ItemStatus>
      <ItemId>142089</ItemId>
    </Item>
    <Item>
      <PriceUpdateDate>2025-08-19 11:29:57</PriceUpdateDate>
      <ItemCode>7290002107965</ItemCode>
      <ItemType>1</ItemType>
      <ItemName>גבינה טבורוג לאפייה</ItemName>
      <ManufacturerName>קריות זול</ManufacturerName>
      <ManufactureCountry>לא ידוע</ManufactureCountry>
      <ManufacturerItemDescription>גבינה טבורוג לאפייה</ManufacturerItemDescription>
      <UnitQty>לא ידוע</UnitQty>
      <Quantity>500.00</Quantity>
      <UnitOfMeasure>לא ידוע</UnitOfMeasure>
      <bIsWeighted>0</bIsWeighted>
      <QtyInPackage>לא ידוע</QtyInPackage>
      <ItemPrice>34.10</ItemPrice>
      <UnitOfMeasurePrice>0.0682</UnitOfMeasurePrice>
      <AllowDiscount>1</AllowDiscount>
      <ItemStatus>1</ItemStatus>
      <ItemId>142141</ItemId>
    </Item>
    <Item>
      <PriceUpdateDate>2025-08-19 11:29:57</PriceUpdateDate>
      <ItemCode>7290002868996</ItemCode>
      <ItemType>1</ItemType>
      <ItemName>קוטג 5% טרה 250גר</ItemName>
      <ManufacturerName>קריות זול</ManufacturerName>
      <ManufactureCountry>לא ידוע</ManufactureCountry>
      <ManufacturerItemDescription>קוטג 5% טרה 250גר</ManufacturerItemDescription>
      <UnitQty>לא ידוע</UnitQty>
      <Quantity>250.00</Quantity>
      <UnitOfMeasure>לא ידוע</UnitOfMeasure>
      <bIsWeighted>0</bIsWeighted>
      <QtyInPackage>לא ידוע</QtyInPackage>
      <ItemPrice>7.00</ItemPrice>
      <UnitOfMeasurePrice>0.0280</UnitOfMeasurePrice>
      <AllowDiscount>1</AllowDiscount>
      <ItemStatus>1</ItemStatus>
      <ItemId>142153</ItemId>
    </Item>
    <Item>
      <PriceUpdateDate>2025-08-19 11:29:57</PriceUpdateDate>
      <ItemCode>7290003009640</ItemCode>
      <ItemType>1</ItemType>
      <ItemName>פריגת סחוט תפוזים קל</ItemName>
      <ManufacturerName>קריות זול</ManufacturerName>
      <ManufactureCountry>לא ידוע</ManufactureCountry>
      <ManufacturerItemDescription>פריגת סחוט תפוזים קל</ManufacturerItemDescription>
      <UnitQty>לא ידוע</UnitQty>
      <Quantity>1000.00</Quantity>
      <UnitOfMeasure>לא ידוע</UnitOfMeasure>
      <bIsWeighted>0</bIsWeighted>
      <QtyInPackage>לא ידוע</QtyInPackage>
      <ItemPrice>19.00</ItemPrice>
      <UnitOfMeasurePrice>0.0190</UnitOfMeasurePrice>
      <AllowDiscount>1</AllowDiscount>
      <ItemStatus>1</ItemStatus>
      <ItemId>142156</ItemId>
    </Item>
    <Item>
      <PriceUpdateDate>2025-05-19 12:31:09</PriceUpdateDate>
      <ItemCode>7290003126712</ItemCode>
      <ItemType>1</ItemType>
      <ItemName>יוגורט עיזים בגביע 3</ItemName>
      <ManufacturerName>לא ידוע</ManufacturerName>
      <ManufactureCountry>לא ידוע</ManufactureCountry>
      <ManufacturerItemDescription>יוגורט עיזים בגביע 3</ManufacturerItemDescription>
      <UnitQty>לא ידוע</UnitQty>
      <Quantity>150.00</Quantity>
      <UnitOfMeasure>לא ידוע</UnitOfMeasure>
      <bIsWeighted>0</bIsWeighted>
      <QtyInPackage>לא ידוע</QtyInPackage>
      <ItemPrice>8.20</ItemPrice>
      <UnitOfMeasurePrice>0.0547</UnitOfMeasurePrice>
      <AllowDiscount>1</AllowDiscount>
      <ItemStatus>1</ItemStatus>
      <ItemId>142178</ItemId>
    </Item>
    <Item>
      <PriceUpdateDate>2025-08-19 11:29:58</PriceUpdateDate>
      <ItemCode>7290003126958</ItemCode>
      <ItemType>1</ItemType>
      <ItemName>טופו בואקום צוריאל 3</ItemName>
      <ManufacturerName>קריות זול</ManufacturerName>
      <ManufactureCountry>לא ידוע</ManufactureCountry>
      <ManufacturerItemDescription>טופו בואקום צוריאל 3</ManufacturerItemDescription>
      <UnitQty>לא ידוע</UnitQty>
      <Quantity>300.00</Quantity>
      <UnitOfMeasure>לא ידוע</UnitOfMeasure>
      <bIsWeighted>0</bIsWeighted>
      <QtyInPackage>לא ידוע</QtyInPackage>
      <ItemPrice>16.50</ItemPrice>
      <UnitOfMeasurePrice>0.0550</UnitOfMeasurePrice>
      <AllowDiscount>1</AllowDiscount>
      <ItemStatus>1</ItemStatus>
      <ItemId>142185</ItemId>
    </Item>
    <Item>
      <PriceUpdateDate>2025-08-19 11:29:59</PriceUpdateDate>
      <ItemCode>7290006241504</ItemCode>
      <ItemType>1</ItemType>
      <ItemName>פריגת תפוזים קפוא 34</ItemName>
      <ManufacturerName>קריות זול</ManufacturerName>
      <ManufactureCountry>לא ידוע</ManufactureCountry>
      <ManufacturerItemDescription>פריגת תפוזים קפוא 34</ManufacturerItemDescription>
      <UnitQty>לא ידוע</UnitQty>
      <Quantity>345.00</Quantity>
      <UnitOfMeasure>לא ידוע</UnitOfMeasure>
      <bIsWeighted>0</bIsWeighted>
      <QtyInPackage>לא ידוע</QtyInPackage>
      <ItemPrice>16.30</ItemPrice>
      <UnitOfMeasurePrice>0.0472</UnitOfMeasurePrice>
      <AllowDiscount>1</AllowDiscount>
      <ItemStatus>1</ItemStatus>
      <ItemId>142188</ItemId>
    </Item>
    <Item>
      <PriceUpdateDate>2025-08-19 11:30:00</PriceUpdateDate>
      <ItemCode>7290006241535</ItemCode>
      <ItemType>1</ItemType>
      <ItemName>פריגת מנגו קפוא 350ג</ItemName>
      <ManufacturerName>קריות זול</ManufacturerName>
      <ManufactureCountry>לא ידוע</ManufactureCountry>
      <ManufacturerItemDescription>פריגת מנגו קפוא 350ג</ManufacturerItemDescription>
      <UnitQty>לא ידוע</UnitQty>
      <Quantity>350.00</Quantity>
      <UnitOfMeasure>לא ידוע</UnitOfMeasure>
      <bIsWeighted>0</bIsWeighted>
      <QtyInPackage>לא ידוע</QtyInPackage>
      <ItemPrice>16.30</ItemPrice>
      <UnitOfMeasurePrice>0.0466</UnitOfMeasurePrice>
      <AllowDiscount>1</AllowDiscount>
      <ItemStatus>1</ItemStatus>
      <ItemId>142190</ItemId>
    </Item>
    <Item>
      <PriceUpdateDate>2025-08-21 12:21:41</PriceUpdateDate>
      <ItemCode>7290102390427</ItemCode>
      <ItemType>1</ItemType>
      <ItemName>מולר פרופ תות 3% 150</ItemName>
      <ManufacturerName>לא ידוע</ManufacturerName>
      <ManufactureCountry>לא ידוע</ManufactureCountry>
      <ManufacturerItemDescription>מולר פרופ תות 3% 150</ManufacturerItemDescription>
      <UnitQty>לא ידוע</UnitQty>
      <Quantity>150.00</Quantity>
      <UnitOfMeasure>לא ידוע</UnitOfMeasure>
      <bIsWeighted>0</bIsWeighted>
      <QtyInPackage>לא ידוע</QtyInPackage>
      <ItemPrice>6.80</ItemPrice>
      <UnitOfMeasurePrice>0.0453</UnitOfMeasurePrice>
      <AllowDiscount>1</AllowDiscount>
      <ItemStatus>1</ItemStatus>
      <ItemId>142280</ItemId>
    </Item>
    <Item>
      <PriceUpdateDate>2025-08-21 12:21:41</PriceUpdateDate>
      <ItemCode>7290102390465</ItemCode>
      <ItemType>1</ItemType>
      <ItemName>מולר פרופ אפרסק פסיפ</ItemName>
      <ManufacturerName>לא ידוע</ManufacturerName>
      <ManufactureCountry>לא ידוע</ManufactureCountry>
      <ManufacturerItemDescription>מולר פרופ אפרסק פסיפ</ManufacturerItemDescription>
      <UnitQty>לא ידוע</UnitQty>
      <Quantity>150.00</Quantity>
      <UnitOfMeasure>לא ידוע</UnitOfMeasure>
      <bIsWeighted>0</bIsWeighted>
      <QtyInPackage>לא ידוע</QtyInPackage>
      <ItemPrice>6.80</ItemPrice>
      <UnitOfMeasurePrice>0.0453</UnitOfMeasurePrice>
      <AllowDiscount>1</AllowDiscount>
      <ItemStatus>1</ItemStatus>
      <ItemId>142283</ItemId>
    </Item>
    <Item>
      <PriceUpdateDate>2025-08-21 12:21:41</PriceUpdateDate>
      <ItemCode>7290102390489</ItemCode>
      <ItemType>1</ItemType>
      <ItemName>מולר פרופ לימון 3% 1</ItemName>
      <ManufacturerName>לא ידוע</ManufacturerName>
      <ManufactureCountry>לא ידוע</ManufactureCountry>
      <ManufacturerItemDescription>מולר פרופ לימון 3% 1</ManufacturerItemDescription>
      <UnitQty>לא ידוע</UnitQty>
      <Quantity>150.00</Quantity>
      <UnitOfMeasure>לא ידוע</UnitOfMeasure>
      <bIsWeighted>0</bIsWeighted>
      <QtyInPackage>לא ידוע</QtyInPackage>
      <ItemPrice>6.80</ItemPrice>
      <UnitOfMeasurePrice>0.0453</UnitOfMeasurePrice>
      <AllowDiscount>1</AllowDiscount>
      <ItemStatus>1</ItemStatus>
      <ItemId>142285</ItemId>
    </Item>
    <Item>
      <PriceUpdateDate>2025-08-21 12:21:41</PriceUpdateDate>
      <ItemCode>7290102391844</ItemCode>
      <ItemType>1</ItemType>
      <ItemName>מולר פרופ לבן+קציפת</ItemName>
      <ManufacturerName>לא ידוע</ManufacturerName>
      <ManufactureCountry>לא ידוע</ManufactureCountry>
      <ManufacturerItemDescription>מולר פרופ לבן+קציפת</ManufacturerItemDescription>
      <UnitQty>לא ידוע</UnitQty>
      <Quantity>150.00</Quantity>
      <UnitOfMeasure>לא ידוע</UnitOfMeasure>
      <bIsWeighted>0</bIsWeighted>
      <QtyInPackage>לא ידוע</QtyInPackage>
      <ItemPrice>6.80</ItemPrice>
      <UnitOfMeasurePrice>0.0453</UnitOfMeasurePrice>
      <AllowDiscount>1</AllowDiscount>
      <ItemStatus>1</ItemStatus>
      <ItemId>142344</ItemId>
    </Item>
    <Item>
      <PriceUpdateDate>2025-08-21 11:20:16</PriceUpdateDate>
      <ItemCode>7290013927583</ItemCode>
      <ItemType>1</ItemType>
      <ItemName>רוגעלך עם שוקולד צ'י</ItemName>
      <ManufacturerName>לא ידוע</ManufacturerName>
      <ManufactureCountry>לא ידוע</ManufactureCountry>
      <ManufacturerItemDescription>רוגעלך עם שוקולד צ'י</ManufacturerItemDescription>
      <UnitQty>לא ידוע</UnitQty>
      <Quantity>400.00</Quantity>
      <UnitOfMeasure>לא ידוע</UnitOfMeasure>
      <bIsWeighted>0</bIsWeighted>
      <QtyInPackage>לא ידוע</QtyInPackage>
      <ItemPrice>14.50</ItemPrice>
      <UnitOfMeasurePrice>0.0363</UnitOfMeasurePrice>
      <AllowDiscount>1</AllowDiscount>
      <ItemStatus>1</ItemStatus>
      <ItemId>212370</ItemId>
    </Item>
    <Item>
      <PriceUpdateDate>2025-08-26 11:14:37</PriceUpdateDate>
      <ItemCode>7290119380824</ItemCode>
      <ItemType>1</ItemType>
      <ItemName>משקה קפה קר שיבולת ש</ItemName>
      <ManufacturerName>לא ידוע</ManufacturerName>
      <ManufactureCountry>לא ידוע</ManufactureCountry>
      <ManufacturerItemDescription>משקה קפה קר שיבולת ש</ManufacturerItemDescription>
      <UnitQty>לא ידוע</UnitQty>
      <Quantity>230.00</Quantity>
      <UnitOfMeasure>לא ידוע</UnitOfMeasure>
      <bIsWeighted>0</bIsWeighted>
      <QtyInPackage>לא ידוע</QtyInPackage>
      <ItemPrice>9.70</ItemPrice>
      <UnitOfMeasurePrice>0.0422</UnitOfMeasurePrice>
      <AllowDiscount>1</AllowDiscount>
      <ItemStatus>1</ItemStatus>
      <ItemId>254042</ItemId>
    </Item>
    <Item>
      <PriceUpdateDate>2025-08-20 16:33:18</PriceUpdateDate>
      <ItemCode>5900020033314</ItemCode>
      <ItemType>1</ItemType>
      <ItemName>חטיף דגנים ליון 6*25</ItemName>
      <ManufacturerName>לא ידוע</ManufacturerName>
      <ManufactureCountry>לא ידוע</ManufactureCountry>
      <ManufacturerItemDescription>חטיף דגנים ליון 6*25</ManufacturerItemDescription>
      <UnitQty>לא ידוע</UnitQty>
      <Quantity>150.00</Quantity>
      <UnitOfMeasure>לא ידוע</UnitOfMeasure>
      <bIsWeighted>0</bIsWeighted>
      <QtyInPackage>לא ידוע</QtyInPackage>
      <ItemPrice>18.90</ItemPrice>
      <UnitOfMeasurePrice>0.1260</UnitOfMeasurePrice>
      <AllowDiscount>1</AllowDiscount>
      <ItemStatus>1</ItemStatus>
      <ItemId>212202</ItemId>
    </Item>
    <Item>
      <PriceUpdateDate>2025-08-26 10:37:03</PriceUpdateDate>
      <ItemCode>7290002211730</ItemCode>
      <ItemType>1</ItemType>
      <ItemName>קמח כוסמין לבן מנופה</ItemName>
      <ManufacturerName>לא ידוע</ManufacturerName>
      <ManufactureCountry>לא ידוע</ManufactureCountry>
      <ManufacturerItemDescription>קמח כוסמין לבן מנופה</ManufacturerItemDescription>
      <UnitQty>לא ידוע</UnitQty>
      <Quantity>1.00</Quantity>
      <UnitOfMeasure>לא ידוע</UnitOfMeasure>
      <bIsWeighted>0</bIsWeighted>
      <QtyInPackage>לא ידוע</QtyInPackage>
      <ItemPrice>13.90</ItemPrice>
      <UnitOfMeasurePrice>13.9000</UnitOfMeasurePrice>
      <AllowDiscount>1</AllowDiscount>
      <ItemStatus>1</ItemStatus>
      <ItemId>247994</ItemId>
    </Item>
    <Item>
      <PriceUpdateDate>2025-08-27 11:25:17</PriceUpdateDate>
      <ItemCode>7290018091111</ItemCode>
      <ItemType>1</ItemType>
      <ItemName>מאמאמיה פיצה עם זיתי</ItemName>
      <ManufacturerName>קריות זול</ManufacturerName>
      <ManufactureCountry>לא ידוע</ManufactureCountry>
      <ManufacturerItemDescription>מאמאמיה פיצה עם זיתי</ManufacturerItemDescription>
      <UnitQty>לא ידוע</UnitQty>
      <Quantity>510.00</Quantity>
      <UnitOfMeasure>לא ידוע</UnitOfMeasure>
      <bIsWeighted>0</bIsWeighted>
      <QtyInPackage>לא ידוע</QtyInPackage>
      <ItemPrice>28.90</ItemPrice>
      <UnitOfMeasurePrice>0.0567</UnitOfMeasurePrice>
      <AllowDiscount>1</AllowDiscount>
      <ItemStatus>1</ItemStatus>
      <ItemId>241150</ItemId>
    </Item>
    <Item>
      <PriceUpdateDate>2025-08-21 08:09:49</PriceUpdateDate>
      <ItemCode>7290000311890</ItemCode>
      <ItemType>1</ItemType>
      <ItemName>וופל מן בטעם לימון ל</ItemName>
      <ManufacturerName>לא ידוע</ManufacturerName>
      <ManufactureCountry>לא ידוע</ManufactureCountry>
      <ManufacturerItemDescription>וופל מן בטעם לימון ל</ManufacturerItemDescription>
      <UnitQty>לא ידוע</UnitQty>
      <Quantity>180.00</Quantity>
      <UnitOfMeasure>לא ידוע</UnitOfMeasure>
      <bIsWeighted>0</bIsWeighted>
      <QtyInPackage>לא ידוע</QtyInPackage>
      <ItemPrice>10.90</ItemPrice>
      <UnitOfMeasurePrice>0.0606</UnitOfMeasurePrice>
      <AllowDiscount>1</AllowDiscount>
      <ItemStatus>1</ItemStatus>
      <ItemId>240782</ItemId>
    </Item>
    <Item>
      <PriceUpdateDate>2025-08-26 16:10:48</PriceUpdateDate>
      <ItemCode>7290016246445</ItemCode>
      <ItemType>1</ItemType>
      <ItemName>בארכה טחינה גולמית מ</ItemName>
      <ManufacturerName>לא ידוע</ManufacturerName>
      <ManufactureCountry>לא ידוע</ManufactureCountry>
      <ManufacturerItemDescription>בארכה טחינה גולמית מ</ManufacturerItemDescription>
      <UnitQty>לא ידוע</UnitQty>
      <Quantity>310.00</Quantity>
      <UnitOfMeasure>לא ידוע</UnitOfMeasure>
      <bIsWeighted>0</bIsWeighted>
      <QtyInPackage>לא ידוע</QtyInPackage>
      <ItemPrice>15.90</ItemPrice>
      <UnitOfMeasurePrice>0.0513</UnitOfMeasurePrice>
      <AllowDiscount>1</AllowDiscount>
      <ItemStatus>1</ItemStatus>
      <ItemId>212203</ItemId>
    </Item>
    <Item>
      <PriceUpdateDate>2025-08-21 12:21:42</PriceUpdateDate>
      <ItemCode>7290102393039</ItemCode>
      <ItemType>1</ItemType>
      <ItemName>מולר מיקס בתוספת פצפ</ItemName>
      <ManufacturerName>קריות זול</ManufacturerName>
      <ManufactureCountry>לא ידוע</ManufactureCountry>
      <ManufacturerItemDescription>מולר מיקס בתוספת פצפ</ManufacturerItemDescription>
      <UnitQty>לא ידוע</UnitQty>
      <Quantity>150.00</Quantity>
      <UnitOfMeasure>לא ידוע</UnitOfMeasure>
      <bIsWeighted>0</bIsWeighted>
      <QtyInPackage>לא ידוע</QtyInPackage>
      <ItemPrice>7.80</ItemPrice>
      <UnitOfMeasurePrice>0.0520</UnitOfMeasurePrice>
      <AllowDiscount>1</AllowDiscount>
      <ItemStatus>1</ItemStatus>
      <ItemId>142418</ItemId>
    </Item>
  </Items>
</Root>