<?xml version="1.0" encoding="utf-8"?>
<root>
  <ChainId>7290027600007</ChainId>
  <SubChainId>005</SubChainId>
  <StoreId>621</StoreId>
  <BikoretNo>7</BikoretNo>
  <DllVerNo>8.0.1.3</DllVerNo>
  <Items Count="1512">
    <Item>
      <PriceUpdateDate>2024-12-23 17:17</PriceUpdateDate>
      <ItemCode>16000423534</ItemCode>
      <ItemType>1</ItemType>
      <ItemName>חטיף שיבולת ושוקולד5</ItemName>
      <ManufacturerName>ג'נרל מילס סאן אדריאן</ManufacturerName>
      <ManufactureCountry>ES</ManufactureCountry>
      <ManufacturerItemDescription>קראנצי שיבולת ושוקולד5יח</ManufacturerItemDescription>
      <UnitQty>גרמים</UnitQty>
      <Quantity>210.00</Quantity>
      <bIsWeighted>0</bIsWeighted>
      <UnitOfMeasure>100 גרם</UnitOfMeasure>
      <QtyInPackage>0</QtyInPackage>
      <ItemPrice>24.90</ItemPrice>
      <UnitOfMeasurePrice>11.86</UnitOfMeasurePrice>
      <AllowDiscount>1</AllowDiscount>
      <ItemStatus>1</ItemStatus>
    </Item>
    <Item>
      <PriceUpdateDate>2025-07-16 09:18</PriceUpdateDate>
      <ItemCode>192333027219</ItemCode>
      <ItemType>1</ItemType>
      <ItemName>סרום להבהרת כתמים 30מל</ItemName>
      <ManufacturerName>כללי</ManufacturerName>
      <ManufactureCountry>US</ManufactureCountry>
      <ManufacturerItemDescription>סרום להבהרת כתמים 30מל</ManufacturerItemDescription>
      <UnitQty>מיליליטרים</UnitQty>
      <Quantity>30.00</Quantity>
      <bIsWeighted>0</bIsWeighted>
      <UnitOfMeasure>100 מ"ל</UnitOfMeasure>
      <QtyInPackage>1</QtyInPackage>
      <ItemPrice>370.00</ItemPrice>
      <UnitOfMeasurePrice>1233.33</UnitOfMeasurePrice>
      <AllowDiscount>1</AllowDiscount>
      <ItemStatus>1</ItemStatus>
    </Item>
    <Item>
      <PriceUpdateDate>2025-01-07 17:00</PriceUpdateDate>
      <ItemCode>192333066928</ItemCode>
      <ItemType>1</ItemType>
      <ItemName>מויסטר סרג' 100 שעות 30מ</ItemName>
      <ManufacturerName>כללי</ManufacturerName>
      <ManufactureCountry>US</ManufactureCountry>
      <ManufacturerItemDescription>מויסטר סרג' 100</ManufacturerItemDescription>
      <UnitQty>מיליליטרים</UnitQty>
      <Quantity>30.00</Quantity>
      <bIsWeighted>0</bIsWeighted>
      <UnitOfMeasure>100 מ"ל</UnitOfMeasure>
      <QtyInPackage>1</QtyInPackage>
      <ItemPrice>120.00</ItemPrice>
      <UnitOfMeasurePrice>400.00</UnitOfMeasurePrice>
      <AllowDiscount>1</AllowDiscount>
      <ItemStatus>1</ItemStatus>
    </Item>
    <Item>
      <PriceUpdateDate>2025-07-18 08:51</PriceUpdateDate>
      <ItemCode>192333102206</ItemCode>
      <ItemType>1</ItemType>
      <ItemName>פודרה בתפזורת לגימור חלק</ItemName>
      <ManufacturerName>קליניק</ManufacturerName>
      <ManufactureCountry>US</ManufactureCountry>
      <ManufacturerItemDescription>פודרה בתפזורת לגימור חלק</ManufacturerItemDescription>
      <UnitQty>גרמים</UnitQty>
      <Quantity>25.00</Quantity>
      <bIsWeighted>0</bIsWeighted>
      <UnitOfMeasure>100 גרם</UnitOfMeasure>
      <QtyInPackage>1</QtyInPackage>
      <ItemPrice>200.00</ItemPrice>
      <UnitOfMeasurePrice>800.00</UnitOfMeasurePrice>
      <AllowDiscount>1</AllowDiscount>
      <ItemStatus>1</ItemStatus>
    </Item>
    <Item>
      <PriceUpdateDate>2025-07-18 08:51</PriceUpdateDate>
      <ItemCode>192333102749</ItemCode>
      <ItemType>1</ItemType>
      <ItemName>קרם עיניים סמארט 15 מ"ל</ItemName>
      <ManufacturerName>אסתי לאודר</ManufacturerName>
      <ManufactureCountry>GB</ManufactureCountry>
      <ManufacturerItemDescription>קרם עיניים סמארט</ManufacturerItemDescription>
      <UnitQty>מיליליטרים</UnitQty>
      <Quantity>15.00</Quantity>
      <bIsWeighted>0</bIsWeighted>
      <UnitOfMeasure>100 מ"ל</UnitOfMeasure>
      <QtyInPackage>0</QtyInPackage>
      <ItemPrice>320.00</ItemPrice>
      <UnitOfMeasurePrice>2133.33</UnitOfMeasurePrice>
      <AllowDiscount>1</AllowDiscount>
      <ItemStatus>1</ItemStatus>
    </Item>
    <Item>
      <PriceUpdateDate>2025-07-18 08:51</PriceUpdateDate>
      <ItemCode>192333129272</ItemCode>
      <ItemType>1</ItemType>
      <ItemName>אייליינר נוזלי יח'</ItemName>
      <ManufacturerName>כללי</ManufacturerName>
      <ManufactureCountry>JP</ManufactureCountry>
      <ManufacturerItemDescription>אייליינר נוזלי</ManufacturerItemDescription>
      <UnitQty>יחידה</UnitQty>
      <Quantity>1.00</Quantity>
      <bIsWeighted>0</bIsWeighted>
      <UnitOfMeasure>יחידה</UnitOfMeasure>
      <QtyInPackage>1</QtyInPackage>
      <ItemPrice>145.00</ItemPrice>
      <UnitOfMeasurePrice>145.00</UnitOfMeasurePrice>
      <AllowDiscount>1</AllowDiscount>
      <ItemStatus>1</ItemStatus>
    </Item>
    <Item>
      <PriceUpdateDate>2025-07-18 08:51</PriceUpdateDate>
      <ItemCode>192333150580</ItemCode>
      <ItemType>1</ItemType>
      <ItemName>מויסטר סרג 50 מ"לSPF25</ItemName>
      <ManufacturerName>אסתי לאודר</ManufacturerName>
      <ManufactureCountry>GB</ManufactureCountry>
      <ManufacturerItemDescription>מויסטר סרג 50 מ"לSPF25</ManufacturerItemDescription>
      <UnitQty>מיליליטרים</UnitQty>
      <Quantity>50.00</Quantity>
      <bIsWeighted>0</bIsWeighted>
      <UnitOfMeasure>100 מ"ל</UnitOfMeasure>
      <QtyInPackage>1</QtyInPackage>
      <ItemPrice>200.00</ItemPrice>
      <UnitOfMeasurePrice>400.00</UnitOfMeasurePrice>
      <AllowDiscount>1</AllowDiscount>
      <ItemStatus>1</ItemStatus>
    </Item>
    <Item>
      <PriceUpdateDate>2025-07-23 15:09</PriceUpdateDate>
      <ItemCode>192333201527</ItemCode>
      <ItemType>1</ItemType>
      <ItemName>צללית סטיק דוצדדי גוון 5</ItemName>
      <ManufacturerName>אסתי לאודר</ManufacturerName>
      <ManufactureCountry>IT</ManufactureCountry>
      <ManufacturerItemDescription>צללית סטיק דוצדדי גוון 5</ManufacturerItemDescription>
      <UnitQty>יחידה</UnitQty>
      <Quantity>1.00</Quantity>
      <bIsWeighted>0</bIsWeighted>
      <UnitOfMeasure>יחידה</UnitOfMeasure>
      <QtyInPackage>1</QtyInPackage>
      <ItemPrice>150.00</ItemPrice>
      <UnitOfMeasurePrice>150.00</UnitOfMeasurePrice>
      <AllowDiscount>1</AllowDiscount>
      <ItemStatus>1</ItemStatus>
    </Item>
    <Item>
      <PriceUpdateDate>2025-07-16 09:18</PriceUpdateDate>
      <ItemCode>192333211779</ItemCode>
      <ItemType>1</ItemType>
      <ItemName>קליניק סרום מויסטר 50מ"ל</ItemName>
      <ManufacturerName>אסתי לאודר</ManufacturerName>
      <ManufactureCountry>GB</ManufactureCountry>
      <ManufacturerItemDescription>קליניק סרום מויסטר 50מ"ל</ManufacturerItemDescription>
      <UnitQty>מיליליטרים</UnitQty>
      <Quantity>50.00</Quantity>
      <bIsWeighted>0</bIsWeighted>
      <UnitOfMeasure>100 מ"ל</UnitOfMeasure>
      <QtyInPackage>1</QtyInPackage>
      <ItemPrice>290.00</ItemPrice>
      <UnitOfMeasurePrice>580.00</UnitOfMeasurePrice>
      <AllowDiscount>1</AllowDiscount>
      <ItemStatus>1</ItemStatus>
    </Item>
    <Item>
      <PriceUpdateDate>2025-07-18 08:51</PriceUpdateDate>
      <ItemCode>20714227685</ItemCode>
      <ItemType>1</ItemType>
      <ItemName>סבון פנים ע.מעורב שמן200</ItemName>
      <ManufacturerName>קליניק</ManufacturerName>
      <ManufactureCountry>GB</ManufactureCountry>
      <ManufacturerItemDescription>Facial Liquid</ManufacturerItemDescription>
      <UnitQty>מיליליטרים</UnitQty>
      <Quantity>200.00</Quantity>
      <bIsWeighted>0</bIsWeighted>
      <UnitOfMeasure>100 מ"ל</UnitOfMeasure>
      <QtyInPackage>0</QtyInPackage>
      <ItemPrice>140.00</ItemPrice>
      <UnitOfMeasurePrice>70.00</UnitOfMeasurePrice>
      <AllowDiscount>1</AllowDiscount>
      <ItemStatus>1</ItemStatus>
    </Item>
    <Item>
      <PriceUpdateDate>2025-07-18 08:51</PriceUpdateDate>
      <ItemCode>20714462772</ItemCode>
      <ItemType>1</ItemType>
      <ItemName>מי הסרה-מעורב עד שמן200מ</ItemName>
      <ManufacturerName>קליניק</ManufacturerName>
      <ManufactureCountry>GB</ManufactureCountry>
      <ManufacturerItemDescription>מי הסרה-עור מעור</ManufacturerItemDescription>
      <UnitQty>מיליליטרים</UnitQty>
      <Quantity>200.00</Quantity>
      <bIsWeighted>0</bIsWeighted>
      <UnitOfMeasure>100 מ"ל</UnitOfMeasure>
      <QtyInPackage>0</QtyInPackage>
      <ItemPrice>140.00</ItemPrice>
      <UnitOfMeasurePrice>70.00</UnitOfMeasurePrice>
      <AllowDiscount>1</AllowDiscount>
      <ItemStatus>1</ItemStatus>
    </Item>
    <Item>
      <PriceUpdateDate>2025-07-18 08:51</PriceUpdateDate>
      <ItemCode>20714968892</ItemCode>
      <ItemType>1</ItemType>
      <ItemName>קונסילר טיפולי  Ivory יח</ItemName>
      <ManufacturerName>כללי</ManufacturerName>
      <ManufactureCountry>CA</ManufactureCountry>
      <ManufacturerItemDescription>קונסילר טיפולי</ManufacturerItemDescription>
      <UnitQty>יחידה</UnitQty>
      <Quantity>1.00</Quantity>
      <bIsWeighted>0</bIsWeighted>
      <UnitOfMeasure>יחידה</UnitOfMeasure>
      <QtyInPackage>1</QtyInPackage>
      <ItemPrice>155.00</ItemPrice>
      <UnitOfMeasurePrice>155.00</UnitOfMeasurePrice>
      <AllowDiscount>1</AllowDiscount>
      <ItemStatus>1</ItemStatus>
    </Item>
    <Item>
      <PriceUpdateDate>2025-07-18 08:51</PriceUpdateDate>
      <ItemCode>20714984236</ItemCode>
      <ItemType>1</ItemType>
      <ItemName>מויסטר סרג' עיניים 15 מל</ItemName>
      <ManufacturerName>קליניק</ManufacturerName>
      <ManufactureCountry>US</ManufactureCountry>
      <ManufacturerItemDescription>מויסטר סרג' עיני</ManufacturerItemDescription>
      <UnitQty>מיליליטרים</UnitQty>
      <Quantity>15.00</Quantity>
      <bIsWeighted>0</bIsWeighted>
      <UnitOfMeasure>100 מ"ל</UnitOfMeasure>
      <QtyInPackage>1</QtyInPackage>
      <ItemPrice>185.00</ItemPrice>
      <UnitOfMeasurePrice>1233.33</UnitOfMeasurePrice>
      <AllowDiscount>1</AllowDiscount>
      <ItemStatus>1</ItemStatus>
    </Item>
    <Item>
      <PriceUpdateDate>2025-11-27 20:20</PriceUpdateDate>
      <ItemCode>20714999346</ItemCode>
      <ItemType>1</ItemType>
      <ItemName>ארומטיק אלקסיר לאשה100מל</ItemName>
      <ManufacturerName>קליניק בישום</ManufacturerName>
      <ManufactureCountry>US</ManufactureCountry>
      <ManufacturerItemDescription>ארומטיק אלקסיר לאשה100מל</ManufacturerItemDescription>
      <UnitQty>מיליליטרים</UnitQty>
      <Quantity>100.00</Quantity>
      <bIsWeighted>0</bIsWeighted>
      <UnitOfMeasure>100 מ"ל</UnitOfMeasure>
      <QtyInPackage>0</QtyInPackage>
      <ItemPrice>299.00</ItemPrice>
      <UnitOfMeasurePrice>299.00</UnitOfMeasurePrice>
      <AllowDiscount>1</AllowDiscount>
      <ItemStatus>1</ItemStatus>
    </Item>
    <Item>
      <PriceUpdateDate>2025-12-01 20:20</PriceUpdateDate>
      <ItemCode>22200956932</ItemCode>
      <ItemType>1</ItemType>
      <ItemName>ספיד סטיק ג'ל24/7כחול85ג</ItemName>
      <ManufacturerName>קולגייט-פלמוליב</ManufacturerName>
      <ManufactureCountry>US</ManufactureCountry>
      <ManufacturerItemDescription>ספיד סטיק גל24/7כחול85ג</ManufacturerItemDescription>
      <UnitQty>גרמים</UnitQty>
      <Quantity>85.00</Quantity>
      <bIsWeighted>0</bIsWeighted>
      <UnitOfMeasure>100 גרם</UnitOfMeasure>
      <QtyInPackage>0</QtyInPackage>
      <ItemPrice>21.90</ItemPrice>
      <UnitOfMeasurePrice>25.76</UnitOfMeasurePrice>
      <AllowDiscount>1</AllowDiscount>
      <ItemStatus>1</ItemStatus>
    </Item>
    <Item>
      <PriceUpdateDate>2025-01-01 10:05</PriceUpdateDate>
      <ItemCode>22548289662</ItemCode>
      <ItemType>1</ItemType>
      <ItemName>סקסי אמבר אדפ אשה50מל</ItemName>
      <ManufacturerName>EUROITALIA</ManufacturerName>
      <ManufactureCountry>IT</ManufactureCountry>
      <ManufacturerItemDescription>סקסי אמבר אדפ אי</ManufacturerItemDescription>
      <UnitQty>מיליליטרים</UnitQty>
      <Quantity>50.00</Quantity>
      <bIsWeighted>0</bIsWeighted>
      <UnitOfMeasure>100 מ"ל</UnitOfMeasure>
      <QtyInPackage>0</QtyInPackage>
      <ItemPrice>306.00</ItemPrice>
      <UnitOfMeasurePrice>612.00</UnitOfMeasurePrice>
      <AllowDiscount>1</AllowDiscount>
      <ItemStatus>1</ItemStatus>
    </Item>
    <Item>
      <PriceUpdateDate>2025-07-18 08:51</PriceUpdateDate>
      <ItemCode>27131187073</ItemCode>
      <ItemType>1</ItemType>
      <ItemName>WEAR DOUBLE מייק אפ 4N1</ItemName>
      <ManufacturerName>אסתי לאודר</ManufacturerName>
      <ManufactureCountry>BE</ManufactureCountry>
      <ManufacturerItemDescription>WEAR DOUBLE מייק</ManufacturerItemDescription>
      <UnitQty>מיליליטרים</UnitQty>
      <Quantity>30.00</Quantity>
      <bIsWeighted>0</bIsWeighted>
      <UnitOfMeasure>100 מ"ל</UnitOfMeasure>
      <QtyInPackage>0</QtyInPackage>
      <ItemPrice>245.00</ItemPrice>
      <UnitOfMeasurePrice>816.67</UnitOfMeasurePrice>
      <AllowDiscount>1</AllowDiscount>
      <ItemStatus>1</ItemStatus>
    </Item>
    <Item>
      <PriceUpdateDate>2025-11-14 10:19</PriceUpdateDate>
      <ItemCode>30074576</ItemCode>
      <ItemType>1</ItemType>
      <ItemName>מסקרה ווליום קולוסל</ItemName>
      <ManufacturerName>כללי</ManufacturerName>
      <ManufactureCountry>IL</ManufactureCountry>
      <ManufacturerItemDescription>מסקרה ווליום אקס קול יח</ManufacturerItemDescription>
      <UnitQty>יחידה</UnitQty>
      <Quantity>1.00</Quantity>
      <bIsWeighted>0</bIsWeighted>
      <UnitOfMeasure>יחידה</UnitOfMeasure>
      <QtyInPackage>1</QtyInPackage>
      <ItemPrice>45.90</ItemPrice>
      <UnitOfMeasurePrice>45.90</UnitOfMeasurePrice>
      <AllowDiscount>1</AllowDiscount>
      <ItemStatus>1</ItemStatus>
    </Item>
    <Item>
      <PriceUpdateDate>2024-12-10 10:20</PriceUpdateDate>
      <ItemCode>30095434</ItemCode>
      <ItemType>1</ItemType>
      <ItemName>לק גוון 41 יח'</ItemName>
      <ManufacturerName>לוריאל</ManufacturerName>
      <ManufactureCountry>DE</ManufactureCountry>
      <ManufacturerItemDescription>לק גוון 41</ManufacturerItemDescription>
      <UnitQty>יחידה</UnitQty>
      <Quantity>1.00</Quantity>
      <bIsWeighted>0</bIsWeighted>
      <UnitOfMeasure>יחידה</UnitOfMeasure>
      <QtyInPackage>1</QtyInPackage>
      <ItemPrice>45.90</ItemPrice>
      <UnitOfMeasurePrice>45.90</UnitOfMeasurePrice>
      <AllowDiscount>1</AllowDiscount>
      <ItemStatus>1</ItemStatus>
    </Item>
    <Item>
      <PriceUpdateDate>2025-11-27 19:30</PriceUpdateDate>
      <ItemCode>30144224</ItemCode>
      <ItemType>1</ItemType>
      <ItemName>מסקרה פייר וורק יח'</ItemName>
      <ManufacturerName>סייפו</ManufacturerName>
      <ManufactureCountry>IT</ManufactureCountry>
      <ManufacturerItemDescription>מסקרה פייר וורק יח</ManufacturerItemDescription>
      <UnitQty>יחידה</UnitQty>
      <Quantity>1.00</Quantity>
      <bIsWeighted>0</bIsWeighted>
      <UnitOfMeasure>יחידה</UnitOfMeasure>
      <QtyInPackage>1</QtyInPackage>
      <ItemPrice>39.90</ItemPrice>
      <UnitOfMeasurePrice>39.90</UnitOfMeasurePrice>
      <AllowDiscount>1</AllowDiscount>
      <ItemStatus>1</ItemStatus>
    </Item>
    <Item>
      <PriceUpdateDate>2025-01-07 14:14</PriceUpdateDate>
      <ItemCode>30147317</ItemCode>
      <ItemType>1</ItemType>
      <ItemName>מייבלין מסקרה בגוון חום</ItemName>
      <ManufacturerName>לוריאל איפור</ManufacturerName>
      <ManufactureCountry>IT</ManufactureCountry>
      <ManufacturerItemDescription>מייבלין מסקרה בגוון חום</ManufacturerItemDescription>
      <UnitQty>יחידה</UnitQty>
      <Quantity>1.00</Quantity>
      <bIsWeighted>0</bIsWeighted>
      <UnitOfMeasure>יחידה</UnitOfMeasure>
      <QtyInPackage>1</QtyInPackage>
      <ItemPrice>51.50</ItemPrice>
      <UnitOfMeasurePrice>51.50</UnitOfMeasurePrice>
      <AllowDiscount>1</AllowDiscount>
      <ItemStatus>1</ItemStatus>
    </Item>
    <Item>
      <PriceUpdateDate>2025-04-24 17:32</PriceUpdateDate>
      <ItemCode>30149403</ItemCode>
      <ItemType>1</ItemType>
      <ItemName>לק ג'ל קוטור</ItemName>
      <ManufacturerName>לוריאל</ManufacturerName>
      <ManufactureCountry>ES</ManufactureCountry>
      <ManufacturerItemDescription>לק גל קוטור</ManufacturerItemDescription>
      <UnitQty>יחידה</UnitQty>
      <Quantity>1.00</Quantity>
      <bIsWeighted>0</bIsWeighted>
      <UnitOfMeasure>יחידה</UnitOfMeasure>
      <QtyInPackage>1</QtyInPackage>
      <ItemPrice>49.90</ItemPrice>
      <UnitOfMeasurePrice>49.90</UnitOfMeasurePrice>
      <AllowDiscount>1</AllowDiscount>
      <ItemStatus>1</ItemStatus>
    </Item>
    <Item>
      <PriceUpdateDate>2025-07-20 15:45</PriceUpdateDate>
      <ItemCode>30150058</ItemCode>
      <ItemType>1</ItemType>
      <ItemName>מייב אינק וויניל ניוד100</ItemName>
      <ManufacturerName>סופרוג'ם</ManufacturerName>
      <ManufactureCountry>FR</ManufactureCountry>
      <ManufacturerItemDescription>מייב אינק וויניל ניוד100</ManufacturerItemDescription>
      <UnitQty>יחידה</UnitQty>
      <Quantity>1.00</Quantity>
      <bIsWeighted>0</bIsWeighted>
      <UnitOfMeasure>יחידה</UnitOfMeasure>
      <QtyInPackage>1</QtyInPackage>
      <ItemPrice>51.90</ItemPrice>
      <UnitOfMeasurePrice>51.90</UnitOfMeasurePrice>
      <AllowDiscount>1</AllowDiscount>
      <ItemStatus>1</ItemStatus>
    </Item>
    <Item>
      <PriceUpdateDate>2024-12-23 17:21</PriceUpdateDate>
      <ItemCode>30166967</ItemCode>
      <ItemType>1</ItemType>
      <ItemName>HIGH SKY מסקרה</ItemName>
      <ManufacturerName>סייפו</ManufacturerName>
      <ManufactureCountry>IT</ManufactureCountry>
      <ManufacturerItemDescription>SKY HIGH מסקרה</ManufacturerItemDescription>
      <UnitQty>יחידה</UnitQty>
      <Quantity>1.00</Quantity>
      <bIsWeighted>0</bIsWeighted>
      <UnitOfMeasure>יחידה</UnitOfMeasure>
      <QtyInPackage>1</QtyInPackage>
      <ItemPrice>51.50</ItemPrice>
      <UnitOfMeasurePrice>51.50</UnitOfMeasurePrice>
      <AllowDiscount>1</AllowDiscount>
      <ItemStatus>1</ItemStatus>
    </Item>
    <Item>
      <PriceUpdateDate>2025-06-24 11:17</PriceUpdateDate>
      <ItemCode>30166974</ItemCode>
      <ItemType>1</ItemType>
      <ItemName>מייבלין מסקרה קולוסל36שע</ItemName>
      <ManufacturerName>כללי</ManufacturerName>
      <ManufactureCountry>IT</ManufactureCountry>
      <ManufacturerItemDescription>מייבלין מסקרה קולוסל36שע</ManufacturerItemDescription>
      <UnitQty>יחידה</UnitQty>
      <Quantity>1.00</Quantity>
      <bIsWeighted>0</bIsWeighted>
      <UnitOfMeasure>יחידה</UnitOfMeasure>
      <QtyInPackage>1</QtyInPackage>
      <ItemPrice>45.90</ItemPrice>
      <UnitOfMeasurePrice>45.90</UnitOfMeasurePrice>
      <AllowDiscount>1</AllowDiscount>
      <ItemStatus>1</ItemStatus>
    </Item>
    <Item>
      <PriceUpdateDate>2024-12-23 17:21</PriceUpdateDate>
      <ItemCode>30176232</ItemCode>
      <ItemType>1</ItemType>
      <ItemName>ג'ל גבות שקוף יח'</ItemName>
      <ManufacturerName>סאיפו</ManufacturerName>
      <ManufactureCountry>IT</ManufactureCountry>
      <ManufacturerItemDescription>גל גבות שקוף יח</ManufacturerItemDescription>
      <UnitQty>יחידה</UnitQty>
      <Quantity>1.00</Quantity>
      <bIsWeighted>0</bIsWeighted>
      <UnitOfMeasure>יחידה</UnitOfMeasure>
      <QtyInPackage>1</QtyInPackage>
      <ItemPrice>36.50</ItemPrice>
      <UnitOfMeasurePrice>36.50</UnitOfMeasurePrice>
      <AllowDiscount>1</AllowDiscount>
      <ItemStatus>1</ItemStatus>
    </Item>
    <Item>
      <PriceUpdateDate>2025-11-27 21:30</PriceUpdateDate>
      <ItemCode>3034250007813</ItemCode>
      <ItemType>1</ItemType>
      <ItemName>קלינקס טישו כיס 9*12יח</ItemName>
      <ManufacturerName>---</ManufacturerName>
      <ManufactureCountry>IT</ManufactureCountry>
      <ManufacturerItemDescription>קלינקס טישו כיס 12*9יח</ManufacturerItemDescription>
      <UnitQty>יחידה</UnitQty>
      <Quantity>1.00</Quantity>
      <bIsWeighted>0</bIsWeighted>
      <UnitOfMeasure>יחידה</UnitOfMeasure>
      <QtyInPackage>1</QtyInPackage>
      <ItemPrice>10.00</ItemPrice>
      <UnitOfMeasurePrice>10.00</UnitOfMeasurePrice>
      <AllowDiscount>1</AllowDiscount>
      <ItemStatus>1</ItemStatus>
    </Item>
    <Item>
      <PriceUpdateDate>2025-01-01 10:06</PriceUpdateDate>
      <ItemCode>309970090647</ItemCode>
      <ItemType>1</ItemType>
      <ItemName>עפרון ע. קריסטלייז 213 י</ItemName>
      <ManufacturerName>רבלון</ManufacturerName>
      <ManufactureCountry>US</ManufactureCountry>
      <ManufacturerItemDescription>עפרון ע. קריסטלייז 213 י</ManufacturerItemDescription>
      <UnitQty>יחידה</UnitQty>
      <Quantity>1.00</Quantity>
      <bIsWeighted>0</bIsWeighted>
      <UnitOfMeasure>יחידה</UnitOfMeasure>
      <QtyInPackage>1</QtyInPackage>
      <ItemPrice>51.50</ItemPrice>
      <UnitOfMeasurePrice>51.50</UnitOfMeasurePrice>
      <AllowDiscount>1</AllowDiscount>
      <ItemStatus>1</ItemStatus>
    </Item>
    <Item>
      <PriceUpdateDate>2025-01-09 12:02</PriceUpdateDate>
      <ItemCode>309970175078</ItemCode>
      <ItemType>1</ItemType>
      <ItemName>שפתון מאט לייט קראיון001</ItemName>
      <ManufacturerName>רבלון</ManufacturerName>
      <ManufactureCountry>DE</ManufactureCountry>
      <ManufacturerItemDescription>שפתון מאט לייט קראיון001</ManufacturerItemDescription>
      <UnitQty>יחידה</UnitQty>
      <Quantity>1.00</Quantity>
      <bIsWeighted>0</bIsWeighted>
      <UnitOfMeasure>יחידה</UnitOfMeasure>
      <QtyInPackage>1</QtyInPackage>
      <ItemPrice>59.00</ItemPrice>
      <UnitOfMeasurePrice>59.00</UnitOfMeasurePrice>
      <AllowDiscount>1</AllowDiscount>
      <ItemStatus>1</ItemStatus>
    </Item>
    <Item>
      <PriceUpdateDate>2025-12-07 11:36</PriceUpdateDate>
      <ItemCode>309970251888</ItemCode>
      <ItemType>1</ItemType>
      <ItemName>גלאס שיין שפתון קוארץ 1</ItemName>
      <ManufacturerName>רבלון</ManufacturerName>
      <ManufactureCountry>FR</ManufactureCountry>
      <ManufacturerItemDescription>גלאס שיין שפתון קוארץ 1</ManufacturerItemDescription>
      <UnitQty>יחידה</UnitQty>
      <Quantity>1.00</Quantity>
      <bIsWeighted>0</bIsWeighted>
      <UnitOfMeasure>יחידה</UnitOfMeasure>
      <QtyInPackage>1</QtyInPackage>
      <ItemPrice>79.90</ItemPrice>
      <UnitOfMeasurePrice>79.90</UnitOfMeasurePrice>
      <AllowDiscount>1</AllowDiscount>
      <ItemStatus>1</ItemStatus>
    </Item>
    <Item>
      <PriceUpdateDate>2025-12-07 11:36</PriceUpdateDate>
      <ItemCode>309970251901</ItemCode>
      <ItemType>1</ItemType>
      <ItemName>גלאס שיין שפתון דבש 3</ItemName>
      <ManufacturerName>רבלון</ManufacturerName>
      <ManufactureCountry>FR</ManufactureCountry>
      <ManufacturerItemDescription>גלאס שיין שפתון דבש 3</ManufacturerItemDescription>
      <UnitQty>יחידה</UnitQty>
      <Quantity>1.00</Quantity>
      <bIsWeighted>0</bIsWeighted>
      <UnitOfMeasure>יחידה</UnitOfMeasure>
      <QtyInPackage>1</QtyInPackage>
      <ItemPrice>79.90</ItemPrice>
      <UnitOfMeasurePrice>79.90</UnitOfMeasurePrice>
      <AllowDiscount>1</AllowDiscount>
      <ItemStatus>1</ItemStatus>
    </Item>
    <Item>
      <PriceUpdateDate>2025-12-07 11:36</PriceUpdateDate>
      <ItemCode>309970251963</ItemCode>
      <ItemType>1</ItemType>
      <ItemName>גלאס שיין שפתון צרי 9</ItemName>
      <ManufacturerName>פה</ManufacturerName>
      <ManufactureCountry>FR</ManufactureCountry>
      <ManufacturerItemDescription>גלאס שיין שפתון צרי 9</ManufacturerItemDescription>
      <UnitQty>יחידה</UnitQty>
      <Quantity>1.00</Quantity>
      <bIsWeighted>0</bIsWeighted>
      <UnitOfMeasure>יחידה</UnitOfMeasure>
      <QtyInPackage>1</QtyInPackage>
      <ItemPrice>79.90</ItemPrice>
      <UnitOfMeasurePrice>79.90</UnitOfMeasurePrice>
      <AllowDiscount>1</AllowDiscount>
      <ItemStatus>1</ItemStatus>
    </Item>
    <Item>
      <PriceUpdateDate>2025-08-27 11:58</PriceUpdateDate>
      <ItemCode>309970270926</ItemCode>
      <ItemType>1</ItemType>
      <ItemName>שמן שפתיים מיס קורל</ItemName>
      <ManufacturerName>רבלון</ManufacturerName>
      <ManufactureCountry>US</ManufactureCountry>
      <ManufacturerItemDescription>שמן שפתיים מיס קורל</ManufacturerItemDescription>
      <UnitQty>יחידה</UnitQty>
      <Quantity>1.00</Quantity>
      <bIsWeighted>0</bIsWeighted>
      <UnitOfMeasure>יחידה</UnitOfMeasure>
      <QtyInPackage>1</QtyInPackage>
      <ItemPrice>74.00</ItemPrice>
      <UnitOfMeasurePrice>74.00</UnitOfMeasurePrice>
      <AllowDiscount>1</AllowDiscount>
      <ItemStatus>1</ItemStatus>
    </Item>
    <Item>
      <PriceUpdateDate>2024-12-23 17:35</PriceUpdateDate>
      <ItemCode>309974784146</ItemCode>
      <ItemType>1</ItemType>
      <ItemName>סומק 14 טיקלד פינק יח'</ItemName>
      <ManufacturerName>רבלון</ManufacturerName>
      <ManufactureCountry>US</ManufactureCountry>
      <ManufacturerItemDescription>סומק 14 טיקלד פינק יח</ManufacturerItemDescription>
      <UnitQty>יחידה</UnitQty>
      <Quantity>1.00</Quantity>
      <bIsWeighted>0</bIsWeighted>
      <UnitOfMeasure>יחידה</UnitOfMeasure>
      <QtyInPackage>1</QtyInPackage>
      <ItemPrice>91.50</ItemPrice>
      <UnitOfMeasurePrice>91.50</UnitOfMeasurePrice>
      <AllowDiscount>1</AllowDiscount>
      <ItemStatus>1</ItemStatus>
    </Item>
    <Item>
      <PriceUpdateDate>2024-12-23 17:20</PriceUpdateDate>
      <ItemCode>309975410112</ItemCode>
      <ItemType>1</ItemType>
      <ItemName>מייק אפ Tan Natural 330</ItemName>
      <ManufacturerName>רבלון</ManufacturerName>
      <ManufactureCountry>US</ManufactureCountry>
      <ManufacturerItemDescription>מייק אפ 330 Natural Tan</ManufacturerItemDescription>
      <UnitQty>מיליליטרים</UnitQty>
      <Quantity>30.00</Quantity>
      <bIsWeighted>0</bIsWeighted>
      <UnitOfMeasure>100 מ"ל</UnitOfMeasure>
      <QtyInPackage>0</QtyInPackage>
      <ItemPrice>116.90</ItemPrice>
      <UnitOfMeasurePrice>389.67</UnitOfMeasurePrice>
      <AllowDiscount>1</AllowDiscount>
      <ItemStatus>1</ItemStatus>
    </Item>
    <Item>
      <PriceUpdateDate>2025-01-01 10:06</PriceUpdateDate>
      <ItemCode>309976047041</ItemCode>
      <ItemType>1</ItemType>
      <ItemName>פודרה דחוסה Medium 840</ItemName>
      <ManufacturerName>רבלון</ManufacturerName>
      <ManufactureCountry>US</ManufactureCountry>
      <ManufacturerItemDescription>פודרה דחוסה 840 Medium </ManufacturerItemDescription>
      <UnitQty>יחידה</UnitQty>
      <Quantity>1.00</Quantity>
      <bIsWeighted>0</bIsWeighted>
      <UnitOfMeasure>יחידה</UnitOfMeasure>
      <QtyInPackage>0</QtyInPackage>
      <ItemPrice>121.00</ItemPrice>
      <UnitOfMeasurePrice>121.00</UnitOfMeasurePrice>
      <AllowDiscount>1</AllowDiscount>
      <ItemStatus>1</ItemStatus>
    </Item>
    <Item>
      <PriceUpdateDate>2025-01-01 10:06</PriceUpdateDate>
      <ItemCode>309976790015</ItemCode>
      <ItemType>1</ItemType>
      <ItemName>קולרסטיי עפרון עיניים יח</ItemName>
      <ManufacturerName>רבלון</ManufacturerName>
      <ManufactureCountry>US</ManufactureCountry>
      <ManufacturerItemDescription>קולרסטיי עפרון עיניים יח</ManufacturerItemDescription>
      <UnitQty>יחידה</UnitQty>
      <Quantity>1.00</Quantity>
      <bIsWeighted>0</bIsWeighted>
      <UnitOfMeasure>יחידה</UnitOfMeasure>
      <QtyInPackage>1</QtyInPackage>
      <ItemPrice>70.90</ItemPrice>
      <UnitOfMeasurePrice>70.90</UnitOfMeasurePrice>
      <AllowDiscount>1</AllowDiscount>
      <ItemStatus>1</ItemStatus>
    </Item>
    <Item>
      <PriceUpdateDate>2024-12-23 17:35</PriceUpdateDate>
      <ItemCode>309977641095</ItemCode>
      <ItemType>1</ItemType>
      <ItemName>צללית קולורסטיי קרם735</ItemName>
      <ManufacturerName>רבלון</ManufacturerName>
      <ManufactureCountry>MX</ManufactureCountry>
      <ManufacturerItemDescription>צללית קולורסטיי קרם735</ManufacturerItemDescription>
      <UnitQty>יחידה</UnitQty>
      <Quantity>1.00</Quantity>
      <bIsWeighted>0</bIsWeighted>
      <UnitOfMeasure>יחידה</UnitOfMeasure>
      <QtyInPackage>0</QtyInPackage>
      <ItemPrice>80.90</ItemPrice>
      <UnitOfMeasurePrice>80.90</UnitOfMeasurePrice>
      <AllowDiscount>1</AllowDiscount>
      <ItemStatus>1</ItemStatus>
    </Item>
    <Item>
      <PriceUpdateDate>2019-03-31 11:13</PriceUpdateDate>
      <ItemCode>3349668563524</ItemCode>
      <ItemType>1</ItemType>
      <ItemName>אולמפיה טרוול ספרי+פאוץ</ItemName>
      <ManufacturerName>כללי</ManufacturerName>
      <ManufactureCountry>IL</ManufactureCountry>
      <ManufacturerItemDescription>אולמפיה טרוול ספ</ManufacturerItemDescription>
      <UnitQty>יחידה</UnitQty>
      <Quantity>1.00</Quantity>
      <bIsWeighted>0</bIsWeighted>
      <UnitOfMeasure>יחידה</UnitOfMeasure>
      <QtyInPackage>1</QtyInPackage>
      <ItemPrice>29.90</ItemPrice>
      <UnitOfMeasurePrice>29.90</UnitOfMeasurePrice>
      <AllowDiscount>1</AllowDiscount>
      <ItemStatus>1</ItemStatus>
    </Item>
    <Item>
      <PriceUpdateDate>2025-11-27 19:50</PriceUpdateDate>
      <ItemCode>3349668588732</ItemCode>
      <ItemType>1</ItemType>
      <ItemName>VICTORY INVICTUS אדפ100מ</ItemName>
      <ManufacturerName>כללי</ManufacturerName>
      <ManufactureCountry>FR</ManufactureCountry>
      <ManufacturerItemDescription>VICTORY INVICTUS</ManufacturerItemDescription>
      <UnitQty>מיליליטרים</UnitQty>
      <Quantity>100.00</Quantity>
      <bIsWeighted>0</bIsWeighted>
      <UnitOfMeasure>100 מ"ל</UnitOfMeasure>
      <QtyInPackage>1</QtyInPackage>
      <ItemPrice>349.00</ItemPrice>
      <UnitOfMeasurePrice>349.00</UnitOfMeasurePrice>
      <AllowDiscount>1</AllowDiscount>
      <ItemStatus>1</ItemStatus>
    </Item>
    <Item>
      <PriceUpdateDate>2025-01-01 10:05</PriceUpdateDate>
      <ItemCode>3349668628346</ItemCode>
      <ItemType>1</ItemType>
      <ItemName>אולימפא אדפ+ת.גוף אישה</ItemName>
      <ManufacturerName>PUIG</ManufacturerName>
      <ManufactureCountry>FR</ManufactureCountry>
      <ManufacturerItemDescription>אולימפא אדפ+ת.גו</ManufacturerItemDescription>
      <UnitQty>יחידה</UnitQty>
      <Quantity>1.00</Quantity>
      <bIsWeighted>0</bIsWeighted>
      <UnitOfMeasure>יחידה</UnitOfMeasure>
      <QtyInPackage>1</QtyInPackage>
      <ItemPrice>343.00</ItemPrice>
      <UnitOfMeasurePrice>343.00</UnitOfMeasurePrice>
      <AllowDiscount>1</AllowDiscount>
      <ItemStatus>1</ItemStatus>
    </Item>
    <Item>
      <PriceUpdateDate>2025-05-08 11:00</PriceUpdateDate>
      <ItemCode>3349668642595</ItemCode>
      <ItemType>1</ItemType>
      <ItemName>VICTORY INV סט לגבר</ItemName>
      <ManufacturerName>PUIG</ManufacturerName>
      <ManufactureCountry>FR</ManufactureCountry>
      <ManufacturerItemDescription>INV VICTORY סט לגבר</ManufacturerItemDescription>
      <UnitQty>יחידה</UnitQty>
      <Quantity>1.00</Quantity>
      <bIsWeighted>0</bIsWeighted>
      <UnitOfMeasure>יחידה</UnitOfMeasure>
      <QtyInPackage>1</QtyInPackage>
      <ItemPrice>430.00</ItemPrice>
      <UnitOfMeasurePrice>430.00</UnitOfMeasurePrice>
      <AllowDiscount>1</AllowDiscount>
      <ItemStatus>1</ItemStatus>
    </Item>
    <Item>
      <PriceUpdateDate>2025-11-27 20:30</PriceUpdateDate>
      <ItemCode>3351500011469</ItemCode>
      <ItemType>1</ItemType>
      <ItemName>azzarro אדט 200 מ"ל</ItemName>
      <ManufacturerName>כללי</ManufacturerName>
      <ManufactureCountry>FR</ManufactureCountry>
      <ManufacturerItemDescription>azzarro אדט 200 מ"ל</ManufacturerItemDescription>
      <UnitQty>מיליליטרים</UnitQty>
      <Quantity>200.00</Quantity>
      <bIsWeighted>0</bIsWeighted>
      <UnitOfMeasure>100 מ"ל</UnitOfMeasure>
      <QtyInPackage>1</QtyInPackage>
      <ItemPrice>369.00</ItemPrice>
      <UnitOfMeasurePrice>184.50</UnitOfMeasurePrice>
      <AllowDiscount>1</AllowDiscount>
      <ItemStatus>1</ItemStatus>
    </Item>
    <Item>
      <PriceUpdateDate>2025-01-01 10:05</PriceUpdateDate>
      <ItemCode>3351500980406</ItemCode>
      <ItemType>1</ItemType>
      <ItemName>אזארו אדט 100מ"ל</ItemName>
      <ManufacturerName>לילית בישום</ManufacturerName>
      <ManufactureCountry>FR</ManufactureCountry>
      <ManufacturerItemDescription>אזארו אדט100</ManufacturerItemDescription>
      <UnitQty>מיליליטרים</UnitQty>
      <Quantity>100.00</Quantity>
      <bIsWeighted>0</bIsWeighted>
      <UnitOfMeasure>100 מ"ל</UnitOfMeasure>
      <QtyInPackage>0</QtyInPackage>
      <ItemPrice>234.00</ItemPrice>
      <UnitOfMeasurePrice>234.00</UnitOfMeasurePrice>
      <AllowDiscount>1</AllowDiscount>
      <ItemStatus>1</ItemStatus>
    </Item>
    <Item>
      <PriceUpdateDate>2025-11-27 21:10</PriceUpdateDate>
      <ItemCode>3355991001671</ItemCode>
      <ItemType>1</ItemType>
      <ItemName>סילבר סנט אדפ לגבר 100מל</ItemName>
      <ManufacturerName>אלפא בישום</ManufacturerName>
      <ManufactureCountry>FR</ManufactureCountry>
      <ManufacturerItemDescription>סילבר סנט אדפ לגבר 100מל</ManufacturerItemDescription>
      <UnitQty>מיליליטרים</UnitQty>
      <Quantity>100.00</Quantity>
      <bIsWeighted>0</bIsWeighted>
      <UnitOfMeasure>100 מ"ל</UnitOfMeasure>
      <QtyInPackage>1</QtyInPackage>
      <ItemPrice>199.00</ItemPrice>
      <UnitOfMeasurePrice>199.00</UnitOfMeasurePrice>
      <AllowDiscount>1</AllowDiscount>
      <ItemStatus>1</ItemStatus>
    </Item>
    <Item>
      <PriceUpdateDate>2025-11-27 20:10</PriceUpdateDate>
      <ItemCode>3355991003019</ItemCode>
      <ItemType>1</ItemType>
      <ItemName>סילבר סנט אינטנס אדט100מ</ItemName>
      <ManufacturerName>בוגרט בישום</ManufacturerName>
      <ManufactureCountry>FR</ManufactureCountry>
      <ManufacturerItemDescription>INT SCENT SILVER</ManufacturerItemDescription>
      <UnitQty>מיליליטרים</UnitQty>
      <Quantity>100.00</Quantity>
      <bIsWeighted>0</bIsWeighted>
      <UnitOfMeasure>100 מ"ל</UnitOfMeasure>
      <QtyInPackage>0</QtyInPackage>
      <ItemPrice>149.00</ItemPrice>
      <UnitOfMeasurePrice>149.00</UnitOfMeasurePrice>
      <AllowDiscount>1</AllowDiscount>
      <ItemStatus>1</ItemStatus>
    </Item>
    <Item>
      <PriceUpdateDate>2025-12-01 20:10</PriceUpdateDate>
      <ItemCode>3355991005969</ItemCode>
      <ItemType>1</ItemType>
      <ItemName>סילבר סנט דאו ספריי200מל</ItemName>
      <ManufacturerName>בוגרט בישום</ManufacturerName>
      <ManufactureCountry>FR</ManufactureCountry>
      <ManufacturerItemDescription>סילבר סנט דאו ספריי200מל</ManufacturerItemDescription>
      <UnitQty>מיליליטרים</UnitQty>
      <Quantity>200.00</Quantity>
      <bIsWeighted>0</bIsWeighted>
      <UnitOfMeasure>100 מ"ל</UnitOfMeasure>
      <QtyInPackage>1</QtyInPackage>
      <ItemPrice>29.90</ItemPrice>
      <UnitOfMeasurePrice>14.95</UnitOfMeasurePrice>
      <AllowDiscount>1</AllowDiscount>
      <ItemStatus>1</ItemStatus>
    </Item>
    <Item>
      <PriceUpdateDate>2025-11-27 21:00</PriceUpdateDate>
      <ItemCode>3355991006461</ItemCode>
      <ItemType>1</ItemType>
      <ItemName>טד לפידוס  אדפ 125 מ"ל</ItemName>
      <ManufacturerName>בוגרט בישום</ManufacturerName>
      <ManufactureCountry>FR</ManufactureCountry>
      <ManufacturerItemDescription>טד לפידוס  אדפ 125 מ"ל</ManufacturerItemDescription>
      <UnitQty>מיליליטרים</UnitQty>
      <Quantity>125.00</Quantity>
      <bIsWeighted>0</bIsWeighted>
      <UnitOfMeasure>100 מ"ל</UnitOfMeasure>
      <QtyInPackage>1</QtyInPackage>
      <ItemPrice>219.00</ItemPrice>
      <UnitOfMeasurePrice>175.20</UnitOfMeasurePrice>
      <AllowDiscount>1</AllowDiscount>
      <ItemStatus>1</ItemStatus>
    </Item>
    <Item>
      <PriceUpdateDate>2025-11-27 20:20</PriceUpdateDate>
      <ItemCode>3355992000260</ItemCode>
      <ItemType>1</ItemType>
      <ItemName>Lapidus Ted א.ד.ט לגבר</ItemName>
      <ManufacturerName>בוגרט בישום</ManufacturerName>
      <ManufactureCountry>FR</ManufactureCountry>
      <ManufacturerItemDescription>Lapidus Ted אדט</ManufacturerItemDescription>
      <UnitQty>מיליליטרים</UnitQty>
      <Quantity>100.00</Quantity>
      <bIsWeighted>0</bIsWeighted>
      <UnitOfMeasure>100 מ"ל</UnitOfMeasure>
      <QtyInPackage>0</QtyInPackage>
      <ItemPrice>129.00</ItemPrice>
      <UnitOfMeasurePrice>129.00</UnitOfMeasurePrice>
      <AllowDiscount>1</AllowDiscount>
      <ItemStatus>1</ItemStatus>
    </Item>
    <Item>
      <PriceUpdateDate>2025-01-01 10:05</PriceUpdateDate>
      <ItemCode>3386460141246</ItemCode>
      <ItemType>1</ItemType>
      <ItemName>מארז רושס לגבר אדט</ItemName>
      <ManufacturerName>אינטר פרמיום</ManufacturerName>
      <ManufactureCountry>FR</ManufactureCountry>
      <ManufacturerItemDescription>מארז רושס לגבר</ManufacturerItemDescription>
      <UnitQty>יחידה</UnitQty>
      <Quantity>1.00</Quantity>
      <bIsWeighted>0</bIsWeighted>
      <UnitOfMeasure>יחידה</UnitOfMeasure>
      <QtyInPackage>1</QtyInPackage>
      <ItemPrice>234.00</ItemPrice>
      <UnitOfMeasurePrice>234.00</UnitOfMeasurePrice>
      <AllowDiscount>1</AllowDiscount>
      <ItemStatus>1</ItemStatus>
    </Item>
    <Item>
      <PriceUpdateDate>2025-08-27 11:58</PriceUpdateDate>
      <ItemCode>3386460156967</ItemCode>
      <ItemType>1</ItemType>
      <ItemName>סט רושס א.ד.ט. לגבר</ItemName>
      <ManufacturerName>אינטר פרמיום</ManufacturerName>
      <ManufactureCountry>FR</ManufactureCountry>
      <ManufacturerItemDescription>סט רושס א.ד.ט. לגבר</ManufacturerItemDescription>
      <UnitQty>יחידה</UnitQty>
      <Quantity>1.00</Quantity>
      <bIsWeighted>0</bIsWeighted>
      <UnitOfMeasure>יחידה</UnitOfMeasure>
      <QtyInPackage>1</QtyInPackage>
      <ItemPrice>239.00</ItemPrice>
      <UnitOfMeasurePrice>239.00</UnitOfMeasurePrice>
      <AllowDiscount>1</AllowDiscount>
      <ItemStatus>1</ItemStatus>
    </Item>
    <Item>
      <PriceUpdateDate>2025-11-27 20:30</PriceUpdateDate>
      <ItemCode>3414204200949</ItemCode>
      <ItemType>1</ItemType>
      <ItemName>סקלפצ'ר א.ד.ט לגבר100מל</ItemName>
      <ManufacturerName>לילית בישום</ManufacturerName>
      <ManufactureCountry>IL</ManufactureCountry>
      <ManufacturerItemDescription>סקלפצר א.ד.ט לגבר100מל</ManufacturerItemDescription>
      <UnitQty>מיליליטרים</UnitQty>
      <Quantity>100.00</Quantity>
      <bIsWeighted>0</bIsWeighted>
      <UnitOfMeasure>100 מ"ל</UnitOfMeasure>
      <QtyInPackage>0</QtyInPackage>
      <ItemPrice>109.00</ItemPrice>
      <UnitOfMeasurePrice>109.00</UnitOfMeasurePrice>
      <AllowDiscount>1</AllowDiscount>
      <ItemStatus>1</ItemStatus>
    </Item>
    <Item>
      <PriceUpdateDate>2025-11-27 20:10</PriceUpdateDate>
      <ItemCode>3414206000608</ItemCode>
      <ItemType>1</ItemType>
      <ItemName>יופ א.ד.ט לגבר 125 מ"ל</ItemName>
      <ManufacturerName>לילית בישום</ManufacturerName>
      <ManufactureCountry>FR</ManufactureCountry>
      <ManufacturerItemDescription>יופ א.ד.ט לגבר</ManufacturerItemDescription>
      <UnitQty>מיליליטרים</UnitQty>
      <Quantity>125.00</Quantity>
      <bIsWeighted>0</bIsWeighted>
      <UnitOfMeasure>100 מ"ל</UnitOfMeasure>
      <QtyInPackage>0</QtyInPackage>
      <ItemPrice>119.00</ItemPrice>
      <UnitOfMeasurePrice>95.20</UnitOfMeasurePrice>
      <AllowDiscount>1</AllowDiscount>
      <ItemStatus>1</ItemStatus>
    </Item>
    <Item>
      <PriceUpdateDate>2025-02-21 07:29</PriceUpdateDate>
      <ItemCode>3423222119751</ItemCode>
      <ItemType>1</ItemType>
      <ItemName>מיאקי לאו דאיסי 10 מ"ל</ItemName>
      <ManufacturerName>פרסטיג' שיסיידו</ManufacturerName>
      <ManufactureCountry>FR</ManufactureCountry>
      <ManufacturerItemDescription>מיאקי לאו דאיסי 10 מ"ל</ManufacturerItemDescription>
      <UnitQty>מיליליטרים</UnitQty>
      <Quantity>10.00</Quantity>
      <bIsWeighted>0</bIsWeighted>
      <UnitOfMeasure>100 מ"ל</UnitOfMeasure>
      <QtyInPackage>1</QtyInPackage>
      <ItemPrice>49.90</ItemPrice>
      <UnitOfMeasurePrice>499.00</UnitOfMeasurePrice>
      <AllowDiscount>1</AllowDiscount>
      <ItemStatus>1</ItemStatus>
    </Item>
    <Item>
      <PriceUpdateDate>2025-12-02 13:30</PriceUpdateDate>
      <ItemCode>3423478559752</ItemCode>
      <ItemType>1</ItemType>
      <ItemName>נרסיסו רודריגז מארז</ItemName>
      <ManufacturerName>נרסיסו רדריגז</ManufacturerName>
      <ManufactureCountry>FR</ManufactureCountry>
      <ManufacturerItemDescription>נרסיסו רודריגז מארז</ManufacturerItemDescription>
      <UnitQty>יחידה</UnitQty>
      <Quantity>1.00</Quantity>
      <bIsWeighted>0</bIsWeighted>
      <UnitOfMeasure>יחידה</UnitOfMeasure>
      <QtyInPackage>1</QtyInPackage>
      <ItemPrice>299.00</ItemPrice>
      <UnitOfMeasurePrice>299.00</UnitOfMeasurePrice>
      <AllowDiscount>1</AllowDiscount>
      <ItemStatus>1</ItemStatus>
    </Item>
    <Item>
      <PriceUpdateDate>2025-01-01 10:05</PriceUpdateDate>
      <ItemCode>3430750004558</ItemCode>
      <ItemType>1</ItemType>
      <ItemName>מארז אמבטיה שמן ארגן יח'</ItemName>
      <ManufacturerName>ניקנור</ManufacturerName>
      <ManufactureCountry>CN</ManufactureCountry>
      <ManufacturerItemDescription>מארז אמבטיה שמן</ManufacturerItemDescription>
      <UnitQty>יחידה</UnitQty>
      <Quantity>1.00</Quantity>
      <bIsWeighted>0</bIsWeighted>
      <UnitOfMeasure>יחידה</UnitOfMeasure>
      <QtyInPackage>1</QtyInPackage>
      <ItemPrice>61.50</ItemPrice>
      <UnitOfMeasurePrice>61.50</UnitOfMeasurePrice>
      <AllowDiscount>1</AllowDiscount>
      <ItemStatus>1</ItemStatus>
    </Item>
    <Item>
      <PriceUpdateDate>2025-01-09 12:02</PriceUpdateDate>
      <ItemCode>3494800240990</ItemCode>
      <ItemType>1</ItemType>
      <ItemName>מרינה סט גולדן דיינסטי</ItemName>
      <ManufacturerName>ש.שסטוביץ</ManufacturerName>
      <ManufactureCountry>FR</ManufactureCountry>
      <ManufacturerItemDescription>מרינה סט גולדן דיינסטי</ManufacturerItemDescription>
      <UnitQty>מיליליטרים</UnitQty>
      <Quantity>100.00</Quantity>
      <bIsWeighted>0</bIsWeighted>
      <UnitOfMeasure>100 מ"ל</UnitOfMeasure>
      <QtyInPackage>1</QtyInPackage>
      <ItemPrice>189.00</ItemPrice>
      <UnitOfMeasurePrice>189.00</UnitOfMeasurePrice>
      <AllowDiscount>1</AllowDiscount>
      <ItemStatus>1</ItemStatus>
    </Item>
    <Item>
      <PriceUpdateDate>2024-12-23 17:26</PriceUpdateDate>
      <ItemCode>35000689535</ItemCode>
      <ItemType>1</ItemType>
      <ItemName>2 קולגייט מקס וייט סופט</ItemName>
      <ManufacturerName>ש.שסטוביץ</ManufacturerName>
      <ManufactureCountry>CN</ManufactureCountry>
      <ManufacturerItemDescription>2 קולגייט מקס וייט סופט</ManufacturerItemDescription>
      <UnitQty>יחידה</UnitQty>
      <Quantity>1.00</Quantity>
      <bIsWeighted>0</bIsWeighted>
      <UnitOfMeasure>יחידה</UnitOfMeasure>
      <QtyInPackage>0</QtyInPackage>
      <ItemPrice>24.50</ItemPrice>
      <UnitOfMeasurePrice>24.50</UnitOfMeasurePrice>
      <AllowDiscount>1</AllowDiscount>
      <ItemStatus>1</ItemStatus>
    </Item>
    <Item>
      <PriceUpdateDate>2025-12-21 15:30</PriceUpdateDate>
      <ItemCode>3574660066203</ItemCode>
      <ItemType>1</ItemType>
      <ItemName>קרם ידיים מבושם 75מ</ItemName>
      <ManufacturerName>JNTL Consumer Health I (</ManufacturerName>
      <ManufactureCountry>FR</ManufactureCountry>
      <ManufacturerItemDescription>קרם ידיים מבושם 75מ</ManufacturerItemDescription>
      <UnitQty>מיליליטרים</UnitQty>
      <Quantity>75.00</Quantity>
      <bIsWeighted>0</bIsWeighted>
      <UnitOfMeasure>100 מ"ל</UnitOfMeasure>
      <QtyInPackage>1</QtyInPackage>
      <ItemPrice>19.90</ItemPrice>
      <UnitOfMeasurePrice>26.53</UnitOfMeasurePrice>
      <AllowDiscount>1</AllowDiscount>
      <ItemStatus>1</ItemStatus>
    </Item>
    <Item>
      <PriceUpdateDate>2025-12-21 15:30</PriceUpdateDate>
      <ItemCode>3574660066227</ItemCode>
      <ItemType>1</ItemType>
      <ItemName>קרם ידיים נוטרוגינה 75</ItemName>
      <ManufacturerName>---</ManufacturerName>
      <ManufactureCountry>FR</ManufactureCountry>
      <ManufacturerItemDescription>קרם ידיים נוטרוגינה 75</ManufacturerItemDescription>
      <UnitQty>מיליליטרים</UnitQty>
      <Quantity>75.00</Quantity>
      <bIsWeighted>0</bIsWeighted>
      <UnitOfMeasure>100 מ"ל</UnitOfMeasure>
      <QtyInPackage>1</QtyInPackage>
      <ItemPrice>19.90</ItemPrice>
      <UnitOfMeasurePrice>26.53</UnitOfMeasurePrice>
      <AllowDiscount>1</AllowDiscount>
      <ItemStatus>1</ItemStatus>
    </Item>
    <Item>
      <PriceUpdateDate>2024-12-23 17:20</PriceUpdateDate>
      <ItemCode>3574660089547</ItemCode>
      <ItemType>1</ItemType>
      <ItemName>טמפוני או בה נורמל 32 יח</ItemName>
      <ManufacturerName>ג'ונסון</ManufacturerName>
      <ManufactureCountry>GR</ManufactureCountry>
      <ManufacturerItemDescription>טמפוני או בה נורמל 32 יח</ManufacturerItemDescription>
      <UnitQty>יחידה</UnitQty>
      <Quantity>1.00</Quantity>
      <bIsWeighted>0</bIsWeighted>
      <UnitOfMeasure>יחידה</UnitOfMeasure>
      <QtyInPackage>0</QtyInPackage>
      <ItemPrice>26.40</ItemPrice>
      <UnitOfMeasurePrice>26.40</UnitOfMeasurePrice>
      <AllowDiscount>1</AllowDiscount>
      <ItemStatus>1</ItemStatus>
    </Item>
    <Item>
      <PriceUpdateDate>2025-12-21 15:30</PriceUpdateDate>
      <ItemCode>3574660514643</ItemCode>
      <ItemType>1</ItemType>
      <ItemName>קרם רב"ש ניוטרוג'ינה300מ</ItemName>
      <ManufacturerName>ג'ונסון</ManufacturerName>
      <ManufactureCountry>FR</ManufactureCountry>
      <ManufacturerItemDescription>קרם רב"ש ניוטרוגינה300מ</ManufacturerItemDescription>
      <UnitQty>מיליליטרים</UnitQty>
      <Quantity>300.00</Quantity>
      <bIsWeighted>0</bIsWeighted>
      <UnitOfMeasure>100 מ"ל</UnitOfMeasure>
      <QtyInPackage>0</QtyInPackage>
      <ItemPrice>19.90</ItemPrice>
      <UnitOfMeasurePrice>6.64</UnitOfMeasurePrice>
      <AllowDiscount>1</AllowDiscount>
      <ItemStatus>1</ItemStatus>
    </Item>
    <Item>
      <PriceUpdateDate>2024-12-23 17:26</PriceUpdateDate>
      <ItemCode>3574660571769</ItemCode>
      <ItemType>1</ItemType>
      <ItemName>שפתון לחות ניוטרוגינה</ItemName>
      <ManufacturerName>גונסון</ManufacturerName>
      <ManufactureCountry>FR</ManufactureCountry>
      <ManufacturerItemDescription>שפתון לחות ניוטרוגינה</ManufacturerItemDescription>
      <UnitQty>יחידה</UnitQty>
      <Quantity>1.00</Quantity>
      <bIsWeighted>0</bIsWeighted>
      <UnitOfMeasure>יחידה</UnitOfMeasure>
      <QtyInPackage>0</QtyInPackage>
      <ItemPrice>25.60</ItemPrice>
      <UnitOfMeasurePrice>25.60</UnitOfMeasurePrice>
      <AllowDiscount>1</AllowDiscount>
      <ItemStatus>1</ItemStatus>
    </Item>
    <Item>
      <PriceUpdateDate>2025-12-01 20:10</PriceUpdateDate>
      <ItemCode>3574661114620</ItemCode>
      <ItemType>1</ItemType>
      <ItemName>ליסטרין זירו 250 מ"ל</ItemName>
      <ManufacturerName>ג'ונסון</ManufacturerName>
      <ManufactureCountry>IT</ManufactureCountry>
      <ManufacturerItemDescription>ליסטרין זירו 250 מ"ל</ManufacturerItemDescription>
      <UnitQty>מיליליטרים</UnitQty>
      <Quantity>250.00</Quantity>
      <bIsWeighted>0</bIsWeighted>
      <UnitOfMeasure>100 מ"ל</UnitOfMeasure>
      <QtyInPackage>0</QtyInPackage>
      <ItemPrice>10.00</ItemPrice>
      <UnitOfMeasurePrice>4.00</UnitOfMeasurePrice>
      <AllowDiscount>1</AllowDiscount>
      <ItemStatus>1</ItemStatus>
    </Item>
    <Item>
      <PriceUpdateDate>2024-12-23 17:20</PriceUpdateDate>
      <ItemCode>3574661114637</ItemCode>
      <ItemType>1</ItemType>
      <ItemName>ליסטרין זירו 500 מ"ל</ItemName>
      <ManufacturerName>ג'ונסון</ManufacturerName>
      <ManufactureCountry>IT</ManufactureCountry>
      <ManufacturerItemDescription>ליסטרין זירו 500 מ"ל</ManufacturerItemDescription>
      <UnitQty>מיליליטרים</UnitQty>
      <Quantity>500.00</Quantity>
      <bIsWeighted>0</bIsWeighted>
      <UnitOfMeasure>100 מ"ל</UnitOfMeasure>
      <QtyInPackage>1</QtyInPackage>
      <ItemPrice>28.90</ItemPrice>
      <UnitOfMeasurePrice>5.78</UnitOfMeasurePrice>
      <AllowDiscount>1</AllowDiscount>
      <ItemStatus>1</ItemStatus>
    </Item>
    <Item>
      <PriceUpdateDate>2025-01-01 10:05</PriceUpdateDate>
      <ItemCode>3574661255873</ItemCode>
      <ItemType>1</ItemType>
      <ItemName>קרם רגליים מתקן 50 מ"ל</ItemName>
      <ManufacturerName>ג'ונסון</ManufacturerName>
      <ManufactureCountry>FR</ManufactureCountry>
      <ManufacturerItemDescription>קרם רגליים מתקן 50 מ"ל</ManufacturerItemDescription>
      <UnitQty>מיליליטרים</UnitQty>
      <Quantity>50.00</Quantity>
      <bIsWeighted>0</bIsWeighted>
      <UnitOfMeasure>100 מ"ל</UnitOfMeasure>
      <QtyInPackage>1</QtyInPackage>
      <ItemPrice>51.50</ItemPrice>
      <UnitOfMeasurePrice>103.00</UnitOfMeasurePrice>
      <AllowDiscount>1</AllowDiscount>
      <ItemStatus>1</ItemStatus>
    </Item>
    <Item>
      <PriceUpdateDate>2025-01-01 10:05</PriceUpdateDate>
      <ItemCode>3574661332581</ItemCode>
      <ItemType>1</ItemType>
      <ItemName>ויזבלי קליר תחליב לחות50</ItemName>
      <ManufacturerName>ג'ונסון</ManufacturerName>
      <ManufactureCountry>FR</ManufactureCountry>
      <ManufacturerItemDescription>תחליב לחות</ManufacturerItemDescription>
      <UnitQty>מיליליטרים</UnitQty>
      <Quantity>50.00</Quantity>
      <bIsWeighted>0</bIsWeighted>
      <UnitOfMeasure>100 מ"ל</UnitOfMeasure>
      <QtyInPackage>1</QtyInPackage>
      <ItemPrice>70.90</ItemPrice>
      <UnitOfMeasurePrice>141.80</UnitOfMeasurePrice>
      <AllowDiscount>1</AllowDiscount>
      <ItemStatus>1</ItemStatus>
    </Item>
    <Item>
      <PriceUpdateDate>2024-12-23 17:26</PriceUpdateDate>
      <ItemCode>3574661428055</ItemCode>
      <ItemType>1</ItemType>
      <ItemName>ג'ונסון תחליב כותנה500מל</ItemName>
      <ManufacturerName>INTERNATIONAL GMBH CILAG</ManufacturerName>
      <ManufactureCountry>IT</ManufactureCountry>
      <ManufacturerItemDescription>גונסון תחליב כותנה500מל</ManufacturerItemDescription>
      <UnitQty>מיליליטרים</UnitQty>
      <Quantity>500.00</Quantity>
      <bIsWeighted>0</bIsWeighted>
      <UnitOfMeasure>100 מ"ל</UnitOfMeasure>
      <QtyInPackage>1</QtyInPackage>
      <ItemPrice>34.90</ItemPrice>
      <UnitOfMeasurePrice>6.98</UnitOfMeasurePrice>
      <AllowDiscount>1</AllowDiscount>
      <ItemStatus>1</ItemStatus>
    </Item>
    <Item>
      <PriceUpdateDate>2025-12-01 20:20</PriceUpdateDate>
      <ItemCode>3574661487328</ItemCode>
      <ItemType>1</ItemType>
      <ItemName>קרפרי מגן תחתון 56 יח</ItemName>
      <ManufacturerName>ג'ונסון</ManufacturerName>
      <ManufactureCountry>GR</ManufactureCountry>
      <ManufacturerItemDescription>קרפרי מגן תחתון 56 יח</ManufacturerItemDescription>
      <UnitQty>יחידה</UnitQty>
      <Quantity>1.00</Quantity>
      <bIsWeighted>0</bIsWeighted>
      <UnitOfMeasure>יחידה</UnitOfMeasure>
      <QtyInPackage>1</QtyInPackage>
      <ItemPrice>12.90</ItemPrice>
      <UnitOfMeasurePrice>12.90</UnitOfMeasurePrice>
      <AllowDiscount>1</AllowDiscount>
      <ItemStatus>1</ItemStatus>
    </Item>
    <Item>
      <PriceUpdateDate>2025-12-01 20:20</PriceUpdateDate>
      <ItemCode>3574661487618</ItemCode>
      <ItemType>1</ItemType>
      <ItemName>קרפרי מגן מקסי מבושם48יח</ItemName>
      <ManufacturerName>ג'ונסון</ManufacturerName>
      <ManufactureCountry>GR</ManufactureCountry>
      <ManufacturerItemDescription>קרפרי מגן מקסי מבושם48יח</ManufacturerItemDescription>
      <UnitQty>יחידה</UnitQty>
      <Quantity>1.00</Quantity>
      <bIsWeighted>0</bIsWeighted>
      <UnitOfMeasure>יחידה</UnitOfMeasure>
      <QtyInPackage>1</QtyInPackage>
      <ItemPrice>12.90</ItemPrice>
      <UnitOfMeasurePrice>12.90</UnitOfMeasurePrice>
      <AllowDiscount>1</AllowDiscount>
      <ItemStatus>1</ItemStatus>
    </Item>
    <Item>
      <PriceUpdateDate>2025-12-01 20:20</PriceUpdateDate>
      <ItemCode>3574661487625</ItemCode>
      <ItemType>1</ItemType>
      <ItemName>קרפרי מגן תחתון מקסיL</ItemName>
      <ManufacturerName>ג'ונסון</ManufacturerName>
      <ManufactureCountry>GR</ManufactureCountry>
      <ManufacturerItemDescription>קרפרי מגן תחתון מקסיL</ManufacturerItemDescription>
      <UnitQty>יחידה</UnitQty>
      <Quantity>1.00</Quantity>
      <bIsWeighted>0</bIsWeighted>
      <UnitOfMeasure>יחידה</UnitOfMeasure>
      <QtyInPackage>1</QtyInPackage>
      <ItemPrice>12.90</ItemPrice>
      <UnitOfMeasurePrice>12.90</UnitOfMeasurePrice>
      <AllowDiscount>1</AllowDiscount>
      <ItemStatus>1</ItemStatus>
    </Item>
    <Item>
      <PriceUpdateDate>2024-12-23 17:20</PriceUpdateDate>
      <ItemCode>3574661491806</ItemCode>
      <ItemType>1</ItemType>
      <ItemName>מי פה ליסטרין וייט 500מל</ItemName>
      <ManufacturerName>ג'ונסון</ManufacturerName>
      <ManufactureCountry>IT</ManufactureCountry>
      <ManufacturerItemDescription>מי פה ליסטרין וייט 500מל</ManufacturerItemDescription>
      <UnitQty>מיליליטרים</UnitQty>
      <Quantity>500.00</Quantity>
      <bIsWeighted>0</bIsWeighted>
      <UnitOfMeasure>100 מ"ל</UnitOfMeasure>
      <QtyInPackage>1</QtyInPackage>
      <ItemPrice>30.90</ItemPrice>
      <UnitOfMeasurePrice>6.18</UnitOfMeasurePrice>
      <AllowDiscount>1</AllowDiscount>
      <ItemStatus>1</ItemStatus>
    </Item>
    <Item>
      <PriceUpdateDate>2025-12-01 20:20</PriceUpdateDate>
      <ItemCode>3574661500355</ItemCode>
      <ItemType>1</ItemType>
      <ItemName>קרפרי לונג רגיל 40יח</ItemName>
      <ManufacturerName>ג'ונסון</ManufacturerName>
      <ManufactureCountry>GR</ManufactureCountry>
      <ManufacturerItemDescription>קרפרי לונג רגיל 40יח</ManufacturerItemDescription>
      <UnitQty>יחידה</UnitQty>
      <Quantity>1.00</Quantity>
      <bIsWeighted>0</bIsWeighted>
      <UnitOfMeasure>יחידה</UnitOfMeasure>
      <QtyInPackage>1</QtyInPackage>
      <ItemPrice>12.90</ItemPrice>
      <UnitOfMeasurePrice>12.90</UnitOfMeasurePrice>
      <AllowDiscount>1</AllowDiscount>
      <ItemStatus>1</ItemStatus>
    </Item>
    <Item>
      <PriceUpdateDate>2025-12-01 20:20</PriceUpdateDate>
      <ItemCode>3574661552576</ItemCode>
      <ItemType>1</ItemType>
      <ItemName>קרפרי מגן רגיל טנגו 56יח</ItemName>
      <ManufacturerName>גונסון</ManufacturerName>
      <ManufactureCountry>GR</ManufactureCountry>
      <ManufacturerItemDescription>קרפרי מגן רגיל טנגו 56יח</ManufacturerItemDescription>
      <UnitQty>יחידה</UnitQty>
      <Quantity>1.00</Quantity>
      <bIsWeighted>0</bIsWeighted>
      <UnitOfMeasure>יחידה</UnitOfMeasure>
      <QtyInPackage>1</QtyInPackage>
      <ItemPrice>12.90</ItemPrice>
      <UnitOfMeasurePrice>12.90</UnitOfMeasurePrice>
      <AllowDiscount>1</AllowDiscount>
      <ItemStatus>1</ItemStatus>
    </Item>
    <Item>
      <PriceUpdateDate>2025-12-01 20:20</PriceUpdateDate>
      <ItemCode>3574661552804</ItemCode>
      <ItemType>1</ItemType>
      <ItemName>קרפרי מגן אלוורה 56יח</ItemName>
      <ManufacturerName>ג'ונסון</ManufacturerName>
      <ManufactureCountry>GR</ManufactureCountry>
      <ManufacturerItemDescription>קרפרי מגן אלוורה 56יח</ManufacturerItemDescription>
      <UnitQty>יחידה</UnitQty>
      <Quantity>1.00</Quantity>
      <bIsWeighted>0</bIsWeighted>
      <UnitOfMeasure>יחידה</UnitOfMeasure>
      <QtyInPackage>1</QtyInPackage>
      <ItemPrice>12.90</ItemPrice>
      <UnitOfMeasurePrice>12.90</UnitOfMeasurePrice>
      <AllowDiscount>1</AllowDiscount>
      <ItemStatus>1</ItemStatus>
    </Item>
    <Item>
      <PriceUpdateDate>2025-12-01 20:20</PriceUpdateDate>
      <ItemCode>3574661554877</ItemCode>
      <ItemType>1</ItemType>
      <ItemName>קרפרי כותון מבושם 56 יחי</ItemName>
      <ManufacturerName>ש.שסטוביץ</ManufacturerName>
      <ManufactureCountry>GR</ManufactureCountry>
      <ManufacturerItemDescription>קרפרי כותון מבושם 56 יחי</ManufacturerItemDescription>
      <UnitQty>יחידה</UnitQty>
      <Quantity>1.00</Quantity>
      <bIsWeighted>0</bIsWeighted>
      <UnitOfMeasure>יחידה</UnitOfMeasure>
      <QtyInPackage>1</QtyInPackage>
      <ItemPrice>12.90</ItemPrice>
      <UnitOfMeasurePrice>12.90</UnitOfMeasurePrice>
      <AllowDiscount>1</AllowDiscount>
      <ItemStatus>1</ItemStatus>
    </Item>
    <Item>
      <PriceUpdateDate>2025-12-01 20:20</PriceUpdateDate>
      <ItemCode>3574661554884</ItemCode>
      <ItemType>1</ItemType>
      <ItemName>קרפרי רגיל טנגה ריחני</ItemName>
      <ManufacturerName>ג'ונסון</ManufacturerName>
      <ManufactureCountry>GR</ManufactureCountry>
      <ManufacturerItemDescription>קרפרי רגיל טנגה ריחני</ManufacturerItemDescription>
      <UnitQty>יחידה</UnitQty>
      <Quantity>1.00</Quantity>
      <bIsWeighted>0</bIsWeighted>
      <UnitOfMeasure>יחידה</UnitOfMeasure>
      <QtyInPackage>1</QtyInPackage>
      <ItemPrice>12.90</ItemPrice>
      <UnitOfMeasurePrice>12.90</UnitOfMeasurePrice>
      <AllowDiscount>1</AllowDiscount>
      <ItemStatus>1</ItemStatus>
    </Item>
    <Item>
      <PriceUpdateDate>2025-12-21 15:30</PriceUpdateDate>
      <ItemCode>3574661610344</ItemCode>
      <ItemType>1</ItemType>
      <ItemName>ניוטרוג'נה קרם רב"ש 300מ</ItemName>
      <ManufacturerName>גונסון אנד גונסון סנטה ב</ManufacturerName>
      <ManufactureCountry>FR</ManufactureCountry>
      <ManufacturerItemDescription>ניוטרוגנה קרם רב"ש 300מ</ManufacturerItemDescription>
      <UnitQty>מיליליטרים</UnitQty>
      <Quantity>300.00</Quantity>
      <bIsWeighted>0</bIsWeighted>
      <UnitOfMeasure>100 מ"ל</UnitOfMeasure>
      <QtyInPackage>1</QtyInPackage>
      <ItemPrice>19.90</ItemPrice>
      <UnitOfMeasurePrice>6.64</UnitOfMeasurePrice>
      <AllowDiscount>1</AllowDiscount>
      <ItemStatus>1</ItemStatus>
    </Item>
    <Item>
      <PriceUpdateDate>2025-05-09 12:16</PriceUpdateDate>
      <ItemCode>3574661728131</ItemCode>
      <ItemType>1</ItemType>
      <ItemName>ג'ונסונס טלק לתינוק 200ג</ItemName>
      <ManufacturerName>INTERNATIONAL GMBH CILAG</ManufacturerName>
      <ManufactureCountry>TH</ManufactureCountry>
      <ManufacturerItemDescription>גונסונס טלק לתינוק 200ג</ManufacturerItemDescription>
      <UnitQty>גרמים</UnitQty>
      <Quantity>200.00</Quantity>
      <bIsWeighted>0</bIsWeighted>
      <UnitOfMeasure>100 גרם</UnitOfMeasure>
      <QtyInPackage>1</QtyInPackage>
      <ItemPrice>17.90</ItemPrice>
      <UnitOfMeasurePrice>8.95</UnitOfMeasurePrice>
      <AllowDiscount>1</AllowDiscount>
      <ItemStatus>1</ItemStatus>
    </Item>
    <Item>
      <PriceUpdateDate>2025-01-24 10:09</PriceUpdateDate>
      <ItemCode>3574661728216</ItemCode>
      <ItemType>1</ItemType>
      <ItemName>גונסונס טלק לתינוק400גר</ItemName>
      <ManufacturerName>CILAG GMBH INTERNATIONAL</ManufacturerName>
      <ManufactureCountry>TH</ManufactureCountry>
      <ManufacturerItemDescription>גונסונס טלק לתינוק400גר</ManufacturerItemDescription>
      <UnitQty>גרמים</UnitQty>
      <Quantity>400.00</Quantity>
      <bIsWeighted>0</bIsWeighted>
      <UnitOfMeasure>100 גרם</UnitOfMeasure>
      <QtyInPackage>1</QtyInPackage>
      <ItemPrice>31.90</ItemPrice>
      <UnitOfMeasurePrice>7.98</UnitOfMeasurePrice>
      <AllowDiscount>1</AllowDiscount>
      <ItemStatus>1</ItemStatus>
    </Item>
    <Item>
      <PriceUpdateDate>2025-12-02 19:30</PriceUpdateDate>
      <ItemCode>3574669908665</ItemCode>
      <ItemType>1</ItemType>
      <ItemName>גונסון אלסבון ל.שינה750</ItemName>
      <ManufacturerName>CILAG GMBH INTERNATIONAL</ManufacturerName>
      <ManufactureCountry>IT</ManufactureCountry>
      <ManufacturerItemDescription>גונסון אלסבון ל.שינה750</ManufacturerItemDescription>
      <UnitQty>מיליליטרים</UnitQty>
      <Quantity>750.00</Quantity>
      <bIsWeighted>0</bIsWeighted>
      <UnitOfMeasure>100 מ"ל</UnitOfMeasure>
      <QtyInPackage>1</QtyInPackage>
      <ItemPrice>14.90</ItemPrice>
      <UnitOfMeasurePrice>1.99</UnitOfMeasurePrice>
      <AllowDiscount>1</AllowDiscount>
      <ItemStatus>1</ItemStatus>
    </Item>
    <Item>
      <PriceUpdateDate>2025-12-02 19:30</PriceUpdateDate>
      <ItemCode>3574669908948</ItemCode>
      <ItemType>1</ItemType>
      <ItemName>ג'ונסון אל סבון עדין750מ</ItemName>
      <ManufacturerName>INTERNATIONAL GMBH CILAG</ManufacturerName>
      <ManufactureCountry>IT</ManufactureCountry>
      <ManufacturerItemDescription>גונסון אל סבון עדין750מ</ManufacturerItemDescription>
      <UnitQty>מיליליטרים</UnitQty>
      <Quantity>750.00</Quantity>
      <bIsWeighted>0</bIsWeighted>
      <UnitOfMeasure>100 מ"ל</UnitOfMeasure>
      <QtyInPackage>1</QtyInPackage>
      <ItemPrice>14.90</ItemPrice>
      <UnitOfMeasurePrice>1.99</UnitOfMeasurePrice>
      <AllowDiscount>1</AllowDiscount>
      <ItemStatus>1</ItemStatus>
    </Item>
    <Item>
      <PriceUpdateDate>2025-06-03 12:12</PriceUpdateDate>
      <ItemCode>36000183399</ItemCode>
      <ItemType>1</ItemType>
      <ItemName>12 האגיס חיתולי שחיה S</ItemName>
      <ManufacturerName>חוגלה קימברלי</ManufacturerName>
      <ManufactureCountry>CZ</ManufactureCountry>
      <ManufacturerItemDescription>12 האגיס חיתולי שחיה S</ManufacturerItemDescription>
      <UnitQty>יחידה</UnitQty>
      <Quantity>1.00</Quantity>
      <bIsWeighted>0</bIsWeighted>
      <UnitOfMeasure>יחידה</UnitOfMeasure>
      <QtyInPackage>0</QtyInPackage>
      <ItemPrice>34.90</ItemPrice>
      <UnitOfMeasurePrice>34.90</UnitOfMeasurePrice>
      <AllowDiscount>1</AllowDiscount>
      <ItemStatus>1</ItemStatus>
    </Item>
    <Item>
      <PriceUpdateDate>2024-12-23 17:20</PriceUpdateDate>
      <ItemCode>36000516876</ItemCode>
      <ItemType>1</ItemType>
      <ItemName>קלינקס לושן 3 שכבות 75יח</ItemName>
      <ManufacturerName>חוגלה קימברלי</ManufacturerName>
      <ManufactureCountry>US</ManufactureCountry>
      <ManufacturerItemDescription>קלינקס לושן 3 שכבות 75יח</ManufacturerItemDescription>
      <UnitQty>יחידה</UnitQty>
      <Quantity>1.00</Quantity>
      <bIsWeighted>0</bIsWeighted>
      <UnitOfMeasure>יחידה</UnitOfMeasure>
      <QtyInPackage>1</QtyInPackage>
      <ItemPrice>14.50</ItemPrice>
      <UnitOfMeasurePrice>14.50</UnitOfMeasurePrice>
      <AllowDiscount>1</AllowDiscount>
      <ItemStatus>1</ItemStatus>
    </Item>
    <Item>
      <PriceUpdateDate>2025-12-01 20:10</PriceUpdateDate>
      <ItemCode>36000516890</ItemCode>
      <ItemType>1</ItemType>
      <ItemName>קלינקס לושן 3 שכבות120יח</ItemName>
      <ManufacturerName>חוגלה קימברלי</ManufacturerName>
      <ManufactureCountry>US</ManufactureCountry>
      <ManufacturerItemDescription>קלינקס לושן 3 שכבות120יח</ManufacturerItemDescription>
      <UnitQty>יחידה</UnitQty>
      <Quantity>1.00</Quantity>
      <bIsWeighted>0</bIsWeighted>
      <UnitOfMeasure>יחידה</UnitOfMeasure>
      <QtyInPackage>1</QtyInPackage>
      <ItemPrice>14.90</ItemPrice>
      <UnitOfMeasurePrice>14.90</UnitOfMeasurePrice>
      <AllowDiscount>1</AllowDiscount>
      <ItemStatus>1</ItemStatus>
    </Item>
    <Item>
      <PriceUpdateDate>2025-11-13 13:03</PriceUpdateDate>
      <ItemCode>3600520881799</ItemCode>
      <ItemType>1</ItemType>
      <ItemName>מסקרה טלסקופיק שחורה</ItemName>
      <ManufacturerName>לוריאל</ManufacturerName>
      <ManufactureCountry>IT</ManufactureCountry>
      <ManufacturerItemDescription>מסקרה טלסקופיק שחורה</ManufacturerItemDescription>
      <UnitQty>יחידה</UnitQty>
      <Quantity>1.00</Quantity>
      <bIsWeighted>0</bIsWeighted>
      <UnitOfMeasure>יחידה</UnitOfMeasure>
      <QtyInPackage>0</QtyInPackage>
      <ItemPrice>69.90</ItemPrice>
      <UnitOfMeasurePrice>69.90</UnitOfMeasurePrice>
      <AllowDiscount>1</AllowDiscount>
      <ItemStatus>1</ItemStatus>
    </Item>
    <Item>
      <PriceUpdateDate>2025-11-27 19:30</PriceUpdateDate>
      <ItemCode>3600521018095</ItemCode>
      <ItemType>1</ItemType>
      <ItemName>מסקרה ווליומיסים יח'</ItemName>
      <ManufacturerName>כללי</ManufacturerName>
      <ManufactureCountry>IL</ManufactureCountry>
      <ManufacturerItemDescription>מסקרה ווליומיסים</ManufacturerItemDescription>
      <UnitQty>יחידה</UnitQty>
      <Quantity>1.00</Quantity>
      <bIsWeighted>0</bIsWeighted>
      <UnitOfMeasure>יחידה</UnitOfMeasure>
      <QtyInPackage>1</QtyInPackage>
      <ItemPrice>29.90</ItemPrice>
      <UnitOfMeasurePrice>29.90</UnitOfMeasurePrice>
      <AllowDiscount>1</AllowDiscount>
      <ItemStatus>1</ItemStatus>
    </Item>
    <Item>
      <PriceUpdateDate>2025-11-27 21:30</PriceUpdateDate>
      <ItemCode>3600521094372</ItemCode>
      <ItemType>1</ItemType>
      <ItemName>קסטינג קרם גלוס מס316'</ItemName>
      <ManufacturerName>לוריאל פריז</ManufacturerName>
      <ManufactureCountry>BE</ManufactureCountry>
      <ManufacturerItemDescription>קסטינג קרם גלוס מס316</ManufacturerItemDescription>
      <UnitQty>יחידה</UnitQty>
      <Quantity>1.00</Quantity>
      <bIsWeighted>0</bIsWeighted>
      <UnitOfMeasure>יחידה</UnitOfMeasure>
      <QtyInPackage>0</QtyInPackage>
      <ItemPrice>37.90</ItemPrice>
      <UnitOfMeasurePrice>37.90</UnitOfMeasurePrice>
      <AllowDiscount>1</AllowDiscount>
      <ItemStatus>1</ItemStatus>
    </Item>
    <Item>
      <PriceUpdateDate>2025-11-27 21:30</PriceUpdateDate>
      <ItemCode>3600521094471</ItemCode>
      <ItemType>1</ItemType>
      <ItemName>קסטינג קרס גלוס מס600'</ItemName>
      <ManufacturerName>לוריאל פריז</ManufacturerName>
      <ManufactureCountry>BE</ManufactureCountry>
      <ManufacturerItemDescription>קסטינג קרס גלוס מס600</ManufacturerItemDescription>
      <UnitQty>יחידה</UnitQty>
      <Quantity>1.00</Quantity>
      <bIsWeighted>0</bIsWeighted>
      <UnitOfMeasure>יחידה</UnitOfMeasure>
      <QtyInPackage>0</QtyInPackage>
      <ItemPrice>37.90</ItemPrice>
      <UnitOfMeasurePrice>37.90</UnitOfMeasurePrice>
      <AllowDiscount>1</AllowDiscount>
      <ItemStatus>1</ItemStatus>
    </Item>
    <Item>
      <PriceUpdateDate>2025-11-27 19:30</PriceUpdateDate>
      <ItemCode>3600521846292</ItemCode>
      <ItemType>1</ItemType>
      <ItemName>מסקרה אקסטרה ווליום חום</ItemName>
      <ManufacturerName>לוריאל</ManufacturerName>
      <ManufactureCountry>FR</ManufactureCountry>
      <ManufacturerItemDescription>מסקרה קולגן</ManufacturerItemDescription>
      <UnitQty>יחידה</UnitQty>
      <Quantity>1.00</Quantity>
      <bIsWeighted>0</bIsWeighted>
      <UnitOfMeasure>יחידה</UnitOfMeasure>
      <QtyInPackage>0</QtyInPackage>
      <ItemPrice>54.90</ItemPrice>
      <UnitOfMeasurePrice>54.90</UnitOfMeasurePrice>
      <AllowDiscount>1</AllowDiscount>
      <ItemStatus>1</ItemStatus>
    </Item>
    <Item>
      <PriceUpdateDate>2025-11-27 21:30</PriceUpdateDate>
      <ItemCode>3600522150497</ItemCode>
      <ItemType>1</ItemType>
      <ItemName>קסטינג קרם גלוס מס100'</ItemName>
      <ManufacturerName>לוריאל פריז</ManufacturerName>
      <ManufactureCountry>BE</ManufactureCountry>
      <ManufacturerItemDescription>קסטינג קרם גלוס מס100</ManufacturerItemDescription>
      <UnitQty>יחידה</UnitQty>
      <Quantity>1.00</Quantity>
      <bIsWeighted>0</bIsWeighted>
      <UnitOfMeasure>יחידה</UnitOfMeasure>
      <QtyInPackage>0</QtyInPackage>
      <ItemPrice>37.90</ItemPrice>
      <UnitOfMeasurePrice>37.90</UnitOfMeasurePrice>
      <AllowDiscount>1</AllowDiscount>
      <ItemStatus>1</ItemStatus>
    </Item>
    <Item>
      <PriceUpdateDate>2024-12-23 17:18</PriceUpdateDate>
      <ItemCode>3600522480129</ItemCode>
      <ItemType>1</ItemType>
      <ItemName>רויטליפט לייזר קרם 50מל</ItemName>
      <ManufacturerName>קרלסרו</ManufacturerName>
      <ManufactureCountry>DE</ManufactureCountry>
      <ManufacturerItemDescription>רויטליפט לייזר קרם 50מל</ManufacturerItemDescription>
      <UnitQty>מיליליטרים</UnitQty>
      <Quantity>50.00</Quantity>
      <bIsWeighted>0</bIsWeighted>
      <UnitOfMeasure>100 מ"ל</UnitOfMeasure>
      <QtyInPackage>1</QtyInPackage>
      <ItemPrice>110.50</ItemPrice>
      <UnitOfMeasurePrice>221.00</UnitOfMeasurePrice>
      <AllowDiscount>1</AllowDiscount>
      <ItemStatus>1</ItemStatus>
    </Item>
    <Item>
      <PriceUpdateDate>2025-12-01 20:10</PriceUpdateDate>
      <ItemCode>3600523192717</ItemCode>
      <ItemType>1</ItemType>
      <ItemName>מג'יק ריטאצ' 4 בלונד בז</ItemName>
      <ManufacturerName>לוריאל ליברמו</ManufacturerName>
      <ManufactureCountry>BE</ManufactureCountry>
      <ManufacturerItemDescription>מגיק ריטאצ 4 בלונד בז</ManufacturerItemDescription>
      <UnitQty>מיליליטרים</UnitQty>
      <Quantity>75.00</Quantity>
      <bIsWeighted>0</bIsWeighted>
      <UnitOfMeasure>100 מ"ל</UnitOfMeasure>
      <QtyInPackage>1</QtyInPackage>
      <ItemPrice>31.90</ItemPrice>
      <UnitOfMeasurePrice>42.54</UnitOfMeasurePrice>
      <AllowDiscount>1</AllowDiscount>
      <ItemStatus>1</ItemStatus>
    </Item>
    <Item>
      <PriceUpdateDate>2025-12-01 20:10</PriceUpdateDate>
      <ItemCode>3600523193158</ItemCode>
      <ItemType>1</ItemType>
      <ItemName>מג'יק ריטאצ' 2 חום</ItemName>
      <ManufacturerName>לוריאל ליברמו</ManufacturerName>
      <ManufactureCountry>BE</ManufactureCountry>
      <ManufacturerItemDescription>מגיק ריטאצ 2 חום</ManufacturerItemDescription>
      <UnitQty>מיליליטרים</UnitQty>
      <Quantity>75.00</Quantity>
      <bIsWeighted>0</bIsWeighted>
      <UnitOfMeasure>100 מ"ל</UnitOfMeasure>
      <QtyInPackage>1</QtyInPackage>
      <ItemPrice>31.90</ItemPrice>
      <UnitOfMeasurePrice>42.54</UnitOfMeasurePrice>
      <AllowDiscount>1</AllowDiscount>
      <ItemStatus>1</ItemStatus>
    </Item>
    <Item>
      <PriceUpdateDate>2024-12-23 17:21</PriceUpdateDate>
      <ItemCode>3600523363193</ItemCode>
      <ItemType>1</ItemType>
      <ItemName>HG ג'ל לחות לעור יבש 70מ</ItemName>
      <ManufacturerName>לוריאל פרודקשן דויטשלנד</ManufacturerName>
      <ManufactureCountry>DE</ManufactureCountry>
      <ManufacturerItemDescription>HG גל לחות לעור יבש 70מ</ManufacturerItemDescription>
      <UnitQty>מיליליטרים</UnitQty>
      <Quantity>70.00</Quantity>
      <bIsWeighted>0</bIsWeighted>
      <UnitOfMeasure>100 מ"ל</UnitOfMeasure>
      <QtyInPackage>1</QtyInPackage>
      <ItemPrice>66.90</ItemPrice>
      <UnitOfMeasurePrice>95.57</UnitOfMeasurePrice>
      <AllowDiscount>1</AllowDiscount>
      <ItemStatus>1</ItemStatus>
    </Item>
    <Item>
      <PriceUpdateDate>2024-12-23 17:18</PriceUpdateDate>
      <ItemCode>3600523428663</ItemCode>
      <ItemType>1</ItemType>
      <ItemName>REVITALIFT קרם יום50מל</ItemName>
      <ManufacturerName>קרלסרו, גרמניה</ManufacturerName>
      <ManufactureCountry>DE</ManufactureCountry>
      <ManufacturerItemDescription>REVITALIFT קרם</ManufacturerItemDescription>
      <UnitQty>מיליליטרים</UnitQty>
      <Quantity>50.00</Quantity>
      <bIsWeighted>0</bIsWeighted>
      <UnitOfMeasure>100 מ"ל</UnitOfMeasure>
      <QtyInPackage>1</QtyInPackage>
      <ItemPrice>110.50</ItemPrice>
      <UnitOfMeasurePrice>221.00</UnitOfMeasurePrice>
      <AllowDiscount>1</AllowDiscount>
      <ItemStatus>1</ItemStatus>
    </Item>
    <Item>
      <PriceUpdateDate>2024-12-23 17:21</PriceUpdateDate>
      <ItemCode>3600523464548</ItemCode>
      <ItemType>1</ItemType>
      <ItemName>HG ג'ל לחות לעור עדין70מ</ItemName>
      <ManufacturerName>לוריאל פרודקשן דויטשלנד</ManufacturerName>
      <ManufactureCountry>DE</ManufactureCountry>
      <ManufacturerItemDescription>HG גל לחות לעור עדין70מ</ManufacturerItemDescription>
      <UnitQty>מיליליטרים</UnitQty>
      <Quantity>70.00</Quantity>
      <bIsWeighted>0</bIsWeighted>
      <UnitOfMeasure>100 מ"ל</UnitOfMeasure>
      <QtyInPackage>1</QtyInPackage>
      <ItemPrice>66.90</ItemPrice>
      <UnitOfMeasurePrice>95.57</UnitOfMeasurePrice>
      <AllowDiscount>1</AllowDiscount>
      <ItemStatus>1</ItemStatus>
    </Item>
    <Item>
      <PriceUpdateDate>2025-01-01 10:06</PriceUpdateDate>
      <ItemCode>3600523503285</ItemCode>
      <ItemType>1</ItemType>
      <ItemName>פרדייז מסקרה 01 שחור פרד</ItemName>
      <ManufacturerName>לוריאל איפור</ManufacturerName>
      <ManufactureCountry>IT</ManufactureCountry>
      <ManufacturerItemDescription>פרדייז מסקרה</ManufacturerItemDescription>
      <UnitQty>יחידה</UnitQty>
      <Quantity>1.00</Quantity>
      <bIsWeighted>0</bIsWeighted>
      <UnitOfMeasure>יחידה</UnitOfMeasure>
      <QtyInPackage>1</QtyInPackage>
      <ItemPrice>80.90</ItemPrice>
      <UnitOfMeasurePrice>80.90</UnitOfMeasurePrice>
      <AllowDiscount>1</AllowDiscount>
      <ItemStatus>1</ItemStatus>
    </Item>
    <Item>
      <PriceUpdateDate>2025-01-01 10:06</PriceUpdateDate>
      <ItemCode>3600523674619</ItemCode>
      <ItemType>1</ItemType>
      <ItemName>ג'ל גבות עמיד 105 חום יח</ItemName>
      <ManufacturerName>לוריאל</ManufacturerName>
      <ManufactureCountry>CA</ManufactureCountry>
      <ManufacturerItemDescription>גל גבות עמיד 105 חום יח</ManufacturerItemDescription>
      <UnitQty>יחידה</UnitQty>
      <Quantity>1.00</Quantity>
      <bIsWeighted>0</bIsWeighted>
      <UnitOfMeasure>יחידה</UnitOfMeasure>
      <QtyInPackage>1</QtyInPackage>
      <ItemPrice>64.50</ItemPrice>
      <UnitOfMeasurePrice>64.50</UnitOfMeasurePrice>
      <AllowDiscount>1</AllowDiscount>
      <ItemStatus>1</ItemStatus>
    </Item>
    <Item>
      <PriceUpdateDate>2025-01-01 10:06</PriceUpdateDate>
      <ItemCode>3600523674633</ItemCode>
      <ItemType>1</ItemType>
      <ItemName>ג'ל גבות עמיד 109 כהה יח</ItemName>
      <ManufacturerName>לוריאל</ManufacturerName>
      <ManufactureCountry>CA</ManufactureCountry>
      <ManufacturerItemDescription>גל גבות עמיד 109 כהה יח</ManufacturerItemDescription>
      <UnitQty>יחידה</UnitQty>
      <Quantity>1.00</Quantity>
      <bIsWeighted>0</bIsWeighted>
      <UnitOfMeasure>יחידה</UnitOfMeasure>
      <QtyInPackage>1</QtyInPackage>
      <ItemPrice>64.50</ItemPrice>
      <UnitOfMeasurePrice>64.50</UnitOfMeasurePrice>
      <AllowDiscount>1</AllowDiscount>
      <ItemStatus>1</ItemStatus>
    </Item>
    <Item>
      <PriceUpdateDate>2025-11-27 19:30</PriceUpdateDate>
      <ItemCode>3600523716470</ItemCode>
      <ItemType>1</ItemType>
      <ItemName>רויטליפט קרם יוםאדום50מל</ItemName>
      <ManufacturerName>קרלסרו, גרמניה</ManufacturerName>
      <ManufactureCountry>DE</ManufactureCountry>
      <ManufacturerItemDescription>רויטליפט קרם יוםאדום50מל</ManufacturerItemDescription>
      <UnitQty>מיליליטרים</UnitQty>
      <Quantity>50.00</Quantity>
      <bIsWeighted>0</bIsWeighted>
      <UnitOfMeasure>100 מ"ל</UnitOfMeasure>
      <QtyInPackage>1</QtyInPackage>
      <ItemPrice>59.90</ItemPrice>
      <UnitOfMeasurePrice>119.80</UnitOfMeasurePrice>
      <AllowDiscount>1</AllowDiscount>
      <ItemStatus>1</ItemStatus>
    </Item>
    <Item>
      <PriceUpdateDate>2025-01-01 10:06</PriceUpdateDate>
      <ItemCode>3600523755288</ItemCode>
      <ItemType>1</ItemType>
      <ItemName>מסקרה לגבות 108 חום 4.3</ItemName>
      <ManufacturerName>כללי</ManufacturerName>
      <ManufactureCountry>IT</ManufactureCountry>
      <ManufacturerItemDescription>מסקרה לגבות 108 חום 4.3</ManufacturerItemDescription>
      <UnitQty>מיליליטרים</UnitQty>
      <Quantity>0.00</Quantity>
      <bIsWeighted>0</bIsWeighted>
      <UnitOfMeasure>100 מ"ל</UnitOfMeasure>
      <QtyInPackage>1</QtyInPackage>
      <ItemPrice>46.50</ItemPrice>
      <UnitOfMeasurePrice>46.50</UnitOfMeasurePrice>
      <AllowDiscount>1</AllowDiscount>
      <ItemStatus>1</ItemStatus>
    </Item>
    <Item>
      <PriceUpdateDate>2024-01-31 19:34</PriceUpdateDate>
      <ItemCode>3600523782574</ItemCode>
      <ItemType>1</ItemType>
      <ItemName>מסכה אלביב דרים לונג</ItemName>
      <ManufacturerName>קוסמטיקס</ManufacturerName>
      <ManufactureCountry>DE</ManufactureCountry>
      <ManufacturerItemDescription>מסכה אלביב דרים לונג</ManufacturerItemDescription>
      <UnitQty>מיליליטרים</UnitQty>
      <Quantity>300.00</Quantity>
      <bIsWeighted>0</bIsWeighted>
      <UnitOfMeasure>100 מ"ל</UnitOfMeasure>
      <QtyInPackage>1</QtyInPackage>
      <ItemPrice>39.90</ItemPrice>
      <UnitOfMeasurePrice>13.30</UnitOfMeasurePrice>
      <AllowDiscount>1</AllowDiscount>
      <ItemStatus>1</ItemStatus>
    </Item>
    <Item>
      <PriceUpdateDate>2025-11-27 21:30</PriceUpdateDate>
      <ItemCode>3600523899906</ItemCode>
      <ItemType>1</ItemType>
      <ItemName>אלביב מסכה פול רזיסט680מ</ItemName>
      <ManufacturerName>לוריאל-אלביב</ManufacturerName>
      <ManufactureCountry>ES</ManufactureCountry>
      <ManufacturerItemDescription>אלביב מסכה פול רזיסט680מ</ManufacturerItemDescription>
      <UnitQty>מיליליטרים</UnitQty>
      <Quantity>680.00</Quantity>
      <bIsWeighted>0</bIsWeighted>
      <UnitOfMeasure>100 מ"ל</UnitOfMeasure>
      <QtyInPackage>1</QtyInPackage>
      <ItemPrice>39.90</ItemPrice>
      <UnitOfMeasurePrice>5.87</UnitOfMeasurePrice>
      <AllowDiscount>1</AllowDiscount>
      <ItemStatus>1</ItemStatus>
    </Item>
    <Item>
      <PriceUpdateDate>2022-12-26 17:51</PriceUpdateDate>
      <ItemCode>3600523936786</ItemCode>
      <ItemType>1</ItemType>
      <ItemName>אלביב שמן שיער רגיל100מ</ItemName>
      <ManufacturerName>לוריאל</ManufacturerName>
      <ManufactureCountry>FR</ManufactureCountry>
      <ManufacturerItemDescription>אלביב שמן שיער רגיל100מ</ManufacturerItemDescription>
      <UnitQty>מיליליטרים</UnitQty>
      <Quantity>100.00</Quantity>
      <bIsWeighted>0</bIsWeighted>
      <UnitOfMeasure>100 מ"ל</UnitOfMeasure>
      <QtyInPackage>1</QtyInPackage>
      <ItemPrice>39.90</ItemPrice>
      <UnitOfMeasurePrice>39.90</UnitOfMeasurePrice>
      <AllowDiscount>1</AllowDiscount>
      <ItemStatus>1</ItemStatus>
    </Item>
    <Item>
      <PriceUpdateDate>2024-12-23 17:18</PriceUpdateDate>
      <ItemCode>3600523944231</ItemCode>
      <ItemType>1</ItemType>
      <ItemName>אקסלנס קול קרם 7.11 בלונ</ItemName>
      <ManufacturerName>לוריאל פריז</ManufacturerName>
      <ManufactureCountry>BE</ManufactureCountry>
      <ManufacturerItemDescription>אקסלנס קול קרם 7.11 בלונ</ManufacturerItemDescription>
      <UnitQty>מיליליטרים</UnitQty>
      <Quantity>192.00</Quantity>
      <bIsWeighted>0</bIsWeighted>
      <UnitOfMeasure>100 מ"ל</UnitOfMeasure>
      <QtyInPackage>1</QtyInPackage>
      <ItemPrice>43.50</ItemPrice>
      <UnitOfMeasurePrice>22.66</UnitOfMeasurePrice>
      <AllowDiscount>1</AllowDiscount>
      <ItemStatus>1</ItemStatus>
    </Item>
    <Item>
      <PriceUpdateDate>2025-11-27 19:30</PriceUpdateDate>
      <ItemCode>3600523953677</ItemCode>
      <ItemType>1</ItemType>
      <ItemName>דרמו רויטליפט לחות50 מ"ל</ItemName>
      <ManufacturerName>קרלסרו, גרמניה</ManufacturerName>
      <ManufactureCountry>DE</ManufactureCountry>
      <ManufacturerItemDescription>דרמו רויטליפט לחות50 מ"ל</ManufacturerItemDescription>
      <UnitQty>מיליליטרים</UnitQty>
      <Quantity>50.00</Quantity>
      <bIsWeighted>0</bIsWeighted>
      <UnitOfMeasure>100 מ"ל</UnitOfMeasure>
      <QtyInPackage>1</QtyInPackage>
      <ItemPrice>59.90</ItemPrice>
      <UnitOfMeasurePrice>119.80</UnitOfMeasurePrice>
      <AllowDiscount>1</AllowDiscount>
      <ItemStatus>1</ItemStatus>
    </Item>
    <Item>
      <PriceUpdateDate>2024-12-23 17:21</PriceUpdateDate>
      <ItemCode>3600523991556</ItemCode>
      <ItemType>1</ItemType>
      <ItemName>HG ג'ל לחות עור קליל 70מ</ItemName>
      <ManufacturerName>לוריאל פרודקשן דויטשלנד</ManufacturerName>
      <ManufactureCountry>DE</ManufactureCountry>
      <ManufacturerItemDescription>HG גל לחות עור קליל 70מ</ManufacturerItemDescription>
      <UnitQty>מיליליטרים</UnitQty>
      <Quantity>70.00</Quantity>
      <bIsWeighted>0</bIsWeighted>
      <UnitOfMeasure>100 מ"ל</UnitOfMeasure>
      <QtyInPackage>1</QtyInPackage>
      <ItemPrice>66.90</ItemPrice>
      <UnitOfMeasurePrice>95.57</UnitOfMeasurePrice>
      <AllowDiscount>1</AllowDiscount>
      <ItemStatus>1</ItemStatus>
    </Item>
    <Item>
      <PriceUpdateDate>2025-11-27 21:30</PriceUpdateDate>
      <ItemCode>3600524021900</ItemCode>
      <ItemType>1</ItemType>
      <ItemName>אלביב מסכת תלתלים 680 מל</ItemName>
      <ManufacturerName>לוריאל-אלביב</ManufacturerName>
      <ManufactureCountry>ES</ManufactureCountry>
      <ManufacturerItemDescription>אלביב מסכת תלתלים 680 מל</ManufacturerItemDescription>
      <UnitQty>מיליליטרים</UnitQty>
      <Quantity>680.00</Quantity>
      <bIsWeighted>0</bIsWeighted>
      <UnitOfMeasure>100 מ"ל</UnitOfMeasure>
      <QtyInPackage>1</QtyInPackage>
      <ItemPrice>39.90</ItemPrice>
      <UnitOfMeasurePrice>5.87</UnitOfMeasurePrice>
      <AllowDiscount>1</AllowDiscount>
      <ItemStatus>1</ItemStatus>
    </Item>
    <Item>
      <PriceUpdateDate>2024-12-23 17:18</PriceUpdateDate>
      <ItemCode>3600524025540</ItemCode>
      <ItemType>1</ItemType>
      <ItemName>רויטליפט פ.סרום עניים20מ</ItemName>
      <ManufacturerName>KARLSRUHE</ManufacturerName>
      <ManufactureCountry>DE</ManufactureCountry>
      <ManufacturerItemDescription>רויטליפט פילר סר</ManufacturerItemDescription>
      <UnitQty>מיליליטרים</UnitQty>
      <Quantity>20.00</Quantity>
      <bIsWeighted>0</bIsWeighted>
      <UnitOfMeasure>100 מ"ל</UnitOfMeasure>
      <QtyInPackage>1</QtyInPackage>
      <ItemPrice>112.00</ItemPrice>
      <UnitOfMeasurePrice>560.00</UnitOfMeasurePrice>
      <AllowDiscount>1</AllowDiscount>
      <ItemStatus>1</ItemStatus>
    </Item>
    <Item>
      <PriceUpdateDate>2024-01-31 19:34</PriceUpdateDate>
      <ItemCode>3600524051570</ItemCode>
      <ItemType>1</ItemType>
      <ItemName>אלביב מסכה היאלורונית300</ItemName>
      <ManufacturerName>DEUT PRODUKTION L\'OREAL</ManufacturerName>
      <ManufactureCountry>DE</ManufactureCountry>
      <ManufacturerItemDescription>אלביב מסכה היאלורונית300</ManufacturerItemDescription>
      <UnitQty>מיליליטרים</UnitQty>
      <Quantity>300.00</Quantity>
      <bIsWeighted>0</bIsWeighted>
      <UnitOfMeasure>100 מ"ל</UnitOfMeasure>
      <QtyInPackage>1</QtyInPackage>
      <ItemPrice>39.90</ItemPrice>
      <UnitOfMeasurePrice>13.30</UnitOfMeasurePrice>
      <AllowDiscount>1</AllowDiscount>
      <ItemStatus>1</ItemStatus>
    </Item>
    <Item>
      <PriceUpdateDate>2024-12-23 17:26</PriceUpdateDate>
      <ItemCode>3600524061340</ItemCode>
      <ItemType>1</ItemType>
      <ItemName>קרם אלביב דרים לונג200מ</ItemName>
      <ManufacturerName>קוסמטיקס</ManufacturerName>
      <ManufactureCountry>DE</ManufactureCountry>
      <ManufacturerItemDescription>קרם אלביב דרים לונג200מ</ManufacturerItemDescription>
      <UnitQty>מיליליטרים</UnitQty>
      <Quantity>200.00</Quantity>
      <bIsWeighted>0</bIsWeighted>
      <UnitOfMeasure>100 מ"ל</UnitOfMeasure>
      <QtyInPackage>1</QtyInPackage>
      <ItemPrice>37.90</ItemPrice>
      <UnitOfMeasurePrice>18.95</UnitOfMeasurePrice>
      <AllowDiscount>1</AllowDiscount>
      <ItemStatus>1</ItemStatus>
    </Item>
    <Item>
      <PriceUpdateDate>2024-12-23 17:21</PriceUpdateDate>
      <ItemCode>3600524066475</ItemCode>
      <ItemType>1</ItemType>
      <ItemName>דרמו מידנייט קרם לילה50מ</ItemName>
      <ManufacturerName>KARLSRUHE</ManufacturerName>
      <ManufactureCountry>DE</ManufactureCountry>
      <ManufacturerItemDescription>דרמו מידנייט קרם</ManufacturerItemDescription>
      <UnitQty>מיליליטרים</UnitQty>
      <Quantity>50.00</Quantity>
      <bIsWeighted>0</bIsWeighted>
      <UnitOfMeasure>100 מ"ל</UnitOfMeasure>
      <QtyInPackage>1</QtyInPackage>
      <ItemPrice>132.90</ItemPrice>
      <UnitOfMeasurePrice>265.80</UnitOfMeasurePrice>
      <AllowDiscount>1</AllowDiscount>
      <ItemStatus>1</ItemStatus>
    </Item>
    <Item>
      <PriceUpdateDate>2025-01-01 10:05</PriceUpdateDate>
      <ItemCode>3600524076078</ItemCode>
      <ItemType>1</ItemType>
      <ItemName>קליניקל ג'ל ניקוי 150 מל</ItemName>
      <ManufacturerName>KARLSRUHE</ManufacturerName>
      <ManufactureCountry>DE</ManufactureCountry>
      <ManufacturerItemDescription>קליניקל גל ניקוי 150 מל</ManufacturerItemDescription>
      <UnitQty>מיליליטרים</UnitQty>
      <Quantity>150.00</Quantity>
      <bIsWeighted>0</bIsWeighted>
      <UnitOfMeasure>100 מ"ל</UnitOfMeasure>
      <QtyInPackage>1</QtyInPackage>
      <ItemPrice>42.90</ItemPrice>
      <UnitOfMeasurePrice>28.60</UnitOfMeasurePrice>
      <AllowDiscount>1</AllowDiscount>
      <ItemStatus>1</ItemStatus>
    </Item>
    <Item>
      <PriceUpdateDate>2024-12-23 17:26</PriceUpdateDate>
      <ItemCode>3600524076986</ItemCode>
      <ItemType>1</ItemType>
      <ItemName>אלביב וונדר ווטר 200 מ"ל</ItemName>
      <ManufacturerName>לוריאל ליברמו</ManufacturerName>
      <ManufactureCountry>BE</ManufactureCountry>
      <ManufacturerItemDescription>אלביב וונדר ווטר 200 מ"ל</ManufacturerItemDescription>
      <UnitQty>מיליליטרים</UnitQty>
      <Quantity>200.00</Quantity>
      <bIsWeighted>0</bIsWeighted>
      <UnitOfMeasure>100 מ"ל</UnitOfMeasure>
      <QtyInPackage>1</QtyInPackage>
      <ItemPrice>35.90</ItemPrice>
      <UnitOfMeasurePrice>17.95</UnitOfMeasurePrice>
      <AllowDiscount>1</AllowDiscount>
      <ItemStatus>1</ItemStatus>
    </Item>
    <Item>
      <PriceUpdateDate>2025-01-01 10:05</PriceUpdateDate>
      <ItemCode>3600524129019</ItemCode>
      <ItemType>1</ItemType>
      <ItemName>ברייט ריביל ג'ל ניקוי150</ItemName>
      <ManufacturerName>KARLSRUHE</ManufacturerName>
      <ManufactureCountry>DE</ManufactureCountry>
      <ManufacturerItemDescription>ברייט ריביל ג'ל</ManufacturerItemDescription>
      <UnitQty>מיליליטרים</UnitQty>
      <Quantity>150.00</Quantity>
      <bIsWeighted>0</bIsWeighted>
      <UnitOfMeasure>100 מ"ל</UnitOfMeasure>
      <QtyInPackage>1</QtyInPackage>
      <ItemPrice>40.90</ItemPrice>
      <UnitOfMeasurePrice>27.27</UnitOfMeasurePrice>
      <AllowDiscount>1</AllowDiscount>
      <ItemStatus>1</ItemStatus>
    </Item>
    <Item>
      <PriceUpdateDate>2025-01-01 10:05</PriceUpdateDate>
      <ItemCode>3600524134181</ItemCode>
      <ItemType>1</ItemType>
      <ItemName>רויטליפט טונר לפנים 180מ</ItemName>
      <ManufacturerName>קוסמפול</ManufacturerName>
      <ManufactureCountry>PL</ManufactureCountry>
      <ManufacturerItemDescription>רויטליפט טונר לפנים 180מ</ManufacturerItemDescription>
      <UnitQty>מיליליטרים</UnitQty>
      <Quantity>180.00</Quantity>
      <bIsWeighted>0</bIsWeighted>
      <UnitOfMeasure>100 מ"ל</UnitOfMeasure>
      <QtyInPackage>1</QtyInPackage>
      <ItemPrice>40.90</ItemPrice>
      <UnitOfMeasurePrice>22.72</UnitOfMeasurePrice>
      <AllowDiscount>1</AllowDiscount>
      <ItemStatus>1</ItemStatus>
    </Item>
    <Item>
      <PriceUpdateDate>2025-08-22 05:42</PriceUpdateDate>
      <ItemCode>3600524135386</ItemCode>
      <ItemType>1</ItemType>
      <ItemName>אלביב סרום ללא שטיפה150מ</ItemName>
      <ManufacturerName>SOPROCOS</ManufacturerName>
      <ManufactureCountry>FR</ManufactureCountry>
      <ManufacturerItemDescription>אלביב סרום ללא שטיפה150מ</ManufacturerItemDescription>
      <UnitQty>מיליליטרים</UnitQty>
      <Quantity>150.00</Quantity>
      <bIsWeighted>0</bIsWeighted>
      <UnitOfMeasure>100 מ"ל</UnitOfMeasure>
      <QtyInPackage>1</QtyInPackage>
      <ItemPrice>59.90</ItemPrice>
      <UnitOfMeasurePrice>39.93</UnitOfMeasurePrice>
      <AllowDiscount>1</AllowDiscount>
      <ItemStatus>1</ItemStatus>
    </Item>
    <Item>
      <PriceUpdateDate>2025-01-03 00:45</PriceUpdateDate>
      <ItemCode>3600524150594</ItemCode>
      <ItemType>1</ItemType>
      <ItemName>לומי גלושיין 905 40 מ"ל</ItemName>
      <ManufacturerName>לוריאל</ManufacturerName>
      <ManufactureCountry>FR</ManufactureCountry>
      <ManufacturerItemDescription>לומי גלושיין 905 40 מ"ל</ManufacturerItemDescription>
      <UnitQty>מיליליטרים</UnitQty>
      <Quantity>40.00</Quantity>
      <bIsWeighted>0</bIsWeighted>
      <UnitOfMeasure>100 מ"ל</UnitOfMeasure>
      <QtyInPackage>1</QtyInPackage>
      <ItemPrice>69.90</ItemPrice>
      <UnitOfMeasurePrice>174.75</UnitOfMeasurePrice>
      <AllowDiscount>1</AllowDiscount>
      <ItemStatus>1</ItemStatus>
    </Item>
    <Item>
      <PriceUpdateDate>2025-07-02 09:43</PriceUpdateDate>
      <ItemCode>3600524163075</ItemCode>
      <ItemType>1</ItemType>
      <ItemName>שמפו הידרה היאלורוני500מ</ItemName>
      <ManufacturerName>לוריאל-אלביב</ManufacturerName>
      <ManufactureCountry>FR</ManufactureCountry>
      <ManufacturerItemDescription>שמפו הידרה היאלורוני500מ</ManufacturerItemDescription>
      <UnitQty>מיליליטרים</UnitQty>
      <Quantity>500.00</Quantity>
      <bIsWeighted>0</bIsWeighted>
      <UnitOfMeasure>100 מ"ל</UnitOfMeasure>
      <QtyInPackage>6</QtyInPackage>
      <ItemPrice>19.90</ItemPrice>
      <UnitOfMeasurePrice>3.98</UnitOfMeasurePrice>
      <AllowDiscount>1</AllowDiscount>
      <ItemStatus>1</ItemStatus>
    </Item>
    <Item>
      <PriceUpdateDate>2025-07-02 09:43</PriceUpdateDate>
      <ItemCode>3600524163082</ItemCode>
      <ItemType>1</ItemType>
      <ItemName>אלביב מרכך משקם 500 מל</ItemName>
      <ManufacturerName>לוריאל-אלביב</ManufacturerName>
      <ManufactureCountry>FR</ManufactureCountry>
      <ManufacturerItemDescription>אלביב מרכך משקם 500 מל</ManufacturerItemDescription>
      <UnitQty>מיליליטרים</UnitQty>
      <Quantity>500.00</Quantity>
      <bIsWeighted>0</bIsWeighted>
      <UnitOfMeasure>100 מ"ל</UnitOfMeasure>
      <QtyInPackage>1</QtyInPackage>
      <ItemPrice>19.90</ItemPrice>
      <UnitOfMeasurePrice>3.98</UnitOfMeasurePrice>
      <AllowDiscount>1</AllowDiscount>
      <ItemStatus>1</ItemStatus>
    </Item>
    <Item>
      <PriceUpdateDate>2025-07-02 09:43</PriceUpdateDate>
      <ItemCode>3600524163204</ItemCode>
      <ItemType>1</ItemType>
      <ItemName>אלביב מרכך לרכות  500ל</ItemName>
      <ManufacturerName>RAMOUILLET</ManufacturerName>
      <ManufactureCountry>FR</ManufactureCountry>
      <ManufacturerItemDescription>אלביב מרכך לרכות  500ל</ManufacturerItemDescription>
      <UnitQty>מיליליטרים</UnitQty>
      <Quantity>500.00</Quantity>
      <bIsWeighted>0</bIsWeighted>
      <UnitOfMeasure>100 מ"ל</UnitOfMeasure>
      <QtyInPackage>12</QtyInPackage>
      <ItemPrice>19.90</ItemPrice>
      <UnitOfMeasurePrice>3.98</UnitOfMeasurePrice>
      <AllowDiscount>1</AllowDiscount>
      <ItemStatus>1</ItemStatus>
    </Item>
    <Item>
      <PriceUpdateDate>2025-07-02 09:43</PriceUpdateDate>
      <ItemCode>3600524166687</ItemCode>
      <ItemType>1</ItemType>
      <ItemName>אלביב מרכך הידרה הילורונ</ItemName>
      <ManufacturerName>לוריאל-אלביב</ManufacturerName>
      <ManufactureCountry>FR</ManufactureCountry>
      <ManufacturerItemDescription>אלביב מרכך הידרה הילורונ</ManufacturerItemDescription>
      <UnitQty>מיליליטרים</UnitQty>
      <Quantity>500.00</Quantity>
      <bIsWeighted>0</bIsWeighted>
      <UnitOfMeasure>100 מ"ל</UnitOfMeasure>
      <QtyInPackage>12</QtyInPackage>
      <ItemPrice>19.90</ItemPrice>
      <UnitOfMeasurePrice>3.98</UnitOfMeasurePrice>
      <AllowDiscount>1</AllowDiscount>
      <ItemStatus>1</ItemStatus>
    </Item>
    <Item>
      <PriceUpdateDate>2025-07-02 09:43</PriceUpdateDate>
      <ItemCode>3600524167080</ItemCode>
      <ItemType>1</ItemType>
      <ItemName>שמפו להזנה עוצמתית 500מל</ItemName>
      <ManufacturerName>RAMOUILLET</ManufacturerName>
      <ManufactureCountry>FR</ManufactureCountry>
      <ManufacturerItemDescription>שמפו להזנה עוצמתית 500מל</ManufacturerItemDescription>
      <UnitQty>מיליליטרים</UnitQty>
      <Quantity>500.00</Quantity>
      <bIsWeighted>0</bIsWeighted>
      <UnitOfMeasure>100 מ"ל</UnitOfMeasure>
      <QtyInPackage>6</QtyInPackage>
      <ItemPrice>19.90</ItemPrice>
      <UnitOfMeasurePrice>3.98</UnitOfMeasurePrice>
      <AllowDiscount>1</AllowDiscount>
      <ItemStatus>1</ItemStatus>
    </Item>
    <Item>
      <PriceUpdateDate>2025-03-18 19:42</PriceUpdateDate>
      <ItemCode>3600524172725</ItemCode>
      <ItemType>1</ItemType>
      <ItemName>שמן שפתיים 201</ItemName>
      <ManufacturerName>כללי</ManufacturerName>
      <ManufactureCountry>FR</ManufactureCountry>
      <ManufacturerItemDescription>שמן שפתיים 201</ManufacturerItemDescription>
      <UnitQty>יחידה</UnitQty>
      <Quantity>1.00</Quantity>
      <bIsWeighted>0</bIsWeighted>
      <UnitOfMeasure>יחידה</UnitOfMeasure>
      <QtyInPackage>1</QtyInPackage>
      <ItemPrice>69.90</ItemPrice>
      <UnitOfMeasurePrice>69.90</UnitOfMeasurePrice>
      <AllowDiscount>1</AllowDiscount>
      <ItemStatus>1</ItemStatus>
    </Item>
    <Item>
      <PriceUpdateDate>2025-03-18 19:42</PriceUpdateDate>
      <ItemCode>3600524172732</ItemCode>
      <ItemType>1</ItemType>
      <ItemName>שמן שפתיים 601</ItemName>
      <ManufacturerName>כללי</ManufacturerName>
      <ManufactureCountry>FR</ManufactureCountry>
      <ManufacturerItemDescription>שמן שפתיים 601</ManufacturerItemDescription>
      <UnitQty>יחידה</UnitQty>
      <Quantity>1.00</Quantity>
      <bIsWeighted>0</bIsWeighted>
      <UnitOfMeasure>יחידה</UnitOfMeasure>
      <QtyInPackage>1</QtyInPackage>
      <ItemPrice>69.90</ItemPrice>
      <UnitOfMeasurePrice>69.90</UnitOfMeasurePrice>
      <AllowDiscount>1</AllowDiscount>
      <ItemStatus>1</ItemStatus>
    </Item>
    <Item>
      <PriceUpdateDate>2025-09-28 09:38</PriceUpdateDate>
      <ItemCode>3600524186234</ItemCode>
      <ItemType>1</ItemType>
      <ItemName>רויטליפט קרם עיניים 15מל</ItemName>
      <ManufacturerName>קרלסרו, גרמניה</ManufacturerName>
      <ManufactureCountry>DE</ManufactureCountry>
      <ManufacturerItemDescription>רויטליפט קרם עיניים 15מל</ManufacturerItemDescription>
      <UnitQty>מיליליטרים</UnitQty>
      <Quantity>15.00</Quantity>
      <bIsWeighted>0</bIsWeighted>
      <UnitOfMeasure>100 מ"ל</UnitOfMeasure>
      <QtyInPackage>1</QtyInPackage>
      <ItemPrice>110.50</ItemPrice>
      <UnitOfMeasurePrice>736.67</UnitOfMeasurePrice>
      <AllowDiscount>1</AllowDiscount>
      <ItemStatus>1</ItemStatus>
    </Item>
    <Item>
      <PriceUpdateDate>2025-02-28 05:47</PriceUpdateDate>
      <ItemCode>3600524196615</ItemCode>
      <ItemType>1</ItemType>
      <ItemName>מסקרה טלסקופיק שחור</ItemName>
      <ManufacturerName>כללי</ManufacturerName>
      <ManufactureCountry>IT</ManufactureCountry>
      <ManufacturerItemDescription>מסקרה טלסקופיק שחור</ManufacturerItemDescription>
      <UnitQty>יחידה</UnitQty>
      <Quantity>1.00</Quantity>
      <bIsWeighted>0</bIsWeighted>
      <UnitOfMeasure>יחידה</UnitOfMeasure>
      <QtyInPackage>1</QtyInPackage>
      <ItemPrice>69.90</ItemPrice>
      <UnitOfMeasurePrice>69.90</UnitOfMeasurePrice>
      <AllowDiscount>1</AllowDiscount>
      <ItemStatus>1</ItemStatus>
    </Item>
    <Item>
      <PriceUpdateDate>2025-08-22 05:42</PriceUpdateDate>
      <ItemCode>3600524230180</ItemCode>
      <ItemType>1</ItemType>
      <ItemName>אלביב מרכך לוכד ברק500מל</ItemName>
      <ManufacturerName>RAMOUILLET</ManufacturerName>
      <ManufactureCountry>FR</ManufactureCountry>
      <ManufacturerItemDescription>אלביב מרכך לוכד ברק500מל</ManufacturerItemDescription>
      <UnitQty>מיליליטרים</UnitQty>
      <Quantity>500.00</Quantity>
      <bIsWeighted>0</bIsWeighted>
      <UnitOfMeasure>100 מ"ל</UnitOfMeasure>
      <QtyInPackage>1</QtyInPackage>
      <ItemPrice>19.90</ItemPrice>
      <UnitOfMeasurePrice>3.98</UnitOfMeasurePrice>
      <AllowDiscount>1</AllowDiscount>
      <ItemStatus>1</ItemStatus>
    </Item>
    <Item>
      <PriceUpdateDate>2025-08-22 05:42</PriceUpdateDate>
      <ItemCode>3600524230456</ItemCode>
      <ItemType>1</ItemType>
      <ItemName>אלביב שמפו מעצים ברק500מ</ItemName>
      <ManufacturerName>RAMOUILLET</ManufacturerName>
      <ManufactureCountry>FR</ManufactureCountry>
      <ManufacturerItemDescription>אלביב שמפו מעצים ברק500מ</ManufacturerItemDescription>
      <UnitQty>מיליליטרים</UnitQty>
      <Quantity>500.00</Quantity>
      <bIsWeighted>0</bIsWeighted>
      <UnitOfMeasure>100 מ"ל</UnitOfMeasure>
      <QtyInPackage>1</QtyInPackage>
      <ItemPrice>19.90</ItemPrice>
      <UnitOfMeasurePrice>3.98</UnitOfMeasurePrice>
      <AllowDiscount>1</AllowDiscount>
      <ItemStatus>1</ItemStatus>
    </Item>
    <Item>
      <PriceUpdateDate>2025-11-27 19:30</PriceUpdateDate>
      <ItemCode>3600530733859</ItemCode>
      <ItemType>1</ItemType>
      <ItemName>קונסילר אנטי איגינג02י</ItemName>
      <ManufacturerName>כללי</ManufacturerName>
      <ManufactureCountry>IL</ManufactureCountry>
      <ManufacturerItemDescription>קונסילר אנטי איגינג02י</ManufacturerItemDescription>
      <UnitQty>יחידה</UnitQty>
      <Quantity>1.00</Quantity>
      <bIsWeighted>0</bIsWeighted>
      <UnitOfMeasure>יחידה</UnitOfMeasure>
      <QtyInPackage>1</QtyInPackage>
      <ItemPrice>39.90</ItemPrice>
      <UnitOfMeasurePrice>39.90</UnitOfMeasurePrice>
      <AllowDiscount>1</AllowDiscount>
      <ItemStatus>1</ItemStatus>
    </Item>
    <Item>
      <PriceUpdateDate>2025-11-27 19:30</PriceUpdateDate>
      <ItemCode>3600530733866</ItemCode>
      <ItemType>1</ItemType>
      <ItemName>קונסילר אנטי איג'ינג03</ItemName>
      <ManufacturerName>כללי</ManufacturerName>
      <ManufactureCountry>IL</ManufactureCountry>
      <ManufacturerItemDescription>קונסילר אנטי איגינג03</ManufacturerItemDescription>
      <UnitQty>יחידה</UnitQty>
      <Quantity>1.00</Quantity>
      <bIsWeighted>0</bIsWeighted>
      <UnitOfMeasure>יחידה</UnitOfMeasure>
      <QtyInPackage>1</QtyInPackage>
      <ItemPrice>39.90</ItemPrice>
      <UnitOfMeasurePrice>39.90</UnitOfMeasurePrice>
      <AllowDiscount>1</AllowDiscount>
      <ItemStatus>1</ItemStatus>
    </Item>
    <Item>
      <PriceUpdateDate>2018-11-25 15:44</PriceUpdateDate>
      <ItemCode>3600531143459</ItemCode>
      <ItemType>1</ItemType>
      <ItemName>LASH SENSATIONAL מסקרה</ItemName>
      <ManufacturerName>סייפו</ManufacturerName>
      <ManufactureCountry>IT</ManufactureCountry>
      <ManufacturerItemDescription>LASH SENSATIONAL מסקרה</ManufacturerItemDescription>
      <UnitQty>יחידה</UnitQty>
      <Quantity>1.00</Quantity>
      <bIsWeighted>0</bIsWeighted>
      <UnitOfMeasure>יחידה</UnitOfMeasure>
      <QtyInPackage>1</QtyInPackage>
      <ItemPrice>39.90</ItemPrice>
      <UnitOfMeasurePrice>39.90</UnitOfMeasurePrice>
      <AllowDiscount>1</AllowDiscount>
      <ItemStatus>1</ItemStatus>
    </Item>
    <Item>
      <PriceUpdateDate>2025-07-20 15:45</PriceUpdateDate>
      <ItemCode>3600531411183</ItemCode>
      <ItemType>1</ItemType>
      <ItemName>שפתון סופר סטיי מאט10</ItemName>
      <ManufacturerName>כללי</ManufacturerName>
      <ManufactureCountry>IL</ManufactureCountry>
      <ManufacturerItemDescription>שפתון סופר סטיי</ManufacturerItemDescription>
      <UnitQty>יחידה</UnitQty>
      <Quantity>1.00</Quantity>
      <bIsWeighted>0</bIsWeighted>
      <UnitOfMeasure>יחידה</UnitOfMeasure>
      <QtyInPackage>1</QtyInPackage>
      <ItemPrice>48.00</ItemPrice>
      <UnitOfMeasurePrice>48.00</UnitOfMeasurePrice>
      <AllowDiscount>1</AllowDiscount>
      <ItemStatus>1</ItemStatus>
    </Item>
    <Item>
      <PriceUpdateDate>2025-11-27 19:30</PriceUpdateDate>
      <ItemCode>3600531465230</ItemCode>
      <ItemType>1</ItemType>
      <ItemName>קונסילר ספוג 00 יח'</ItemName>
      <ManufacturerName>מייבלין</ManufacturerName>
      <ManufactureCountry>IL</ManufactureCountry>
      <ManufacturerItemDescription>קונסילר ספוג 00</ManufacturerItemDescription>
      <UnitQty>יחידה</UnitQty>
      <Quantity>1.00</Quantity>
      <bIsWeighted>0</bIsWeighted>
      <UnitOfMeasure>יחידה</UnitOfMeasure>
      <QtyInPackage>1</QtyInPackage>
      <ItemPrice>39.90</ItemPrice>
      <UnitOfMeasurePrice>39.90</UnitOfMeasurePrice>
      <AllowDiscount>1</AllowDiscount>
      <ItemStatus>1</ItemStatus>
    </Item>
    <Item>
      <PriceUpdateDate>2025-07-20 15:45</PriceUpdateDate>
      <ItemCode>3600531469412</ItemCode>
      <ItemType>1</ItemType>
      <ItemName>שפתון מאט אינק 70יח</ItemName>
      <ManufacturerName>מייבלין</ManufacturerName>
      <ManufactureCountry>IL</ManufactureCountry>
      <ManufacturerItemDescription>שפתון מאט אינק 70יח</ManufacturerItemDescription>
      <UnitQty>יחידה</UnitQty>
      <Quantity>1.00</Quantity>
      <bIsWeighted>0</bIsWeighted>
      <UnitOfMeasure>יחידה</UnitOfMeasure>
      <QtyInPackage>1</QtyInPackage>
      <ItemPrice>48.00</ItemPrice>
      <UnitOfMeasurePrice>48.00</UnitOfMeasurePrice>
      <AllowDiscount>1</AllowDiscount>
      <ItemStatus>1</ItemStatus>
    </Item>
    <Item>
      <PriceUpdateDate>2025-01-01 10:06</PriceUpdateDate>
      <ItemCode>3600531537357</ItemCode>
      <ItemType>1</ItemType>
      <ItemName>סומק פיטמי 50 יח'</ItemName>
      <ManufacturerName>כללי</ManufacturerName>
      <ManufactureCountry>IL</ManufactureCountry>
      <ManufacturerItemDescription>סומק פיטמי 50</ManufacturerItemDescription>
      <UnitQty>יחידה</UnitQty>
      <Quantity>1.00</Quantity>
      <bIsWeighted>0</bIsWeighted>
      <UnitOfMeasure>יחידה</UnitOfMeasure>
      <QtyInPackage>1</QtyInPackage>
      <ItemPrice>35.90</ItemPrice>
      <UnitOfMeasurePrice>35.90</UnitOfMeasurePrice>
      <AllowDiscount>1</AllowDiscount>
      <ItemStatus>1</ItemStatus>
    </Item>
    <Item>
      <PriceUpdateDate>2025-07-20 15:45</PriceUpdateDate>
      <ItemCode>3600531579067</ItemCode>
      <ItemType>1</ItemType>
      <ItemName>שפתון מאט אינק 155יח'</ItemName>
      <ManufacturerName>מייבלין</ManufacturerName>
      <ManufactureCountry>IL</ManufactureCountry>
      <ManufacturerItemDescription>שפתון מאט אינק</ManufacturerItemDescription>
      <UnitQty>יחידה</UnitQty>
      <Quantity>1.00</Quantity>
      <bIsWeighted>0</bIsWeighted>
      <UnitOfMeasure>יחידה</UnitOfMeasure>
      <QtyInPackage>1</QtyInPackage>
      <ItemPrice>48.00</ItemPrice>
      <UnitOfMeasurePrice>48.00</UnitOfMeasurePrice>
      <AllowDiscount>1</AllowDiscount>
      <ItemStatus>1</ItemStatus>
    </Item>
    <Item>
      <PriceUpdateDate>2025-01-01 10:06</PriceUpdateDate>
      <ItemCode>3600531647926</ItemCode>
      <ItemType>1</ItemType>
      <ItemName>סופרסטיי קונסילר 30ש 10</ItemName>
      <ManufacturerName>סופרוג'ם</ManufacturerName>
      <ManufactureCountry>FR</ManufactureCountry>
      <ManufacturerItemDescription>סופרסטיי קונסילר</ManufacturerItemDescription>
      <UnitQty>יחידה</UnitQty>
      <Quantity>1.00</Quantity>
      <bIsWeighted>0</bIsWeighted>
      <UnitOfMeasure>יחידה</UnitOfMeasure>
      <QtyInPackage>1</QtyInPackage>
      <ItemPrice>51.50</ItemPrice>
      <UnitOfMeasurePrice>51.50</UnitOfMeasurePrice>
      <AllowDiscount>1</AllowDiscount>
      <ItemStatus>1</ItemStatus>
    </Item>
    <Item>
      <PriceUpdateDate>2025-01-01 10:06</PriceUpdateDate>
      <ItemCode>3600531681357</ItemCode>
      <ItemType>1</ItemType>
      <ItemName>עפרון גבות ברואו יח</ItemName>
      <ManufacturerName>בוקאי קוסמטיקס</ManufacturerName>
      <ManufactureCountry>CN</ManufactureCountry>
      <ManufacturerItemDescription>עפרון גבות ברואו יח</ManufacturerItemDescription>
      <UnitQty>יחידה</UnitQty>
      <Quantity>1.00</Quantity>
      <bIsWeighted>0</bIsWeighted>
      <UnitOfMeasure>יחידה</UnitOfMeasure>
      <QtyInPackage>1</QtyInPackage>
      <ItemPrice>51.50</ItemPrice>
      <UnitOfMeasurePrice>51.50</UnitOfMeasurePrice>
      <AllowDiscount>1</AllowDiscount>
      <ItemStatus>1</ItemStatus>
    </Item>
    <Item>
      <PriceUpdateDate>2024-08-19 18:36</PriceUpdateDate>
      <ItemCode>3600531686277</ItemCode>
      <ItemType>1</ItemType>
      <ItemName>מייב ג'ל גבות סופר גלו</ItemName>
      <ManufacturerName>לוריאל</ManufacturerName>
      <ManufactureCountry>CN</ManufactureCountry>
      <ManufacturerItemDescription>מייב גל גבות סופר גלו</ManufacturerItemDescription>
      <UnitQty>יחידה</UnitQty>
      <Quantity>1.00</Quantity>
      <bIsWeighted>0</bIsWeighted>
      <UnitOfMeasure>יחידה</UnitOfMeasure>
      <QtyInPackage>1</QtyInPackage>
      <ItemPrice>49.90</ItemPrice>
      <UnitOfMeasurePrice>49.90</UnitOfMeasurePrice>
      <AllowDiscount>1</AllowDiscount>
      <ItemStatus>1</ItemStatus>
    </Item>
    <Item>
      <PriceUpdateDate>2025-01-03 00:45</PriceUpdateDate>
      <ItemCode>3600531692124</ItemCode>
      <ItemType>1</ItemType>
      <ItemName>תוחם שפתיים גוון 06</ItemName>
      <ManufacturerName>לוריאל איפור</ManufacturerName>
      <ManufactureCountry>CN</ManufactureCountry>
      <ManufacturerItemDescription>תוחם שפתיים גוון 06</ManufacturerItemDescription>
      <UnitQty>יחידה</UnitQty>
      <Quantity>1.00</Quantity>
      <bIsWeighted>0</bIsWeighted>
      <UnitOfMeasure>יחידה</UnitOfMeasure>
      <QtyInPackage>1</QtyInPackage>
      <ItemPrice>49.90</ItemPrice>
      <UnitOfMeasurePrice>49.90</UnitOfMeasurePrice>
      <AllowDiscount>1</AllowDiscount>
      <ItemStatus>1</ItemStatus>
    </Item>
    <Item>
      <PriceUpdateDate>2025-06-12 17:03</PriceUpdateDate>
      <ItemCode>3600531699710</ItemCode>
      <ItemType>1</ItemType>
      <ItemName>לק משקם אססי</ItemName>
      <ManufacturerName>לוריאל</ManufacturerName>
      <ManufactureCountry>DE</ManufactureCountry>
      <ManufacturerItemDescription>לק משקם אססי</ManufacturerItemDescription>
      <UnitQty>יחידה</UnitQty>
      <Quantity>1.00</Quantity>
      <bIsWeighted>0</bIsWeighted>
      <UnitOfMeasure>יחידה</UnitOfMeasure>
      <QtyInPackage>1</QtyInPackage>
      <ItemPrice>64.90</ItemPrice>
      <UnitOfMeasurePrice>64.90</UnitOfMeasurePrice>
      <AllowDiscount>1</AllowDiscount>
      <ItemStatus>1</ItemStatus>
    </Item>
    <Item>
      <PriceUpdateDate>2025-08-25 10:56</PriceUpdateDate>
      <ItemCode>3600531701895</ItemCode>
      <ItemType>1</ItemType>
      <ItemName>סופרלוק גל גבות חום</ItemName>
      <ManufacturerName>לוריאל</ManufacturerName>
      <ManufactureCountry>CH</ManufactureCountry>
      <ManufacturerItemDescription>סופרלוק גל גבות חום</ManufacturerItemDescription>
      <UnitQty>יחידה</UnitQty>
      <Quantity>1.00</Quantity>
      <bIsWeighted>0</bIsWeighted>
      <UnitOfMeasure>יחידה</UnitOfMeasure>
      <QtyInPackage>1</QtyInPackage>
      <ItemPrice>49.90</ItemPrice>
      <UnitOfMeasurePrice>49.90</UnitOfMeasurePrice>
      <AllowDiscount>1</AllowDiscount>
      <ItemStatus>1</ItemStatus>
    </Item>
    <Item>
      <PriceUpdateDate>2025-07-18 14:51</PriceUpdateDate>
      <ItemCode>3600531702212</ItemCode>
      <ItemType>1</ItemType>
      <ItemName>GLAZE LIFTER שמן באלם004</ItemName>
      <ManufacturerName>לוריאל איפור</ManufacturerName>
      <ManufactureCountry>FR</ManufactureCountry>
      <ManufacturerItemDescription>LIFTER GLAZE שמן באלם004</ManufacturerItemDescription>
      <UnitQty>יחידה</UnitQty>
      <Quantity>1.00</Quantity>
      <bIsWeighted>0</bIsWeighted>
      <UnitOfMeasure>יחידה</UnitOfMeasure>
      <QtyInPackage>1</QtyInPackage>
      <ItemPrice>42.90</ItemPrice>
      <UnitOfMeasurePrice>42.90</UnitOfMeasurePrice>
      <AllowDiscount>1</AllowDiscount>
      <ItemStatus>1</ItemStatus>
    </Item>
    <Item>
      <PriceUpdateDate>2025-07-18 14:51</PriceUpdateDate>
      <ItemCode>3600531702274</ItemCode>
      <ItemType>1</ItemType>
      <ItemName>GLAZE LIFTER שמן באלם010</ItemName>
      <ManufacturerName>לוריאל איפור</ManufacturerName>
      <ManufactureCountry>FR</ManufactureCountry>
      <ManufacturerItemDescription>LIFTER GLAZE שמן באלם010</ManufacturerItemDescription>
      <UnitQty>יחידה</UnitQty>
      <Quantity>1.00</Quantity>
      <bIsWeighted>0</bIsWeighted>
      <UnitOfMeasure>יחידה</UnitOfMeasure>
      <QtyInPackage>1</QtyInPackage>
      <ItemPrice>42.90</ItemPrice>
      <UnitOfMeasurePrice>42.90</UnitOfMeasurePrice>
      <AllowDiscount>1</AllowDiscount>
      <ItemStatus>1</ItemStatus>
    </Item>
    <Item>
      <PriceUpdateDate>2025-06-10 14:27</PriceUpdateDate>
      <ItemCode>3600541029323</ItemCode>
      <ItemType>1</ItemType>
      <ItemName>ESSENTIALS מסיר איפור</ItemName>
      <ManufacturerName>סופרויאל</ManufacturerName>
      <ManufactureCountry>FR</ManufactureCountry>
      <ManufacturerItemDescription>ESSENTIALS מסיר איפור</ManufacturerItemDescription>
      <UnitQty>מיליליטרים</UnitQty>
      <Quantity>200.00</Quantity>
      <bIsWeighted>0</bIsWeighted>
      <UnitOfMeasure>100 מ"ל</UnitOfMeasure>
      <QtyInPackage>0</QtyInPackage>
      <ItemPrice>29.90</ItemPrice>
      <UnitOfMeasurePrice>14.95</UnitOfMeasurePrice>
      <AllowDiscount>1</AllowDiscount>
      <ItemStatus>1</ItemStatus>
    </Item>
    <Item>
      <PriceUpdateDate>2025-11-27 21:30</PriceUpdateDate>
      <ItemCode>3600541253667</ItemCode>
      <ItemType>1</ItemType>
      <ItemName>גרניה ספריי אינביזיבל150</ItemName>
      <ManufacturerName>סופרוקוס</ManufacturerName>
      <ManufactureCountry>FR</ManufactureCountry>
      <ManufacturerItemDescription>גרניה ספריי אינביזיבל150</ManufacturerItemDescription>
      <UnitQty>מיליליטרים</UnitQty>
      <Quantity>150.00</Quantity>
      <bIsWeighted>0</bIsWeighted>
      <UnitOfMeasure>100 מ"ל</UnitOfMeasure>
      <QtyInPackage>0</QtyInPackage>
      <ItemPrice>10.00</ItemPrice>
      <UnitOfMeasurePrice>6.67</UnitOfMeasurePrice>
      <AllowDiscount>1</AllowDiscount>
      <ItemStatus>1</ItemStatus>
    </Item>
    <Item>
      <PriceUpdateDate>2024-12-23 17:18</PriceUpdateDate>
      <ItemCode>3600541382930</ItemCode>
      <ItemType>1</ItemType>
      <ItemName>מים מיסלריים 400 מ"ל</ItemName>
      <ManufacturerName>קוסמופול, פולין</ManufacturerName>
      <ManufactureCountry>PL</ManufactureCountry>
      <ManufacturerItemDescription>מים מיסלריים 400 מ"ל</ManufacturerItemDescription>
      <UnitQty>מיליליטרים</UnitQty>
      <Quantity>400.00</Quantity>
      <bIsWeighted>0</bIsWeighted>
      <UnitOfMeasure>100 מ"ל</UnitOfMeasure>
      <QtyInPackage>0</QtyInPackage>
      <ItemPrice>40.50</ItemPrice>
      <UnitOfMeasurePrice>10.13</UnitOfMeasurePrice>
      <AllowDiscount>1</AllowDiscount>
      <ItemStatus>1</ItemStatus>
    </Item>
    <Item>
      <PriceUpdateDate>2025-11-27 21:30</PriceUpdateDate>
      <ItemCode>3600541402270</ItemCode>
      <ItemType>1</ItemType>
      <ItemName>גרניה ספריי פרש 150מ"ל</ItemName>
      <ManufacturerName>סופרוקוס</ManufacturerName>
      <ManufactureCountry>FR</ManufactureCountry>
      <ManufacturerItemDescription>גרניה ספריי פרש 150מ"ל</ManufacturerItemDescription>
      <UnitQty>מיליליטרים</UnitQty>
      <Quantity>150.00</Quantity>
      <bIsWeighted>0</bIsWeighted>
      <UnitOfMeasure>100 מ"ל</UnitOfMeasure>
      <QtyInPackage>0</QtyInPackage>
      <ItemPrice>10.00</ItemPrice>
      <UnitOfMeasurePrice>6.67</UnitOfMeasurePrice>
      <AllowDiscount>1</AllowDiscount>
      <ItemStatus>1</ItemStatus>
    </Item>
    <Item>
      <PriceUpdateDate>2025-12-23 11:20</PriceUpdateDate>
      <ItemCode>3600541937475</ItemCode>
      <ItemType>1</ItemType>
      <ItemName>גרנייה פיור 3ב1ניקוי150מ</ItemName>
      <ManufacturerName>לוריאל</ManufacturerName>
      <ManufactureCountry>FR</ManufactureCountry>
      <ManufacturerItemDescription>גרנייה פיור 3ב1ניקוי150מ</ManufacturerItemDescription>
      <UnitQty>מיליליטרים</UnitQty>
      <Quantity>150.00</Quantity>
      <bIsWeighted>0</bIsWeighted>
      <UnitOfMeasure>100 מ"ל</UnitOfMeasure>
      <QtyInPackage>1</QtyInPackage>
      <ItemPrice>28.90</ItemPrice>
      <UnitOfMeasurePrice>19.27</UnitOfMeasurePrice>
      <AllowDiscount>1</AllowDiscount>
      <ItemStatus>1</ItemStatus>
    </Item>
    <Item>
      <PriceUpdateDate>2025-07-20 15:45</PriceUpdateDate>
      <ItemCode>3600541940574</ItemCode>
      <ItemType>1</ItemType>
      <ItemName>מים מיסלריים 700 מ"ל</ItemName>
      <ManufacturerName>קוסמופול</ManufacturerName>
      <ManufactureCountry>PL</ManufactureCountry>
      <ManufacturerItemDescription>מים מיסלריים 700 מ"ל</ManufacturerItemDescription>
      <UnitQty>מיליליטרים</UnitQty>
      <Quantity>700.00</Quantity>
      <bIsWeighted>0</bIsWeighted>
      <UnitOfMeasure>100 מ"ל</UnitOfMeasure>
      <QtyInPackage>0</QtyInPackage>
      <ItemPrice>48.00</ItemPrice>
      <UnitOfMeasurePrice>6.86</UnitOfMeasurePrice>
      <AllowDiscount>1</AllowDiscount>
      <ItemStatus>1</ItemStatus>
    </Item>
    <Item>
      <PriceUpdateDate>2025-12-23 11:20</PriceUpdateDate>
      <ItemCode>3600541956223</ItemCode>
      <ItemType>1</ItemType>
      <ItemName>ACTIVE PUREג'ל ניקוי150מ</ItemName>
      <ManufacturerName>קרלסרו, גרמניה</ManufacturerName>
      <ManufactureCountry>DE</ManufactureCountry>
      <ManufacturerItemDescription>PURE ACTIVEגל ניקוי150מ</ManufacturerItemDescription>
      <UnitQty>מיליליטרים</UnitQty>
      <Quantity>150.00</Quantity>
      <bIsWeighted>0</bIsWeighted>
      <UnitOfMeasure>100 מ"ל</UnitOfMeasure>
      <QtyInPackage>1</QtyInPackage>
      <ItemPrice>28.90</ItemPrice>
      <UnitOfMeasurePrice>19.27</UnitOfMeasurePrice>
      <AllowDiscount>1</AllowDiscount>
      <ItemStatus>1</ItemStatus>
    </Item>
    <Item>
      <PriceUpdateDate>2025-06-10 14:27</PriceUpdateDate>
      <ItemCode>3600542050579</ItemCode>
      <ItemType>1</ItemType>
      <ItemName>בוטניקל מי פנים ורדים 20</ItemName>
      <ManufacturerName>קוסמופול</ManufacturerName>
      <ManufactureCountry>PL</ManufactureCountry>
      <ManufacturerItemDescription>בוטניקל מי פנים ורדים 20</ManufacturerItemDescription>
      <UnitQty>מיליליטרים</UnitQty>
      <Quantity>200.00</Quantity>
      <bIsWeighted>0</bIsWeighted>
      <UnitOfMeasure>100 מ"ל</UnitOfMeasure>
      <QtyInPackage>1</QtyInPackage>
      <ItemPrice>27.90</ItemPrice>
      <UnitOfMeasurePrice>13.95</UnitOfMeasurePrice>
      <AllowDiscount>1</AllowDiscount>
      <ItemStatus>1</ItemStatus>
    </Item>
    <Item>
      <PriceUpdateDate>2025-01-01 10:05</PriceUpdateDate>
      <ItemCode>3600542052788</ItemCode>
      <ItemType>1</ItemType>
      <ItemName>בוטניקל200חלב פנים ורדים</ItemName>
      <ManufacturerName>קוסמופול</ManufacturerName>
      <ManufactureCountry>PL</ManufactureCountry>
      <ManufacturerItemDescription>בוטניקל200חלב פנים ורדים</ManufacturerItemDescription>
      <UnitQty>מיליליטרים</UnitQty>
      <Quantity>200.00</Quantity>
      <bIsWeighted>0</bIsWeighted>
      <UnitOfMeasure>100 מ"ל</UnitOfMeasure>
      <QtyInPackage>1</QtyInPackage>
      <ItemPrice>25.90</ItemPrice>
      <UnitOfMeasurePrice>12.95</UnitOfMeasurePrice>
      <AllowDiscount>1</AllowDiscount>
      <ItemStatus>1</ItemStatus>
    </Item>
    <Item>
      <PriceUpdateDate>2024-12-23 17:20</PriceUpdateDate>
      <ItemCode>3600542097253</ItemCode>
      <ItemType>1</ItemType>
      <ItemName>מסכת טישו פחם אצות</ItemName>
      <ManufacturerName>ביוטיקוס אינטרנשיונאל</ManufacturerName>
      <ManufactureCountry>CN</ManufactureCountry>
      <ManufacturerItemDescription>מסכת טישו פחם אצות</ManufacturerItemDescription>
      <UnitQty>יחידה</UnitQty>
      <Quantity>1.00</Quantity>
      <bIsWeighted>0</bIsWeighted>
      <UnitOfMeasure>יחידה</UnitOfMeasure>
      <QtyInPackage>1</QtyInPackage>
      <ItemPrice>17.50</ItemPrice>
      <UnitOfMeasurePrice>17.50</UnitOfMeasurePrice>
      <AllowDiscount>1</AllowDiscount>
      <ItemStatus>1</ItemStatus>
    </Item>
    <Item>
      <PriceUpdateDate>2025-10-01 05:37</PriceUpdateDate>
      <ItemCode>3600542109796</ItemCode>
      <ItemType>1</ItemType>
      <ItemName>מים מיסלריים מיני 100מל</ItemName>
      <ManufacturerName>קוסמופול, פולין</ManufacturerName>
      <ManufactureCountry>PL</ManufactureCountry>
      <ManufacturerItemDescription>מים מיסלריים מיני 100מל</ManufacturerItemDescription>
      <UnitQty>מיליליטרים</UnitQty>
      <Quantity>100.00</Quantity>
      <bIsWeighted>0</bIsWeighted>
      <UnitOfMeasure>100 מ"ל</UnitOfMeasure>
      <QtyInPackage>1</QtyInPackage>
      <ItemPrice>15.90</ItemPrice>
      <UnitOfMeasurePrice>15.90</UnitOfMeasurePrice>
      <AllowDiscount>1</AllowDiscount>
      <ItemStatus>1</ItemStatus>
    </Item>
    <Item>
      <PriceUpdateDate>2024-12-23 17:46</PriceUpdateDate>
      <ItemCode>3600542154789</ItemCode>
      <ItemType>1</ItemType>
      <ItemName>מסכת טישו לעיניים - תפוז</ItemName>
      <ManufacturerName>כללי</ManufacturerName>
      <ManufactureCountry>CN</ManufactureCountry>
      <ManufacturerItemDescription>מסכת טישו לעיניים - תפוז</ManufacturerItemDescription>
      <UnitQty>יחידה</UnitQty>
      <Quantity>1.00</Quantity>
      <bIsWeighted>0</bIsWeighted>
      <UnitOfMeasure>יחידה</UnitOfMeasure>
      <QtyInPackage>1</QtyInPackage>
      <ItemPrice>14.20</ItemPrice>
      <UnitOfMeasurePrice>14.20</UnitOfMeasurePrice>
      <AllowDiscount>1</AllowDiscount>
      <ItemStatus>1</ItemStatus>
    </Item>
    <Item>
      <PriceUpdateDate>2025-12-21 15:30</PriceUpdateDate>
      <ItemCode>3600542232036</ItemCode>
      <ItemType>1</ItemType>
      <ItemName>סקין נט אלו ג'לי 50 מ"ל</ItemName>
      <ManufacturerName>לוריאל</ManufacturerName>
      <ManufactureCountry>DE</ManufactureCountry>
      <ManufacturerItemDescription>סקין נט אלו גלי 50 מ"ל</ManufacturerItemDescription>
      <UnitQty>מיליליטרים</UnitQty>
      <Quantity>50.00</Quantity>
      <bIsWeighted>0</bIsWeighted>
      <UnitOfMeasure>100 מ"ל</UnitOfMeasure>
      <QtyInPackage>1</QtyInPackage>
      <ItemPrice>24.90</ItemPrice>
      <UnitOfMeasurePrice>49.80</UnitOfMeasurePrice>
      <AllowDiscount>1</AllowDiscount>
      <ItemStatus>1</ItemStatus>
    </Item>
    <Item>
      <PriceUpdateDate>2024-12-23 17:18</PriceUpdateDate>
      <ItemCode>3600542267953</ItemCode>
      <ItemType>1</ItemType>
      <ItemName>פיור מי מיסלר 400 מ"ל</ItemName>
      <ManufacturerName>גרנייה-קוסמטיקה</ManufacturerName>
      <ManufactureCountry>IL</ManufactureCountry>
      <ManufacturerItemDescription>פיור מי מיסלר 400 מ"ל</ManufacturerItemDescription>
      <UnitQty>מיליליטרים</UnitQty>
      <Quantity>400.00</Quantity>
      <bIsWeighted>0</bIsWeighted>
      <UnitOfMeasure>100 מ"ל</UnitOfMeasure>
      <QtyInPackage>1</QtyInPackage>
      <ItemPrice>40.50</ItemPrice>
      <UnitOfMeasurePrice>10.13</UnitOfMeasurePrice>
      <AllowDiscount>1</AllowDiscount>
      <ItemStatus>1</ItemStatus>
    </Item>
    <Item>
      <PriceUpdateDate>2025-11-27 21:30</PriceUpdateDate>
      <ItemCode>3600542310444</ItemCode>
      <ItemType>1</ItemType>
      <ItemName>גרניה ספריי מגנזיו 150מל</ItemName>
      <ManufacturerName>סופרוקוס</ManufacturerName>
      <ManufactureCountry>FR</ManufactureCountry>
      <ManufacturerItemDescription>גרניה ספריי מגנזיו 150מל</ManufacturerItemDescription>
      <UnitQty>מיליליטרים</UnitQty>
      <Quantity>150.00</Quantity>
      <bIsWeighted>0</bIsWeighted>
      <UnitOfMeasure>100 מ"ל</UnitOfMeasure>
      <QtyInPackage>1</QtyInPackage>
      <ItemPrice>10.00</ItemPrice>
      <UnitOfMeasurePrice>6.67</UnitOfMeasurePrice>
      <AllowDiscount>1</AllowDiscount>
      <ItemStatus>1</ItemStatus>
    </Item>
    <Item>
      <PriceUpdateDate>2025-01-01 10:05</PriceUpdateDate>
      <ItemCode>3600542368896</ItemCode>
      <ItemType>1</ItemType>
      <ItemName>פיור אקטיב טישו יח</ItemName>
      <ManufacturerName>כללי</ManufacturerName>
      <ManufactureCountry>CN</ManufactureCountry>
      <ManufacturerItemDescription>פיור אקטיב טישו יח</ManufacturerItemDescription>
      <UnitQty>יחידה</UnitQty>
      <Quantity>1.00</Quantity>
      <bIsWeighted>0</bIsWeighted>
      <UnitOfMeasure>יחידה</UnitOfMeasure>
      <QtyInPackage>1</QtyInPackage>
      <ItemPrice>15.20</ItemPrice>
      <UnitOfMeasurePrice>15.20</UnitOfMeasurePrice>
      <AllowDiscount>1</AllowDiscount>
      <ItemStatus>1</ItemStatus>
    </Item>
    <Item>
      <PriceUpdateDate>2024-12-10 10:20</PriceUpdateDate>
      <ItemCode>3600542380492</ItemCode>
      <ItemType>1</ItemType>
      <ItemName>מסיכת טישו ויטמין יח</ItemName>
      <ManufacturerName>כללי</ManufacturerName>
      <ManufactureCountry>CN</ManufactureCountry>
      <ManufacturerItemDescription>מסיכת טישו ויטמין יח</ManufacturerItemDescription>
      <UnitQty>יחידה</UnitQty>
      <Quantity>1.00</Quantity>
      <bIsWeighted>0</bIsWeighted>
      <UnitOfMeasure>יחידה</UnitOfMeasure>
      <QtyInPackage>1</QtyInPackage>
      <ItemPrice>17.50</ItemPrice>
      <UnitOfMeasurePrice>17.50</UnitOfMeasurePrice>
      <AllowDiscount>1</AllowDiscount>
      <ItemStatus>1</ItemStatus>
    </Item>
    <Item>
      <PriceUpdateDate>2025-11-27 21:30</PriceUpdateDate>
      <ItemCode>3600542385091</ItemCode>
      <ItemType>1</ItemType>
      <ItemName>דאו רול אקשן  72 שעות 50</ItemName>
      <ManufacturerName>קוסמופול</ManufacturerName>
      <ManufactureCountry>PL</ManufactureCountry>
      <ManufacturerItemDescription>גרנייה רולאון אקשן 50מל</ManufacturerItemDescription>
      <UnitQty>מיליליטרים</UnitQty>
      <Quantity>50.00</Quantity>
      <bIsWeighted>0</bIsWeighted>
      <UnitOfMeasure>100 מ"ל</UnitOfMeasure>
      <QtyInPackage>1</QtyInPackage>
      <ItemPrice>10.00</ItemPrice>
      <UnitOfMeasurePrice>20.00</UnitOfMeasurePrice>
      <AllowDiscount>1</AllowDiscount>
      <ItemStatus>1</ItemStatus>
    </Item>
    <Item>
      <PriceUpdateDate>2025-11-27 21:30</PriceUpdateDate>
      <ItemCode>3600542385107</ItemCode>
      <ItemType>1</ItemType>
      <ItemName>דאו רול BWC אלוורה 50 מל</ItemName>
      <ManufacturerName>קוסמופול</ManufacturerName>
      <ManufactureCountry>PL</ManufactureCountry>
      <ManufacturerItemDescription>דאו רול BWC אלוורה 50 מל</ManufacturerItemDescription>
      <UnitQty>מיליליטרים</UnitQty>
      <Quantity>50.00</Quantity>
      <bIsWeighted>0</bIsWeighted>
      <UnitOfMeasure>100 מ"ל</UnitOfMeasure>
      <QtyInPackage>1</QtyInPackage>
      <ItemPrice>10.00</ItemPrice>
      <UnitOfMeasurePrice>20.00</UnitOfMeasurePrice>
      <AllowDiscount>1</AllowDiscount>
      <ItemStatus>1</ItemStatus>
    </Item>
    <Item>
      <PriceUpdateDate>2025-11-27 21:30</PriceUpdateDate>
      <ItemCode>3600542385220</ItemCode>
      <ItemType>1</ItemType>
      <ItemName>דאו רול פרוטקשן פלורל סג</ItemName>
      <ManufacturerName>סופרוקוס</ManufacturerName>
      <ManufactureCountry>PL</ManufactureCountry>
      <ManufacturerItemDescription>דאו רול פרוטקשן פלורל סג</ManufacturerItemDescription>
      <UnitQty>מיליליטרים</UnitQty>
      <Quantity>50.00</Quantity>
      <bIsWeighted>0</bIsWeighted>
      <UnitOfMeasure>100 מ"ל</UnitOfMeasure>
      <QtyInPackage>1</QtyInPackage>
      <ItemPrice>10.00</ItemPrice>
      <UnitOfMeasurePrice>20.00</UnitOfMeasurePrice>
      <AllowDiscount>1</AllowDiscount>
      <ItemStatus>1</ItemStatus>
    </Item>
    <Item>
      <PriceUpdateDate>2024-12-23 17:20</PriceUpdateDate>
      <ItemCode>3600542385312</ItemCode>
      <ItemType>1</ItemType>
      <ItemName>גרנייה טישו מסק רימונים</ItemName>
      <ManufacturerName>סין</ManufacturerName>
      <ManufactureCountry>CN</ManufactureCountry>
      <ManufacturerItemDescription>גרנייה טישו מסק רימונים</ManufacturerItemDescription>
      <UnitQty>גרמים</UnitQty>
      <Quantity>32.00</Quantity>
      <bIsWeighted>0</bIsWeighted>
      <UnitOfMeasure>100 גרם</UnitOfMeasure>
      <QtyInPackage>1</QtyInPackage>
      <ItemPrice>17.50</ItemPrice>
      <UnitOfMeasurePrice>54.69</UnitOfMeasurePrice>
      <AllowDiscount>1</AllowDiscount>
      <ItemStatus>1</ItemStatus>
    </Item>
    <Item>
      <PriceUpdateDate>2024-12-10 10:20</PriceUpdateDate>
      <ItemCode>3600542385329</ItemCode>
      <ItemType>1</ItemType>
      <ItemName>טישו מסק מסכה תה ירוק</ItemName>
      <ManufacturerName>סין</ManufacturerName>
      <ManufactureCountry>CN</ManufactureCountry>
      <ManufacturerItemDescription>טישו מסק מסכה תה ירוק</ManufacturerItemDescription>
      <UnitQty>יחידה</UnitQty>
      <Quantity>1.00</Quantity>
      <bIsWeighted>0</bIsWeighted>
      <UnitOfMeasure>יחידה</UnitOfMeasure>
      <QtyInPackage>1</QtyInPackage>
      <ItemPrice>17.50</ItemPrice>
      <UnitOfMeasurePrice>17.50</UnitOfMeasurePrice>
      <AllowDiscount>1</AllowDiscount>
      <ItemStatus>1</ItemStatus>
    </Item>
    <Item>
      <PriceUpdateDate>2025-09-19 05:45</PriceUpdateDate>
      <ItemCode>3600542396608</ItemCode>
      <ItemType>1</ItemType>
      <ItemName>מים מיסלריים 400 מ"ל</ItemName>
      <ManufacturerName>KARLSRUHE</ManufacturerName>
      <ManufactureCountry>PL</ManufactureCountry>
      <ManufacturerItemDescription>מים מיסלריים 400 מ"ל</ManufacturerItemDescription>
      <UnitQty>מיליליטרים</UnitQty>
      <Quantity>400.00</Quantity>
      <bIsWeighted>0</bIsWeighted>
      <UnitOfMeasure>100 מ"ל</UnitOfMeasure>
      <QtyInPackage>1</QtyInPackage>
      <ItemPrice>40.50</ItemPrice>
      <UnitOfMeasurePrice>10.13</UnitOfMeasurePrice>
      <AllowDiscount>1</AllowDiscount>
      <ItemStatus>1</ItemStatus>
    </Item>
    <Item>
      <PriceUpdateDate>2025-11-27 21:30</PriceUpdateDate>
      <ItemCode>3600542399272</ItemCode>
      <ItemType>1</ItemType>
      <ItemName>גרניה ספריי הילארונית150</ItemName>
      <ManufacturerName>QUENTIN ST SOPROCOS,</ManufacturerName>
      <ManufactureCountry>FR</ManufactureCountry>
      <ManufacturerItemDescription>גרניה ספריי הילארונית150</ManufacturerItemDescription>
      <UnitQty>מיליליטרים</UnitQty>
      <Quantity>150.00</Quantity>
      <bIsWeighted>0</bIsWeighted>
      <UnitOfMeasure>100 מ"ל</UnitOfMeasure>
      <QtyInPackage>1</QtyInPackage>
      <ItemPrice>10.00</ItemPrice>
      <UnitOfMeasurePrice>6.67</UnitOfMeasurePrice>
      <AllowDiscount>1</AllowDiscount>
      <ItemStatus>1</ItemStatus>
    </Item>
    <Item>
      <PriceUpdateDate>2025-11-27 21:30</PriceUpdateDate>
      <ItemCode>3600542399340</ItemCode>
      <ItemType>1</ItemType>
      <ItemName>גרניה דאו רול הילארונית</ItemName>
      <ManufacturerName>QUENTIN ST SOPROCOS,</ManufacturerName>
      <ManufactureCountry>FR</ManufactureCountry>
      <ManufacturerItemDescription>גרניה דאו רול הילארונית</ManufacturerItemDescription>
      <UnitQty>מיליליטרים</UnitQty>
      <Quantity>50.00</Quantity>
      <bIsWeighted>0</bIsWeighted>
      <UnitOfMeasure>100 מ"ל</UnitOfMeasure>
      <QtyInPackage>1</QtyInPackage>
      <ItemPrice>10.00</ItemPrice>
      <UnitOfMeasurePrice>20.00</UnitOfMeasurePrice>
      <AllowDiscount>1</AllowDiscount>
      <ItemStatus>1</ItemStatus>
    </Item>
    <Item>
      <PriceUpdateDate>2025-01-01 10:05</PriceUpdateDate>
      <ItemCode>3600542416405</ItemCode>
      <ItemType>1</ItemType>
      <ItemName>BBקרם לחות קלאסי 50מל</ItemName>
      <ManufacturerName>לוריאל</ManufacturerName>
      <ManufactureCountry>FR</ManufactureCountry>
      <ManufacturerItemDescription>BBקרם לחות קלאסי 50מל</ManufacturerItemDescription>
      <UnitQty>מיליליטרים</UnitQty>
      <Quantity>50.00</Quantity>
      <bIsWeighted>0</bIsWeighted>
      <UnitOfMeasure>100 מ"ל</UnitOfMeasure>
      <QtyInPackage>1</QtyInPackage>
      <ItemPrice>63.50</ItemPrice>
      <UnitOfMeasurePrice>127.00</UnitOfMeasurePrice>
      <AllowDiscount>1</AllowDiscount>
      <ItemStatus>1</ItemStatus>
    </Item>
    <Item>
      <PriceUpdateDate>2024-12-23 17:18</PriceUpdateDate>
      <ItemCode>3600542431828</ItemCode>
      <ItemType>1</ItemType>
      <ItemName>קולור נטורלס 1 שחור</ItemName>
      <ManufacturerName>לוריאל ישראל קוסמטיקס בע</ManufacturerName>
      <ManufactureCountry>PL</ManufactureCountry>
      <ManufacturerItemDescription>קולור נטורלס 1 שחור</ManufacturerItemDescription>
      <UnitQty>יחידה</UnitQty>
      <Quantity>1.00</Quantity>
      <bIsWeighted>0</bIsWeighted>
      <UnitOfMeasure>יחידה</UnitOfMeasure>
      <QtyInPackage>1</QtyInPackage>
      <ItemPrice>24.90</ItemPrice>
      <UnitOfMeasurePrice>24.90</UnitOfMeasurePrice>
      <AllowDiscount>1</AllowDiscount>
      <ItemStatus>1</ItemStatus>
    </Item>
    <Item>
      <PriceUpdateDate>2024-12-23 17:18</PriceUpdateDate>
      <ItemCode>3600542431835</ItemCode>
      <ItemType>1</ItemType>
      <ItemName>קולור נטורלס 3</ItemName>
      <ManufacturerName>לוריאל ישראל קוסמטיקס בע</ManufacturerName>
      <ManufactureCountry>PL</ManufactureCountry>
      <ManufacturerItemDescription>קולור נטורלס 3</ManufacturerItemDescription>
      <UnitQty>יחידה</UnitQty>
      <Quantity>1.00</Quantity>
      <bIsWeighted>0</bIsWeighted>
      <UnitOfMeasure>יחידה</UnitOfMeasure>
      <QtyInPackage>1</QtyInPackage>
      <ItemPrice>24.90</ItemPrice>
      <UnitOfMeasurePrice>24.90</UnitOfMeasurePrice>
      <AllowDiscount>1</AllowDiscount>
      <ItemStatus>1</ItemStatus>
    </Item>
    <Item>
      <PriceUpdateDate>2024-12-23 17:18</PriceUpdateDate>
      <ItemCode>3600542431934</ItemCode>
      <ItemType>1</ItemType>
      <ItemName>קולור נטורלס 6.25</ItemName>
      <ManufacturerName>לוריאל ישראל קוסמטיקס בע</ManufacturerName>
      <ManufactureCountry>PL</ManufactureCountry>
      <ManufacturerItemDescription>קולור נטורלס 6.25</ManufacturerItemDescription>
      <UnitQty>יחידה</UnitQty>
      <Quantity>1.00</Quantity>
      <bIsWeighted>0</bIsWeighted>
      <UnitOfMeasure>יחידה</UnitOfMeasure>
      <QtyInPackage>1</QtyInPackage>
      <ItemPrice>24.90</ItemPrice>
      <UnitOfMeasurePrice>24.90</UnitOfMeasurePrice>
      <AllowDiscount>1</AllowDiscount>
      <ItemStatus>1</ItemStatus>
    </Item>
    <Item>
      <PriceUpdateDate>2024-12-23 17:18</PriceUpdateDate>
      <ItemCode>3600542431972</ItemCode>
      <ItemType>1</ItemType>
      <ItemName>צבע שיער קולור נטורלס111</ItemName>
      <ManufacturerName>לוריאל ישראל קוסמטיקס בע</ManufacturerName>
      <ManufactureCountry>PL</ManufactureCountry>
      <ManufacturerItemDescription>צבע שיער קולור נטורלס111</ManufacturerItemDescription>
      <UnitQty>יחידה</UnitQty>
      <Quantity>1.00</Quantity>
      <bIsWeighted>0</bIsWeighted>
      <UnitOfMeasure>יחידה</UnitOfMeasure>
      <QtyInPackage>1</QtyInPackage>
      <ItemPrice>24.90</ItemPrice>
      <UnitOfMeasurePrice>24.90</UnitOfMeasurePrice>
      <AllowDiscount>1</AllowDiscount>
      <ItemStatus>1</ItemStatus>
    </Item>
    <Item>
      <PriceUpdateDate>2024-12-23 17:18</PriceUpdateDate>
      <ItemCode>3600542432023</ItemCode>
      <ItemType>1</ItemType>
      <ItemName>קולור נטורלס 2</ItemName>
      <ManufacturerName>גרנייה</ManufacturerName>
      <ManufactureCountry>FR</ManufactureCountry>
      <ManufacturerItemDescription>קולור נטורלס 2</ManufacturerItemDescription>
      <UnitQty>יחידה</UnitQty>
      <Quantity>1.00</Quantity>
      <bIsWeighted>0</bIsWeighted>
      <UnitOfMeasure>יחידה</UnitOfMeasure>
      <QtyInPackage>1</QtyInPackage>
      <ItemPrice>24.90</ItemPrice>
      <UnitOfMeasurePrice>24.90</UnitOfMeasurePrice>
      <AllowDiscount>1</AllowDiscount>
      <ItemStatus>1</ItemStatus>
    </Item>
    <Item>
      <PriceUpdateDate>2024-12-23 17:18</PriceUpdateDate>
      <ItemCode>3600542432030</ItemCode>
      <ItemType>1</ItemType>
      <ItemName>קולור נטורלס 7.40</ItemName>
      <ManufacturerName>לוריאל ישראל קוסמטיקס בע</ManufacturerName>
      <ManufactureCountry>FR</ManufactureCountry>
      <ManufacturerItemDescription>קולור נטורלס 7.40</ManufacturerItemDescription>
      <UnitQty>יחידה</UnitQty>
      <Quantity>1.00</Quantity>
      <bIsWeighted>0</bIsWeighted>
      <UnitOfMeasure>יחידה</UnitOfMeasure>
      <QtyInPackage>1</QtyInPackage>
      <ItemPrice>24.90</ItemPrice>
      <UnitOfMeasurePrice>24.90</UnitOfMeasurePrice>
      <AllowDiscount>1</AllowDiscount>
      <ItemStatus>1</ItemStatus>
    </Item>
    <Item>
      <PriceUpdateDate>2024-12-23 17:18</PriceUpdateDate>
      <ItemCode>3600542432092</ItemCode>
      <ItemType>1</ItemType>
      <ItemName>קולור נטורלס 5.12</ItemName>
      <ManufacturerName>גרנייה</ManufacturerName>
      <ManufactureCountry>PL</ManufactureCountry>
      <ManufacturerItemDescription>קולור נטורלס 5.12</ManufacturerItemDescription>
      <UnitQty>יחידה</UnitQty>
      <Quantity>1.00</Quantity>
      <bIsWeighted>0</bIsWeighted>
      <UnitOfMeasure>יחידה</UnitOfMeasure>
      <QtyInPackage>1</QtyInPackage>
      <ItemPrice>24.90</ItemPrice>
      <UnitOfMeasurePrice>24.90</UnitOfMeasurePrice>
      <AllowDiscount>1</AllowDiscount>
      <ItemStatus>1</ItemStatus>
    </Item>
    <Item>
      <PriceUpdateDate>2024-12-23 17:18</PriceUpdateDate>
      <ItemCode>3600542456586</ItemCode>
      <ItemType>1</ItemType>
      <ItemName>גרנייה מיסלר ורדים 400מל</ItemName>
      <ManufacturerName>קוסמופול</ManufacturerName>
      <ManufactureCountry>PL</ManufactureCountry>
      <ManufacturerItemDescription>גרנייה מיסלר ורדים 400מל</ManufacturerItemDescription>
      <UnitQty>מיליליטרים</UnitQty>
      <Quantity>400.00</Quantity>
      <bIsWeighted>0</bIsWeighted>
      <UnitOfMeasure>100 מ"ל</UnitOfMeasure>
      <QtyInPackage>1</QtyInPackage>
      <ItemPrice>40.50</ItemPrice>
      <UnitOfMeasurePrice>10.13</UnitOfMeasurePrice>
      <AllowDiscount>1</AllowDiscount>
      <ItemStatus>1</ItemStatus>
    </Item>
    <Item>
      <PriceUpdateDate>2025-01-01 10:05</PriceUpdateDate>
      <ItemCode>3600542488013</ItemCode>
      <ItemType>1</ItemType>
      <ItemName>פיור אקטיב סבון 250מל</ItemName>
      <ManufacturerName>KARLSRUHE</ManufacturerName>
      <ManufactureCountry>DE</ManufactureCountry>
      <ManufacturerItemDescription>גרנייה פיור אקטי</ManufacturerItemDescription>
      <UnitQty>מיליליטרים</UnitQty>
      <Quantity>250.00</Quantity>
      <bIsWeighted>0</bIsWeighted>
      <UnitOfMeasure>100 מ"ל</UnitOfMeasure>
      <QtyInPackage>1</QtyInPackage>
      <ItemPrice>46.50</ItemPrice>
      <UnitOfMeasurePrice>18.60</UnitOfMeasurePrice>
      <AllowDiscount>1</AllowDiscount>
      <ItemStatus>1</ItemStatus>
    </Item>
    <Item>
      <PriceUpdateDate>2025-11-27 19:30</PriceUpdateDate>
      <ItemCode>3600542572927</ItemCode>
      <ItemType>1</ItemType>
      <ItemName>קרם ויטמין Cאינביזיבל50מ</ItemName>
      <ManufacturerName>KARLSRUHE</ManufacturerName>
      <ManufactureCountry>DE</ManufactureCountry>
      <ManufacturerItemDescription>קרם ויטמין Cאינביזיבל50מ</ManufacturerItemDescription>
      <UnitQty>מיליליטרים</UnitQty>
      <Quantity>50.00</Quantity>
      <bIsWeighted>0</bIsWeighted>
      <UnitOfMeasure>100 מ"ל</UnitOfMeasure>
      <QtyInPackage>1</QtyInPackage>
      <ItemPrice>44.90</ItemPrice>
      <UnitOfMeasurePrice>89.80</UnitOfMeasurePrice>
      <AllowDiscount>1</AllowDiscount>
      <ItemStatus>1</ItemStatus>
    </Item>
    <Item>
      <PriceUpdateDate>2025-03-19 13:22</PriceUpdateDate>
      <ItemCode>3600542586078</ItemCode>
      <ItemType>1</ItemType>
      <ItemName>גרנייה ג'ל ניקוי 250 מל</ItemName>
      <ManufacturerName>קוסמפול PZ.Z.O.O</ManufacturerName>
      <ManufactureCountry>PL</ManufactureCountry>
      <ManufacturerItemDescription>גרנייה גל ניקוי 250 מל</ManufacturerItemDescription>
      <UnitQty>מיליליטרים</UnitQty>
      <Quantity>250.00</Quantity>
      <bIsWeighted>0</bIsWeighted>
      <UnitOfMeasure>100 מ"ל</UnitOfMeasure>
      <QtyInPackage>1</QtyInPackage>
      <ItemPrice>44.90</ItemPrice>
      <UnitOfMeasurePrice>17.96</UnitOfMeasurePrice>
      <AllowDiscount>1</AllowDiscount>
      <ItemStatus>1</ItemStatus>
    </Item>
    <Item>
      <PriceUpdateDate>2025-10-05 16:47</PriceUpdateDate>
      <ItemCode>3600542612975</ItemCode>
      <ItemType>1</ItemType>
      <ItemName>מים מיסלריים ויטמין700מל</ItemName>
      <ManufacturerName>קוסמופול</ManufacturerName>
      <ManufactureCountry>PL</ManufactureCountry>
      <ManufacturerItemDescription>מים מיסלריים ויטמין700מל</ManufacturerItemDescription>
      <UnitQty>מיליליטרים</UnitQty>
      <Quantity>700.00</Quantity>
      <bIsWeighted>0</bIsWeighted>
      <UnitOfMeasure>100 מ"ל</UnitOfMeasure>
      <QtyInPackage>1</QtyInPackage>
      <ItemPrice>48.00</ItemPrice>
      <UnitOfMeasurePrice>6.86</UnitOfMeasurePrice>
      <AllowDiscount>1</AllowDiscount>
      <ItemStatus>1</ItemStatus>
    </Item>
    <Item>
      <PriceUpdateDate>2025-01-01 10:05</PriceUpdateDate>
      <ItemCode>3605532612768</ItemCode>
      <ItemType>1</ItemType>
      <ItemName>belle est vie La אדפ50מל</ItemName>
      <ManufacturerName>לנקום בישום</ManufacturerName>
      <ManufactureCountry>FR</ManufactureCountry>
      <ManufacturerItemDescription>belle est vie La</ManufacturerItemDescription>
      <UnitQty>מיליליטרים</UnitQty>
      <Quantity>50.00</Quantity>
      <bIsWeighted>0</bIsWeighted>
      <UnitOfMeasure>100 מ"ל</UnitOfMeasure>
      <QtyInPackage>1</QtyInPackage>
      <ItemPrice>337.00</ItemPrice>
      <UnitOfMeasurePrice>674.00</UnitOfMeasurePrice>
      <AllowDiscount>1</AllowDiscount>
      <ItemStatus>1</ItemStatus>
    </Item>
    <Item>
      <PriceUpdateDate>2025-12-01 20:20</PriceUpdateDate>
      <ItemCode>3614229717082</ItemCode>
      <ItemType>1</ItemType>
      <ItemName>וולה מוס למגע משי 200מ</ItemName>
      <ManufacturerName>אינטרספריי</ManufacturerName>
      <ManufactureCountry>FR</ManufactureCountry>
      <ManufacturerItemDescription>וולה מוס למגע משי 200מ</ManufacturerItemDescription>
      <UnitQty>מיליליטרים</UnitQty>
      <Quantity>200.00</Quantity>
      <bIsWeighted>0</bIsWeighted>
      <UnitOfMeasure>100 מ"ל</UnitOfMeasure>
      <QtyInPackage>1</QtyInPackage>
      <ItemPrice>29.90</ItemPrice>
      <UnitOfMeasurePrice>14.95</UnitOfMeasurePrice>
      <AllowDiscount>1</AllowDiscount>
      <ItemStatus>1</ItemStatus>
    </Item>
    <Item>
      <PriceUpdateDate>2025-01-01 10:06</PriceUpdateDate>
      <ItemCode>3614271576132</ItemCode>
      <ItemType>1</ItemType>
      <ItemName>אקווה דה ג'יו א.ד.ט 15מל</ItemName>
      <ManufacturerName>כללי</ManufacturerName>
      <ManufactureCountry>FR</ManufactureCountry>
      <ManufacturerItemDescription>אקווה דה גיו א.ד.ט 15מל</ManufacturerItemDescription>
      <UnitQty>מיליליטרים</UnitQty>
      <Quantity>15.00</Quantity>
      <bIsWeighted>0</bIsWeighted>
      <UnitOfMeasure>100 מ"ל</UnitOfMeasure>
      <QtyInPackage>1</QtyInPackage>
      <ItemPrice>51.50</ItemPrice>
      <UnitOfMeasurePrice>343.33</UnitOfMeasurePrice>
      <AllowDiscount>1</AllowDiscount>
      <ItemStatus>1</ItemStatus>
    </Item>
    <Item>
      <PriceUpdateDate>2024-12-23 17:18</PriceUpdateDate>
      <ItemCode>3614272648425</ItemCode>
      <ItemType>1</ItemType>
      <ItemName>ליברה אדפ 90 מ"ל</ItemName>
      <ManufacturerName>כללי</ManufacturerName>
      <ManufactureCountry>FR</ManufactureCountry>
      <ManufacturerItemDescription>בושם לאשה Libre</ManufacturerItemDescription>
      <UnitQty>מיליליטרים</UnitQty>
      <Quantity>90.00</Quantity>
      <bIsWeighted>0</bIsWeighted>
      <UnitOfMeasure>100 מ"ל</UnitOfMeasure>
      <QtyInPackage>1</QtyInPackage>
      <ItemPrice>515.00</ItemPrice>
      <UnitOfMeasurePrice>572.22</UnitOfMeasurePrice>
      <AllowDiscount>1</AllowDiscount>
      <ItemStatus>1</ItemStatus>
    </Item>
    <Item>
      <PriceUpdateDate>2025-04-22 14:53</PriceUpdateDate>
      <ItemCode>3614272965898</ItemCode>
      <ItemType>1</ItemType>
      <ItemName>LIBRE א.ד.פ אישה 10 מ"ל</ItemName>
      <ManufacturerName>איב סן לורן</ManufacturerName>
      <ManufactureCountry>FR</ManufactureCountry>
      <ManufacturerItemDescription>LIBRE א.ד.פ אישה 10 מ"ל</ManufacturerItemDescription>
      <UnitQty>מיליליטרים</UnitQty>
      <Quantity>10.00</Quantity>
      <bIsWeighted>0</bIsWeighted>
      <UnitOfMeasure>100 מ"ל</UnitOfMeasure>
      <QtyInPackage>1</QtyInPackage>
      <ItemPrice>49.90</ItemPrice>
      <UnitOfMeasurePrice>499.00</UnitOfMeasurePrice>
      <AllowDiscount>1</AllowDiscount>
      <ItemStatus>1</ItemStatus>
    </Item>
    <Item>
      <PriceUpdateDate>2024-12-23 17:18</PriceUpdateDate>
      <ItemCode>3614273069557</ItemCode>
      <ItemType>1</ItemType>
      <ItemName>ליברה אינטנס אדפ 90 מ"ל</ItemName>
      <ManufacturerName>כללי</ManufacturerName>
      <ManufactureCountry>FR</ManufactureCountry>
      <ManufacturerItemDescription>ליברה אינטנס אדפ</ManufacturerItemDescription>
      <UnitQty>מיליליטרים</UnitQty>
      <Quantity>90.00</Quantity>
      <bIsWeighted>0</bIsWeighted>
      <UnitOfMeasure>100 מ"ל</UnitOfMeasure>
      <QtyInPackage>1</QtyInPackage>
      <ItemPrice>549.00</ItemPrice>
      <UnitOfMeasurePrice>610.00</UnitOfMeasurePrice>
      <AllowDiscount>1</AllowDiscount>
      <ItemStatus>1</ItemStatus>
    </Item>
    <Item>
      <PriceUpdateDate>2025-08-20 11:46</PriceUpdateDate>
      <ItemCode>3614273307444</ItemCode>
      <ItemType>1</ItemType>
      <ItemName>שפתון אבסולו רוג קרם 06</ItemName>
      <ManufacturerName>לנקום</ManufacturerName>
      <ManufactureCountry>FR</ManufactureCountry>
      <ManufacturerItemDescription>שפתון אבסולו רוג קרם 06</ManufacturerItemDescription>
      <UnitQty>יחידה</UnitQty>
      <Quantity>1.00</Quantity>
      <bIsWeighted>0</bIsWeighted>
      <UnitOfMeasure>יחידה</UnitOfMeasure>
      <QtyInPackage>0</QtyInPackage>
      <ItemPrice>184.00</ItemPrice>
      <UnitOfMeasurePrice>184.00</UnitOfMeasurePrice>
      <AllowDiscount>1</AllowDiscount>
      <ItemStatus>1</ItemStatus>
    </Item>
    <Item>
      <PriceUpdateDate>2025-07-21 14:40</PriceUpdateDate>
      <ItemCode>3614273348645</ItemCode>
      <ItemType>1</ItemType>
      <ItemName>מאי וואי א.ד.פ 15 מ"ל</ItemName>
      <ManufacturerName>כללי</ManufacturerName>
      <ManufactureCountry>FR</ManufactureCountry>
      <ManufacturerItemDescription>מאי וואי א.ד.פ 15 מ"ל</ManufacturerItemDescription>
      <UnitQty>מיליליטרים</UnitQty>
      <Quantity>15.00</Quantity>
      <bIsWeighted>0</bIsWeighted>
      <UnitOfMeasure>100 מ"ל</UnitOfMeasure>
      <QtyInPackage>1</QtyInPackage>
      <ItemPrice>49.90</ItemPrice>
      <UnitOfMeasurePrice>332.67</UnitOfMeasurePrice>
      <AllowDiscount>1</AllowDiscount>
      <ItemStatus>1</ItemStatus>
    </Item>
    <Item>
      <PriceUpdateDate>2025-01-01 10:06</PriceUpdateDate>
      <ItemCode>3614273370417</ItemCode>
      <ItemType>1</ItemType>
      <ItemName>סרום פנים אבסולו מוקטן 5</ItemName>
      <ManufacturerName>לנקום</ManufacturerName>
      <ManufactureCountry>FR</ManufactureCountry>
      <ManufacturerItemDescription>סרום פנים אבסולו מוקטן 5</ManufacturerItemDescription>
      <UnitQty>מיליליטרים</UnitQty>
      <Quantity>5.00</Quantity>
      <bIsWeighted>0</bIsWeighted>
      <UnitOfMeasure>100 מ"ל</UnitOfMeasure>
      <QtyInPackage>1</QtyInPackage>
      <ItemPrice>50.50</ItemPrice>
      <UnitOfMeasurePrice>1010.00</UnitOfMeasurePrice>
      <AllowDiscount>1</AllowDiscount>
      <ItemStatus>1</ItemStatus>
    </Item>
    <Item>
      <PriceUpdateDate>2025-04-22 14:53</PriceUpdateDate>
      <ItemCode>3614273604840</ItemCode>
      <ItemType>1</ItemType>
      <ItemName>ארמני קוד אדפ לגבר 15מ"ל</ItemName>
      <ManufacturerName>לנקום בישום</ManufacturerName>
      <ManufactureCountry>FR</ManufactureCountry>
      <ManufacturerItemDescription>ארמני קוד אדפ לגבר 15מ"ל</ManufacturerItemDescription>
      <UnitQty>מיליליטרים</UnitQty>
      <Quantity>15.00</Quantity>
      <bIsWeighted>0</bIsWeighted>
      <UnitOfMeasure>100 מ"ל</UnitOfMeasure>
      <QtyInPackage>1</QtyInPackage>
      <ItemPrice>49.90</ItemPrice>
      <UnitOfMeasurePrice>332.67</UnitOfMeasurePrice>
      <AllowDiscount>1</AllowDiscount>
      <ItemStatus>1</ItemStatus>
    </Item>
    <Item>
      <PriceUpdateDate>2023-04-29 05:36</PriceUpdateDate>
      <ItemCode>3614273635424</ItemCode>
      <ItemType>1</ItemType>
      <ItemName>AZZARO בושם לגבר 10 מ"ל</ItemName>
      <ManufacturerName>כללי</ManufacturerName>
      <ManufactureCountry>FR</ManufactureCountry>
      <ManufacturerItemDescription>AZZARO בושם לגבר 10 מ"ל</ManufacturerItemDescription>
      <UnitQty>מיליליטרים</UnitQty>
      <Quantity>10.00</Quantity>
      <bIsWeighted>0</bIsWeighted>
      <UnitOfMeasure>100 מ"ל</UnitOfMeasure>
      <QtyInPackage>1</QtyInPackage>
      <ItemPrice>29.90</ItemPrice>
      <UnitOfMeasurePrice>299.00</UnitOfMeasurePrice>
      <AllowDiscount>1</AllowDiscount>
      <ItemStatus>1</ItemStatus>
    </Item>
    <Item>
      <PriceUpdateDate>2025-01-27 11:13</PriceUpdateDate>
      <ItemCode>3614273636384</ItemCode>
      <ItemType>1</ItemType>
      <ItemName>ארמני קוד אדפ גבר 125מ"ל</ItemName>
      <ManufacturerName>ARMANI GIORGIO</ManufacturerName>
      <ManufactureCountry>FR</ManufactureCountry>
      <ManufacturerItemDescription>ארמני קוד אדפ גב</ManufacturerItemDescription>
      <UnitQty>מיליליטרים</UnitQty>
      <Quantity>125.00</Quantity>
      <bIsWeighted>0</bIsWeighted>
      <UnitOfMeasure>100 מ"ל</UnitOfMeasure>
      <QtyInPackage>1</QtyInPackage>
      <ItemPrice>499.00</ItemPrice>
      <UnitOfMeasurePrice>399.20</UnitOfMeasurePrice>
      <AllowDiscount>1</AllowDiscount>
      <ItemStatus>1</ItemStatus>
    </Item>
    <Item>
      <PriceUpdateDate>2025-08-20 11:46</PriceUpdateDate>
      <ItemCode>3614273660440</ItemCode>
      <ItemType>1</ItemType>
      <ItemName>גנפיק לייט פארל סרום20מל</ItemName>
      <ManufacturerName>כללי</ManufacturerName>
      <ManufactureCountry>FR</ManufactureCountry>
      <ManufacturerItemDescription>גנפיק לייט פארל</ManufacturerItemDescription>
      <UnitQty>מיליליטרים</UnitQty>
      <Quantity>20.00</Quantity>
      <bIsWeighted>0</bIsWeighted>
      <UnitOfMeasure>100 מ"ל</UnitOfMeasure>
      <QtyInPackage>1</QtyInPackage>
      <ItemPrice>366.00</ItemPrice>
      <UnitOfMeasurePrice>1830.00</UnitOfMeasurePrice>
      <AllowDiscount>1</AllowDiscount>
      <ItemStatus>1</ItemStatus>
    </Item>
    <Item>
      <PriceUpdateDate>2025-08-20 11:46</PriceUpdateDate>
      <ItemCode>3614273747356</ItemCode>
      <ItemType>1</ItemType>
      <ItemName>אבסולו רוז אינטימאט 388</ItemName>
      <ManufacturerName>לנקום</ManufacturerName>
      <ManufactureCountry>FR</ManufactureCountry>
      <ManufacturerItemDescription>אבסולו רוז אינטי</ManufacturerItemDescription>
      <UnitQty>יחידה</UnitQty>
      <Quantity>1.00</Quantity>
      <bIsWeighted>0</bIsWeighted>
      <UnitOfMeasure>יחידה</UnitOfMeasure>
      <QtyInPackage>1</QtyInPackage>
      <ItemPrice>184.00</ItemPrice>
      <UnitOfMeasurePrice>184.00</UnitOfMeasurePrice>
      <AllowDiscount>1</AllowDiscount>
      <ItemStatus>1</ItemStatus>
    </Item>
    <Item>
      <PriceUpdateDate>2024-12-23 17:21</PriceUpdateDate>
      <ItemCode>3614273790840</ItemCode>
      <ItemType>1</ItemType>
      <ItemName>בורן אין רומא דונה 100מל</ItemName>
      <ManufacturerName>VALENTINO</ManufacturerName>
      <ManufactureCountry>FR</ManufactureCountry>
      <ManufacturerItemDescription>בורן אין רומא דו</ManufacturerItemDescription>
      <UnitQty>מיליליטרים</UnitQty>
      <Quantity>100.00</Quantity>
      <bIsWeighted>0</bIsWeighted>
      <UnitOfMeasure>100 מ"ל</UnitOfMeasure>
      <QtyInPackage>1</QtyInPackage>
      <ItemPrice>611.00</ItemPrice>
      <UnitOfMeasurePrice>611.00</UnitOfMeasurePrice>
      <AllowDiscount>1</AllowDiscount>
      <ItemStatus>1</ItemStatus>
    </Item>
    <Item>
      <PriceUpdateDate>2024-12-23 17:21</PriceUpdateDate>
      <ItemCode>3614273898478</ItemCode>
      <ItemType>1</ItemType>
      <ItemName>וואי אינטנס אדפ גבר100מל</ItemName>
      <ManufacturerName>איב סן לורן</ManufacturerName>
      <ManufactureCountry>FR</ManufactureCountry>
      <ManufacturerItemDescription>וואי אינטנס אדפ</ManufacturerItemDescription>
      <UnitQty>מיליליטרים</UnitQty>
      <Quantity>100.00</Quantity>
      <bIsWeighted>0</bIsWeighted>
      <UnitOfMeasure>100 מ"ל</UnitOfMeasure>
      <QtyInPackage>1</QtyInPackage>
      <ItemPrice>530.00</ItemPrice>
      <UnitOfMeasurePrice>530.00</UnitOfMeasurePrice>
      <AllowDiscount>1</AllowDiscount>
      <ItemStatus>1</ItemStatus>
    </Item>
    <Item>
      <PriceUpdateDate>2025-03-18 11:36</PriceUpdateDate>
      <ItemCode>3614273955546</ItemCode>
      <ItemType>1</ItemType>
      <ItemName>Gio Di Acqua אדט גבר100מ</ItemName>
      <ManufacturerName>לנקום בישום</ManufacturerName>
      <ManufactureCountry>FR</ManufactureCountry>
      <ManufacturerItemDescription>Gio Di Acqua גבר</ManufacturerItemDescription>
      <UnitQty>מיליליטרים</UnitQty>
      <Quantity>100.00</Quantity>
      <bIsWeighted>0</bIsWeighted>
      <UnitOfMeasure>100 מ"ל</UnitOfMeasure>
      <QtyInPackage>1</QtyInPackage>
      <ItemPrice>369.00</ItemPrice>
      <UnitOfMeasurePrice>369.00</UnitOfMeasurePrice>
      <AllowDiscount>1</AllowDiscount>
      <ItemStatus>1</ItemStatus>
    </Item>
    <Item>
      <PriceUpdateDate>2024-12-23 17:21</PriceUpdateDate>
      <ItemCode>3614273961707</ItemCode>
      <ItemType>1</ItemType>
      <ItemName>פרדוקס אינטנס 90 מ"ל</ItemName>
      <ManufacturerName>כללי</ManufacturerName>
      <ManufactureCountry>FR</ManufactureCountry>
      <ManufacturerItemDescription>פרדוקס אינטנס 90 מ"ל</ManufacturerItemDescription>
      <UnitQty>מיליליטרים</UnitQty>
      <Quantity>90.00</Quantity>
      <bIsWeighted>0</bIsWeighted>
      <UnitOfMeasure>100 מ"ל</UnitOfMeasure>
      <QtyInPackage>1</QtyInPackage>
      <ItemPrice>620.00</ItemPrice>
      <UnitOfMeasurePrice>688.89</UnitOfMeasurePrice>
      <AllowDiscount>1</AllowDiscount>
      <ItemStatus>1</ItemStatus>
    </Item>
    <Item>
      <PriceUpdateDate>2025-01-01 10:05</PriceUpdateDate>
      <ItemCode>3614274089356</ItemCode>
      <ItemType>1</ItemType>
      <ItemName>לונה רוסה אושן אדפ ג100.</ItemName>
      <ManufacturerName>פראדה בישום</ManufacturerName>
      <ManufactureCountry>FR</ManufactureCountry>
      <ManufacturerItemDescription>לונה רוסה אושן אדפ ג.100</ManufacturerItemDescription>
      <UnitQty>מיליליטרים</UnitQty>
      <Quantity>100.00</Quantity>
      <bIsWeighted>0</bIsWeighted>
      <UnitOfMeasure>100 מ"ל</UnitOfMeasure>
      <QtyInPackage>1</QtyInPackage>
      <ItemPrice>480.00</ItemPrice>
      <UnitOfMeasurePrice>480.00</UnitOfMeasurePrice>
      <AllowDiscount>1</AllowDiscount>
      <ItemStatus>1</ItemStatus>
    </Item>
    <Item>
      <PriceUpdateDate>2025-04-04 09:47</PriceUpdateDate>
      <ItemCode>3614274114713</ItemCode>
      <ItemType>1</ItemType>
      <ItemName>MYSLF בושם לגבר 10 מ"ל</ItemName>
      <ManufacturerName>איב סן לורן</ManufacturerName>
      <ManufactureCountry>ER</ManufactureCountry>
      <ManufacturerItemDescription>MYSLF בושם לגבר 10 מ"ל</ManufacturerItemDescription>
      <UnitQty>מיליליטרים</UnitQty>
      <Quantity>10.00</Quantity>
      <bIsWeighted>0</bIsWeighted>
      <UnitOfMeasure>100 מ"ל</UnitOfMeasure>
      <QtyInPackage>1</QtyInPackage>
      <ItemPrice>49.90</ItemPrice>
      <UnitOfMeasurePrice>499.00</UnitOfMeasurePrice>
      <AllowDiscount>1</AllowDiscount>
      <ItemStatus>1</ItemStatus>
    </Item>
    <Item>
      <PriceUpdateDate>2025-01-01 10:05</PriceUpdateDate>
      <ItemCode>3614274185751</ItemCode>
      <ItemType>1</ItemType>
      <ItemName>סי אינטנסה אדפ מארז</ItemName>
      <ManufacturerName>ARMANI GIORGIO</ManufacturerName>
      <ManufactureCountry>FR</ManufactureCountry>
      <ManufacturerItemDescription>סי אינטנסה אדפ</ManufacturerItemDescription>
      <UnitQty>יחידה</UnitQty>
      <Quantity>1.00</Quantity>
      <bIsWeighted>0</bIsWeighted>
      <UnitOfMeasure>יחידה</UnitOfMeasure>
      <QtyInPackage>1</QtyInPackage>
      <ItemPrice>460.00</ItemPrice>
      <UnitOfMeasurePrice>460.00</UnitOfMeasurePrice>
      <AllowDiscount>1</AllowDiscount>
      <ItemStatus>1</ItemStatus>
    </Item>
    <Item>
      <PriceUpdateDate>2025-02-14 05:48</PriceUpdateDate>
      <ItemCode>3614274222401</ItemCode>
      <ItemType>1</ItemType>
      <ItemName>מאי וואי אדפ 10 מ"ל</ItemName>
      <ManufacturerName>לנקום</ManufacturerName>
      <ManufactureCountry>FR</ManufactureCountry>
      <ManufacturerItemDescription>מאי וואי אדפ 10 מ"ל</ManufacturerItemDescription>
      <UnitQty>מיליליטרים</UnitQty>
      <Quantity>10.00</Quantity>
      <bIsWeighted>0</bIsWeighted>
      <UnitOfMeasure>100 מ"ל</UnitOfMeasure>
      <QtyInPackage>1</QtyInPackage>
      <ItemPrice>49.90</ItemPrice>
      <UnitOfMeasurePrice>499.00</UnitOfMeasurePrice>
      <AllowDiscount>1</AllowDiscount>
      <ItemStatus>1</ItemStatus>
    </Item>
    <Item>
      <PriceUpdateDate>2025-08-22 05:42</PriceUpdateDate>
      <ItemCode>3614274338409</ItemCode>
      <ItemType>1</ItemType>
      <ItemName>מארז מסקרה היפנוז מארז</ItemName>
      <ManufacturerName>לנקום</ManufacturerName>
      <ManufactureCountry>FR</ManufactureCountry>
      <ManufacturerItemDescription>מארז מסקרה היפנוז מארז</ManufacturerItemDescription>
      <UnitQty>יחידה</UnitQty>
      <Quantity>1.00</Quantity>
      <bIsWeighted>0</bIsWeighted>
      <UnitOfMeasure>יחידה</UnitOfMeasure>
      <QtyInPackage>1</QtyInPackage>
      <ItemPrice>194.00</ItemPrice>
      <UnitOfMeasurePrice>194.00</UnitOfMeasurePrice>
      <AllowDiscount>1</AllowDiscount>
      <ItemStatus>1</ItemStatus>
    </Item>
    <Item>
      <PriceUpdateDate>2025-11-27 20:10</PriceUpdateDate>
      <ItemCode>3616302015580</ItemCode>
      <ItemType>1</ItemType>
      <ItemName>Ckfree א.ד.ט לגבר 100מ"ל</ItemName>
      <ManufacturerName>כללי</ManufacturerName>
      <ManufactureCountry>GR</ManufactureCountry>
      <ManufacturerItemDescription>Ckfree אדט לגבר</ManufacturerItemDescription>
      <UnitQty>מיליליטרים</UnitQty>
      <Quantity>100.00</Quantity>
      <bIsWeighted>0</bIsWeighted>
      <UnitOfMeasure>100 מ"ל</UnitOfMeasure>
      <QtyInPackage>1</QtyInPackage>
      <ItemPrice>119.00</ItemPrice>
      <UnitOfMeasurePrice>119.00</UnitOfMeasurePrice>
      <AllowDiscount>1</AllowDiscount>
      <ItemStatus>1</ItemStatus>
    </Item>
    <Item>
      <PriceUpdateDate>2024-12-23 17:26</PriceUpdateDate>
      <ItemCode>3616303440770</ItemCode>
      <ItemType>1</ItemType>
      <ItemName>ספריי גוף לגבר פיוזן150מ</ItemName>
      <ManufacturerName>קולפ פולשקה ספ ז.או.או,</ManufacturerName>
      <ManufactureCountry>PL</ManufactureCountry>
      <ManufacturerItemDescription>ספריי גוף לגבר פיוזן150מ</ManufacturerItemDescription>
      <UnitQty>מיליליטרים</UnitQty>
      <Quantity>150.00</Quantity>
      <bIsWeighted>0</bIsWeighted>
      <UnitOfMeasure>100 מ"ל</UnitOfMeasure>
      <QtyInPackage>1</QtyInPackage>
      <ItemPrice>20.50</ItemPrice>
      <UnitOfMeasurePrice>13.67</UnitOfMeasurePrice>
      <AllowDiscount>1</AllowDiscount>
      <ItemStatus>1</ItemStatus>
    </Item>
    <Item>
      <PriceUpdateDate>2024-12-23 17:26</PriceUpdateDate>
      <ItemCode>3616303842147</ItemCode>
      <ItemType>1</ItemType>
      <ItemName>רול און לאישה פאוור 50מל</ItemName>
      <ManufacturerName>לבורטוריוס מאבריק אס.אל.</ManufacturerName>
      <ManufactureCountry>ES</ManufactureCountry>
      <ManufacturerItemDescription>רול און לאישה פאוור 50מל</ManufacturerItemDescription>
      <UnitQty>מיליליטרים</UnitQty>
      <Quantity>50.00</Quantity>
      <bIsWeighted>0</bIsWeighted>
      <UnitOfMeasure>100 מ"ל</UnitOfMeasure>
      <QtyInPackage>1</QtyInPackage>
      <ItemPrice>17.50</ItemPrice>
      <UnitOfMeasurePrice>35.00</UnitOfMeasurePrice>
      <AllowDiscount>1</AllowDiscount>
      <ItemStatus>1</ItemStatus>
    </Item>
    <Item>
      <PriceUpdateDate>2025-01-09 12:02</PriceUpdateDate>
      <ItemCode>3616305160584</ItemCode>
      <ItemType>1</ItemType>
      <ItemName>הוגו בוס בוטלד אדפ 100מל</ItemName>
      <ManufacturerName>קוטי HFC</ManufacturerName>
      <ManufactureCountry>ES</ManufactureCountry>
      <ManufacturerItemDescription>הוגו בוס בוטלד</ManufacturerItemDescription>
      <UnitQty>מיליליטרים</UnitQty>
      <Quantity>100.00</Quantity>
      <bIsWeighted>0</bIsWeighted>
      <UnitOfMeasure>100 מ"ל</UnitOfMeasure>
      <QtyInPackage>1</QtyInPackage>
      <ItemPrice>489.00</ItemPrice>
      <UnitOfMeasurePrice>489.00</UnitOfMeasurePrice>
      <AllowDiscount>1</AllowDiscount>
      <ItemStatus>1</ItemStatus>
    </Item>
    <Item>
      <PriceUpdateDate>2024-12-23 17:20</PriceUpdateDate>
      <ItemCode>3700066713636</ItemCode>
      <ItemType>1</ItemType>
      <ItemName>ג'נטל אדפ 100 מ"ל</ItemName>
      <ManufacturerName>כללי</ManufacturerName>
      <ManufactureCountry>FR</ManufactureCountry>
      <ManufacturerItemDescription>ג'נטל אדפ</ManufacturerItemDescription>
      <UnitQty>מיליליטרים</UnitQty>
      <Quantity>100.00</Quantity>
      <bIsWeighted>0</bIsWeighted>
      <UnitOfMeasure>100 מ"ל</UnitOfMeasure>
      <QtyInPackage>1</QtyInPackage>
      <ItemPrice>102.00</ItemPrice>
      <UnitOfMeasurePrice>102.00</UnitOfMeasurePrice>
      <AllowDiscount>1</AllowDiscount>
      <ItemStatus>1</ItemStatus>
    </Item>
    <Item>
      <PriceUpdateDate>2025-07-20 15:39</PriceUpdateDate>
      <ItemCode>37977005455</ItemCode>
      <ItemType>1</ItemType>
      <ItemName>מאמ מחזיק למוצץ</ItemName>
      <ManufacturerName>MAM</ManufacturerName>
      <ManufactureCountry>HU</ManufactureCountry>
      <ManufacturerItemDescription>מאמ מחזיק למוצץ</ManufacturerItemDescription>
      <UnitQty>יחידה</UnitQty>
      <Quantity>1.00</Quantity>
      <bIsWeighted>0</bIsWeighted>
      <UnitOfMeasure>יחידה</UnitOfMeasure>
      <QtyInPackage>0</QtyInPackage>
      <ItemPrice>29.90</ItemPrice>
      <UnitOfMeasurePrice>29.90</UnitOfMeasurePrice>
      <AllowDiscount>1</AllowDiscount>
      <ItemStatus>1</ItemStatus>
    </Item>
    <Item>
      <PriceUpdateDate>2025-05-12 17:39</PriceUpdateDate>
      <ItemCode>37977050059</ItemCode>
      <ItemType>1</ItemType>
      <ItemName>זוג מוצצי מאמ בן0-2</ItemName>
      <ManufacturerName />
      <ManufactureCountry>HU</ManufactureCountry>
      <ManufacturerItemDescription>זוג מוצצי מאמ בן0-2</ManufacturerItemDescription>
      <UnitQty>יחידה</UnitQty>
      <Quantity>1.00</Quantity>
      <bIsWeighted>0</bIsWeighted>
      <UnitOfMeasure>יחידה</UnitOfMeasure>
      <QtyInPackage>0</QtyInPackage>
      <ItemPrice>38.90</ItemPrice>
      <UnitOfMeasurePrice>38.90</UnitOfMeasurePrice>
      <AllowDiscount>1</AllowDiscount>
      <ItemStatus>1</ItemStatus>
    </Item>
    <Item>
      <PriceUpdateDate>2025-11-27 21:40</PriceUpdateDate>
      <ItemCode>3838824127149</ItemCode>
      <ItemType>1</ItemType>
      <ItemName>צבע סמי קיט פלטה מס1-1'</ItemName>
      <ManufacturerName>הנקל סוד</ManufacturerName>
      <ManufactureCountry>SI</ManufactureCountry>
      <ManufacturerItemDescription>צבע סמי קיט פלטה מס1-1</ManufacturerItemDescription>
      <UnitQty>יחידה</UnitQty>
      <Quantity>1.00</Quantity>
      <bIsWeighted>0</bIsWeighted>
      <UnitOfMeasure>יחידה</UnitOfMeasure>
      <QtyInPackage>0</QtyInPackage>
      <ItemPrice>15.90</ItemPrice>
      <UnitOfMeasurePrice>15.90</UnitOfMeasurePrice>
      <AllowDiscount>1</AllowDiscount>
      <ItemStatus>1</ItemStatus>
    </Item>
    <Item>
      <PriceUpdateDate>2025-11-27 21:40</PriceUpdateDate>
      <ItemCode>3838824127248</ItemCode>
      <ItemType>1</ItemType>
      <ItemName>צבע סמי קיט 5-0 חום בהיר</ItemName>
      <ManufacturerName>הנקל סוד</ManufacturerName>
      <ManufactureCountry>SI</ManufactureCountry>
      <ManufacturerItemDescription>צבע סמי קיט 5-0 חום בהיר</ManufacturerItemDescription>
      <UnitQty>יחידה</UnitQty>
      <Quantity>1.00</Quantity>
      <bIsWeighted>0</bIsWeighted>
      <UnitOfMeasure>יחידה</UnitOfMeasure>
      <QtyInPackage>0</QtyInPackage>
      <ItemPrice>15.90</ItemPrice>
      <UnitOfMeasurePrice>15.90</UnitOfMeasurePrice>
      <AllowDiscount>1</AllowDiscount>
      <ItemStatus>1</ItemStatus>
    </Item>
    <Item>
      <PriceUpdateDate>2025-11-27 21:40</PriceUpdateDate>
      <ItemCode>3838824127309</ItemCode>
      <ItemType>1</ItemType>
      <ItemName>צבע סמי קיט פלטה מס8-0</ItemName>
      <ManufacturerName>הנקל סוד</ManufacturerName>
      <ManufactureCountry>SI</ManufactureCountry>
      <ManufacturerItemDescription>צבע סמי קיט פלטה מס8-0</ManufacturerItemDescription>
      <UnitQty>יחידה</UnitQty>
      <Quantity>1.00</Quantity>
      <bIsWeighted>0</bIsWeighted>
      <UnitOfMeasure>יחידה</UnitOfMeasure>
      <QtyInPackage>0</QtyInPackage>
      <ItemPrice>15.90</ItemPrice>
      <UnitOfMeasurePrice>15.90</UnitOfMeasurePrice>
      <AllowDiscount>1</AllowDiscount>
      <ItemStatus>1</ItemStatus>
    </Item>
    <Item>
      <PriceUpdateDate>2025-11-27 21:40</PriceUpdateDate>
      <ItemCode>3838824127361</ItemCode>
      <ItemType>1</ItemType>
      <ItemName>צבע סמי קיט פלטה מ5-68.</ItemName>
      <ManufacturerName>הנקל סוד</ManufacturerName>
      <ManufactureCountry>SI</ManufactureCountry>
      <ManufacturerItemDescription>צבע סמי קיט פלטה מ.5-68</ManufacturerItemDescription>
      <UnitQty>יחידה</UnitQty>
      <Quantity>1.00</Quantity>
      <bIsWeighted>0</bIsWeighted>
      <UnitOfMeasure>יחידה</UnitOfMeasure>
      <QtyInPackage>0</QtyInPackage>
      <ItemPrice>15.90</ItemPrice>
      <UnitOfMeasurePrice>15.90</UnitOfMeasurePrice>
      <AllowDiscount>1</AllowDiscount>
      <ItemStatus>1</ItemStatus>
    </Item>
    <Item>
      <PriceUpdateDate>2025-11-27 21:40</PriceUpdateDate>
      <ItemCode>3838824127507</ItemCode>
      <ItemType>1</ItemType>
      <ItemName>צבע סמי קיט פלטה מ4-60.</ItemName>
      <ManufacturerName>הנקל סוד</ManufacturerName>
      <ManufactureCountry>SI</ManufactureCountry>
      <ManufacturerItemDescription>צבע סמי קיט פלטה מ.4-60</ManufacturerItemDescription>
      <UnitQty>יחידה</UnitQty>
      <Quantity>1.00</Quantity>
      <bIsWeighted>0</bIsWeighted>
      <UnitOfMeasure>יחידה</UnitOfMeasure>
      <QtyInPackage>0</QtyInPackage>
      <ItemPrice>15.90</ItemPrice>
      <UnitOfMeasurePrice>15.90</UnitOfMeasurePrice>
      <AllowDiscount>1</AllowDiscount>
      <ItemStatus>1</ItemStatus>
    </Item>
    <Item>
      <PriceUpdateDate>2024-12-23 17:20</PriceUpdateDate>
      <ItemCode>3838824128948</ItemCode>
      <ItemType>1</ItemType>
      <ItemName>צבע לשיער פלטה קיט 3-0</ItemName>
      <ManufacturerName>הנקל סוד</ManufacturerName>
      <ManufactureCountry>DE</ManufactureCountry>
      <ManufacturerItemDescription>צבע לשיער פלטה קיט 3-0</ManufacturerItemDescription>
      <UnitQty>יחידה</UnitQty>
      <Quantity>1.00</Quantity>
      <bIsWeighted>0</bIsWeighted>
      <UnitOfMeasure>יחידה</UnitOfMeasure>
      <QtyInPackage>0</QtyInPackage>
      <ItemPrice>42.90</ItemPrice>
      <UnitOfMeasurePrice>42.90</UnitOfMeasurePrice>
      <AllowDiscount>1</AllowDiscount>
      <ItemStatus>1</ItemStatus>
    </Item>
    <Item>
      <PriceUpdateDate>2025-11-27 21:40</PriceUpdateDate>
      <ItemCode>3838824171401</ItemCode>
      <ItemType>1</ItemType>
      <ItemName>פאלטה נטורלס5-0חום 1יח</ItemName>
      <ManufacturerName>הנקל סוד</ManufacturerName>
      <ManufactureCountry>DE</ManufactureCountry>
      <ManufacturerItemDescription>פאלטה נטורלס5-0חום 1יח</ManufacturerItemDescription>
      <UnitQty>יחידה</UnitQty>
      <Quantity>1.00</Quantity>
      <bIsWeighted>0</bIsWeighted>
      <UnitOfMeasure>יחידה</UnitOfMeasure>
      <QtyInPackage>1</QtyInPackage>
      <ItemPrice>23.90</ItemPrice>
      <UnitOfMeasurePrice>23.90</UnitOfMeasurePrice>
      <AllowDiscount>1</AllowDiscount>
      <ItemStatus>1</ItemStatus>
    </Item>
    <Item>
      <PriceUpdateDate>2025-11-27 21:40</PriceUpdateDate>
      <ItemCode>3838824171562</ItemCode>
      <ItemType>1</ItemType>
      <ItemName>פאלטה נטורלס 1-0שחור 1יח</ItemName>
      <ManufacturerName>הנקל סוד</ManufacturerName>
      <ManufactureCountry>DE</ManufactureCountry>
      <ManufacturerItemDescription>פאלטה נטורלס 1-0שחור 1יח</ManufacturerItemDescription>
      <UnitQty>יחידה</UnitQty>
      <Quantity>1.00</Quantity>
      <bIsWeighted>0</bIsWeighted>
      <UnitOfMeasure>יחידה</UnitOfMeasure>
      <QtyInPackage>1</QtyInPackage>
      <ItemPrice>23.90</ItemPrice>
      <UnitOfMeasurePrice>23.90</UnitOfMeasurePrice>
      <AllowDiscount>1</AllowDiscount>
      <ItemStatus>1</ItemStatus>
    </Item>
    <Item>
      <PriceUpdateDate>2025-11-27 21:40</PriceUpdateDate>
      <ItemCode>3838824332178</ItemCode>
      <ItemType>1</ItemType>
      <ItemName>צבע סמי קיט פלטה 6-80</ItemName>
      <ManufacturerName>הנקל סוד</ManufacturerName>
      <ManufactureCountry>SI</ManufactureCountry>
      <ManufacturerItemDescription>צבע סמי קיט פלטה 6-80</ManufacturerItemDescription>
      <UnitQty>יחידה</UnitQty>
      <Quantity>1.00</Quantity>
      <bIsWeighted>0</bIsWeighted>
      <UnitOfMeasure>יחידה</UnitOfMeasure>
      <QtyInPackage>1</QtyInPackage>
      <ItemPrice>15.90</ItemPrice>
      <UnitOfMeasurePrice>15.90</UnitOfMeasurePrice>
      <AllowDiscount>1</AllowDiscount>
      <ItemStatus>1</ItemStatus>
    </Item>
    <Item>
      <PriceUpdateDate>2025-11-27 21:40</PriceUpdateDate>
      <ItemCode>3838824414416</ItemCode>
      <ItemType>1</ItemType>
      <ItemName>צבע סמי קיט פלטה מס5-1יח</ItemName>
      <ManufacturerName>הנקל סוד</ManufacturerName>
      <ManufactureCountry>SI</ManufactureCountry>
      <ManufacturerItemDescription>צבע סמי קיט פלטה מס5-1יח</ManufacturerItemDescription>
      <UnitQty>יחידה</UnitQty>
      <Quantity>1.00</Quantity>
      <bIsWeighted>0</bIsWeighted>
      <UnitOfMeasure>יחידה</UnitOfMeasure>
      <QtyInPackage>1</QtyInPackage>
      <ItemPrice>15.90</ItemPrice>
      <UnitOfMeasurePrice>15.90</UnitOfMeasurePrice>
      <AllowDiscount>1</AllowDiscount>
      <ItemStatus>1</ItemStatus>
    </Item>
    <Item>
      <PriceUpdateDate>2025-11-27 21:40</PriceUpdateDate>
      <ItemCode>3838824414454</ItemCode>
      <ItemType>1</ItemType>
      <ItemName>צבע סמי קיט פלטה 9-1 1יח</ItemName>
      <ManufacturerName>הנקל סוד</ManufacturerName>
      <ManufactureCountry>SI</ManufactureCountry>
      <ManufacturerItemDescription>צבע סמי קיט פלטה 9-1 1יח</ManufacturerItemDescription>
      <UnitQty>יחידה</UnitQty>
      <Quantity>1.00</Quantity>
      <bIsWeighted>0</bIsWeighted>
      <UnitOfMeasure>יחידה</UnitOfMeasure>
      <QtyInPackage>1</QtyInPackage>
      <ItemPrice>15.90</ItemPrice>
      <UnitOfMeasurePrice>15.90</UnitOfMeasurePrice>
      <AllowDiscount>1</AllowDiscount>
      <ItemStatus>1</ItemStatus>
    </Item>
    <Item>
      <PriceUpdateDate>2025-11-27 21:40</PriceUpdateDate>
      <ItemCode>3838824414492</ItemCode>
      <ItemType>1</ItemType>
      <ItemName>צבע אינטנסיב פלטה 6-88'</ItemName>
      <ManufacturerName>הנקל סוד</ManufacturerName>
      <ManufactureCountry>SI</ManufactureCountry>
      <ManufacturerItemDescription>צבע אינטנסיב פלטה 6-88</ManufacturerItemDescription>
      <UnitQty>יחידה</UnitQty>
      <Quantity>1.00</Quantity>
      <bIsWeighted>0</bIsWeighted>
      <UnitOfMeasure>יחידה</UnitOfMeasure>
      <QtyInPackage>1</QtyInPackage>
      <ItemPrice>15.90</ItemPrice>
      <UnitOfMeasurePrice>15.90</UnitOfMeasurePrice>
      <AllowDiscount>1</AllowDiscount>
      <ItemStatus>1</ItemStatus>
    </Item>
    <Item>
      <PriceUpdateDate>2025-11-27 21:40</PriceUpdateDate>
      <ItemCode>3838824438696</ItemCode>
      <ItemType>1</ItemType>
      <ItemName>קרם סופרם-צבע לשיער-6-0</ItemName>
      <ManufacturerName>סלובניה</ManufacturerName>
      <ManufactureCountry>SI</ManufactureCountry>
      <ManufacturerItemDescription>קרם סופרם-צבע לשיער-6-0</ManufacturerItemDescription>
      <UnitQty>יחידה</UnitQty>
      <Quantity>1.00</Quantity>
      <bIsWeighted>0</bIsWeighted>
      <UnitOfMeasure>יחידה</UnitOfMeasure>
      <QtyInPackage>1</QtyInPackage>
      <ItemPrice>34.90</ItemPrice>
      <UnitOfMeasurePrice>34.90</UnitOfMeasurePrice>
      <AllowDiscount>1</AllowDiscount>
      <ItemStatus>1</ItemStatus>
    </Item>
    <Item>
      <PriceUpdateDate>2025-11-27 21:30</PriceUpdateDate>
      <ItemCode>4005808128631</ItemCode>
      <ItemType>1</ItemType>
      <ItemName>ניוואה ג'ל רחצה לגבר500מ</ItemName>
      <ManufacturerName>ביירסדורף</ManufacturerName>
      <ManufactureCountry>DE</ManufactureCountry>
      <ManufacturerItemDescription>ניוואה גל רחצה לגבר500מ</ManufacturerItemDescription>
      <UnitQty>מיליליטרים</UnitQty>
      <Quantity>500.00</Quantity>
      <bIsWeighted>0</bIsWeighted>
      <UnitOfMeasure>100 מ"ל</UnitOfMeasure>
      <QtyInPackage>0</QtyInPackage>
      <ItemPrice>12.90</ItemPrice>
      <UnitOfMeasurePrice>2.58</UnitOfMeasurePrice>
      <AllowDiscount>1</AllowDiscount>
      <ItemStatus>1</ItemStatus>
    </Item>
    <Item>
      <PriceUpdateDate>2025-11-27 21:30</PriceUpdateDate>
      <ItemCode>4005808650002</ItemCode>
      <ItemType>1</ItemType>
      <ItemName>שפתון לבלו כחול</ItemName>
      <ManufacturerName>ביירסדורץ</ManufacturerName>
      <ManufactureCountry>IL</ManufactureCountry>
      <ManufacturerItemDescription>שפתון לבלו כחול</ManufacturerItemDescription>
      <UnitQty>יחידה</UnitQty>
      <Quantity>1.00</Quantity>
      <bIsWeighted>0</bIsWeighted>
      <UnitOfMeasure>יחידה</UnitOfMeasure>
      <QtyInPackage>0</QtyInPackage>
      <ItemPrice>10.00</ItemPrice>
      <UnitOfMeasurePrice>10.00</UnitOfMeasurePrice>
      <AllowDiscount>1</AllowDiscount>
      <ItemStatus>1</ItemStatus>
    </Item>
    <Item>
      <PriceUpdateDate>2024-12-23 17:20</PriceUpdateDate>
      <ItemCode>4005808650903</ItemCode>
      <ItemType>1</ItemType>
      <ItemName>לבלו היידרו קייר</ItemName>
      <ManufacturerName>ביירסדורף</ManufacturerName>
      <ManufactureCountry>DE</ManufactureCountry>
      <ManufacturerItemDescription>לבלו היידרו קייר</ManufacturerItemDescription>
      <UnitQty>יחידה</UnitQty>
      <Quantity>1.00</Quantity>
      <bIsWeighted>0</bIsWeighted>
      <UnitOfMeasure>יחידה</UnitOfMeasure>
      <QtyInPackage>0</QtyInPackage>
      <ItemPrice>17.50</ItemPrice>
      <UnitOfMeasurePrice>17.50</UnitOfMeasurePrice>
      <AllowDiscount>1</AllowDiscount>
      <ItemStatus>1</ItemStatus>
    </Item>
    <Item>
      <PriceUpdateDate>2025-01-01 10:05</PriceUpdateDate>
      <ItemCode>4005808692569</ItemCode>
      <ItemType>1</ItemType>
      <ItemName>מוס ניקוי פנים עדין 150מ</ItemName>
      <ManufacturerName>HELLAS BEIERSDORF</ManufacturerName>
      <ManufactureCountry>DE</ManufactureCountry>
      <ManufacturerItemDescription>מוס ניקוי לפנים</ManufacturerItemDescription>
      <UnitQty>מיליליטרים</UnitQty>
      <Quantity>150.00</Quantity>
      <bIsWeighted>0</bIsWeighted>
      <UnitOfMeasure>100 מ"ל</UnitOfMeasure>
      <QtyInPackage>1</QtyInPackage>
      <ItemPrice>40.90</ItemPrice>
      <UnitOfMeasurePrice>27.27</UnitOfMeasurePrice>
      <AllowDiscount>1</AllowDiscount>
      <ItemStatus>1</ItemStatus>
    </Item>
    <Item>
      <PriceUpdateDate>2025-08-28 09:56</PriceUpdateDate>
      <ItemCode>4005808890507</ItemCode>
      <ItemType>1</ItemType>
      <ItemName>קרם לחות רב שימושי 200מל</ItemName>
      <ManufacturerName>BEIERSDORF HELLAS</ManufacturerName>
      <ManufactureCountry>ES</ManufactureCountry>
      <ManufacturerItemDescription>קרם לחות רב שימושי 200מל</ManufacturerItemDescription>
      <UnitQty>מיליליטרים</UnitQty>
      <Quantity>200.00</Quantity>
      <bIsWeighted>0</bIsWeighted>
      <UnitOfMeasure>100 מ"ל</UnitOfMeasure>
      <QtyInPackage>0</QtyInPackage>
      <ItemPrice>24.90</ItemPrice>
      <UnitOfMeasurePrice>12.45</UnitOfMeasurePrice>
      <AllowDiscount>1</AllowDiscount>
      <ItemStatus>1</ItemStatus>
    </Item>
    <Item>
      <PriceUpdateDate>2025-11-27 21:30</PriceUpdateDate>
      <ItemCode>4005808908585</ItemCode>
      <ItemType>1</ItemType>
      <ItemName>דאו.ניוואה פאודר טאץ150מ</ItemName>
      <ManufacturerName>ביירסדורף</ManufacturerName>
      <ManufactureCountry>DE</ManufactureCountry>
      <ManufacturerItemDescription>דאו.ניוואה פאודר טאץ150מ</ManufacturerItemDescription>
      <UnitQty>מיליליטרים</UnitQty>
      <Quantity>150.00</Quantity>
      <bIsWeighted>0</bIsWeighted>
      <UnitOfMeasure>100 מ"ל</UnitOfMeasure>
      <QtyInPackage>0</QtyInPackage>
      <ItemPrice>10.00</ItemPrice>
      <UnitOfMeasurePrice>6.67</UnitOfMeasurePrice>
      <AllowDiscount>1</AllowDiscount>
      <ItemStatus>1</ItemStatus>
    </Item>
    <Item>
      <PriceUpdateDate>2025-12-10 17:10</PriceUpdateDate>
      <ItemCode>4005900036445</ItemCode>
      <ItemType>1</ItemType>
      <ItemName>דאו.ניוואה איניויסיבל50</ItemName>
      <ManufacturerName>HELLAS BEIERSDORF</ManufacturerName>
      <ManufactureCountry>DE</ManufactureCountry>
      <ManufacturerItemDescription>דאו.ניוואה איניויסיבל50</ManufacturerItemDescription>
      <UnitQty>מיליליטרים</UnitQty>
      <Quantity>50.00</Quantity>
      <bIsWeighted>0</bIsWeighted>
      <UnitOfMeasure>100 מ"ל</UnitOfMeasure>
      <QtyInPackage>0</QtyInPackage>
      <ItemPrice>10.00</ItemPrice>
      <UnitOfMeasurePrice>20.00</UnitOfMeasurePrice>
      <AllowDiscount>1</AllowDiscount>
      <ItemStatus>1</ItemStatus>
    </Item>
    <Item>
      <PriceUpdateDate>2025-12-10 17:10</PriceUpdateDate>
      <ItemCode>4005900036476</ItemCode>
      <ItemType>1</ItemType>
      <ItemName>דאו.ניוואה רול און 50מ"ל</ItemName>
      <ManufacturerName>HELLAS BEIERSDORF</ManufacturerName>
      <ManufactureCountry>DE</ManufactureCountry>
      <ManufacturerItemDescription>דאו.ניוואה רול און 50מ"ל</ManufacturerItemDescription>
      <UnitQty>מיליליטרים</UnitQty>
      <Quantity>50.00</Quantity>
      <bIsWeighted>0</bIsWeighted>
      <UnitOfMeasure>100 מ"ל</UnitOfMeasure>
      <QtyInPackage>0</QtyInPackage>
      <ItemPrice>10.00</ItemPrice>
      <UnitOfMeasurePrice>20.00</UnitOfMeasurePrice>
      <AllowDiscount>1</AllowDiscount>
      <ItemStatus>1</ItemStatus>
    </Item>
    <Item>
      <PriceUpdateDate>2025-11-27 21:30</PriceUpdateDate>
      <ItemCode>4005900036483</ItemCode>
      <ItemType>1</ItemType>
      <ItemName>דאו.ניוואה בלק&amp;וייט 150מ</ItemName>
      <ManufacturerName>ביירסדורף</ManufacturerName>
      <ManufactureCountry>DE</ManufactureCountry>
      <ManufacturerItemDescription>דאו.ניוואה בלק&amp;וייט 150מ</ManufacturerItemDescription>
      <UnitQty>מיליליטרים</UnitQty>
      <Quantity>150.00</Quantity>
      <bIsWeighted>0</bIsWeighted>
      <UnitOfMeasure>100 מ"ל</UnitOfMeasure>
      <QtyInPackage>0</QtyInPackage>
      <ItemPrice>10.00</ItemPrice>
      <UnitOfMeasurePrice>6.67</UnitOfMeasurePrice>
      <AllowDiscount>1</AllowDiscount>
      <ItemStatus>1</ItemStatus>
    </Item>
    <Item>
      <PriceUpdateDate>2025-12-10 17:10</PriceUpdateDate>
      <ItemCode>4005900088062</ItemCode>
      <ItemType>1</ItemType>
      <ItemName>ניוואה דאו רול פרש 50מ"ל</ItemName>
      <ManufacturerName>BEIERSDORT</ManufacturerName>
      <ManufactureCountry>DE</ManufactureCountry>
      <ManufacturerItemDescription>ניוואה דאו רול פרש 50מ"ל</ManufacturerItemDescription>
      <UnitQty>מיליליטרים</UnitQty>
      <Quantity>50.00</Quantity>
      <bIsWeighted>0</bIsWeighted>
      <UnitOfMeasure>100 מ"ל</UnitOfMeasure>
      <QtyInPackage>1</QtyInPackage>
      <ItemPrice>10.00</ItemPrice>
      <UnitOfMeasurePrice>20.00</UnitOfMeasurePrice>
      <AllowDiscount>1</AllowDiscount>
      <ItemStatus>1</ItemStatus>
    </Item>
    <Item>
      <PriceUpdateDate>2025-12-10 17:10</PriceUpdateDate>
      <ItemCode>4005900088383</ItemCode>
      <ItemType>1</ItemType>
      <ItemName>דאו רול קומפורט50 מ"ל</ItemName>
      <ManufacturerName>BEIERSDORT</ManufacturerName>
      <ManufactureCountry>DE</ManufactureCountry>
      <ManufacturerItemDescription>דאו רול קומפורט50 מ"ל</ManufacturerItemDescription>
      <UnitQty>מיליליטרים</UnitQty>
      <Quantity>50.00</Quantity>
      <bIsWeighted>0</bIsWeighted>
      <UnitOfMeasure>100 מ"ל</UnitOfMeasure>
      <QtyInPackage>1</QtyInPackage>
      <ItemPrice>10.00</ItemPrice>
      <UnitOfMeasurePrice>20.00</UnitOfMeasurePrice>
      <AllowDiscount>1</AllowDiscount>
      <ItemStatus>1</ItemStatus>
    </Item>
    <Item>
      <PriceUpdateDate>2025-12-10 17:10</PriceUpdateDate>
      <ItemCode>4005900098177</ItemCode>
      <ItemType>1</ItemType>
      <ItemName>ניוואה דאו רול 50מ"ל</ItemName>
      <ManufacturerName>BEIERSDORT</ManufacturerName>
      <ManufactureCountry>DE</ManufactureCountry>
      <ManufacturerItemDescription>ניוואה דאו רול 50מ"ל</ManufacturerItemDescription>
      <UnitQty>מיליליטרים</UnitQty>
      <Quantity>50.00</Quantity>
      <bIsWeighted>0</bIsWeighted>
      <UnitOfMeasure>100 מ"ל</UnitOfMeasure>
      <QtyInPackage>1</QtyInPackage>
      <ItemPrice>10.00</ItemPrice>
      <UnitOfMeasurePrice>20.00</UnitOfMeasurePrice>
      <AllowDiscount>1</AllowDiscount>
      <ItemStatus>1</ItemStatus>
    </Item>
    <Item>
      <PriceUpdateDate>2025-12-10 17:10</PriceUpdateDate>
      <ItemCode>4005900488459</ItemCode>
      <ItemType>1</ItemType>
      <ItemName>דאו.רול דרי פרש לאישה50מ</ItemName>
      <ManufacturerName>ביירסדורץ</ManufacturerName>
      <ManufactureCountry>DE</ManufactureCountry>
      <ManufacturerItemDescription>דאו.רול דרי פרש לאישה50מ</ManufacturerItemDescription>
      <UnitQty>מיליליטרים</UnitQty>
      <Quantity>50.00</Quantity>
      <bIsWeighted>0</bIsWeighted>
      <UnitOfMeasure>100 מ"ל</UnitOfMeasure>
      <QtyInPackage>1</QtyInPackage>
      <ItemPrice>10.00</ItemPrice>
      <UnitOfMeasurePrice>20.00</UnitOfMeasurePrice>
      <AllowDiscount>1</AllowDiscount>
      <ItemStatus>1</ItemStatus>
    </Item>
    <Item>
      <PriceUpdateDate>2025-11-27 21:30</PriceUpdateDate>
      <ItemCode>4005900494900</ItemCode>
      <ItemType>1</ItemType>
      <ItemName>ניוואה דאו ספריי לגבר150</ItemName>
      <ManufacturerName>BEIERSDORT</ManufacturerName>
      <ManufactureCountry>DE</ManufactureCountry>
      <ManufacturerItemDescription>ניוואה דאו ספריי לגבר150</ManufacturerItemDescription>
      <UnitQty>מיליליטרים</UnitQty>
      <Quantity>150.00</Quantity>
      <bIsWeighted>0</bIsWeighted>
      <UnitOfMeasure>100 מ"ל</UnitOfMeasure>
      <QtyInPackage>1</QtyInPackage>
      <ItemPrice>10.00</ItemPrice>
      <UnitOfMeasurePrice>6.67</UnitOfMeasurePrice>
      <AllowDiscount>1</AllowDiscount>
      <ItemStatus>1</ItemStatus>
    </Item>
    <Item>
      <PriceUpdateDate>2025-01-01 10:05</PriceUpdateDate>
      <ItemCode>4005900525017</ItemCode>
      <ItemType>1</ItemType>
      <ItemName>קרם יום למניעת קמטים +45</ItemName>
      <ManufacturerName>---</ManufacturerName>
      <ManufactureCountry>PL</ManufactureCountry>
      <ManufacturerItemDescription>קרם יום למניעת קמטים 45+</ManufacturerItemDescription>
      <UnitQty>מיליליטרים</UnitQty>
      <Quantity>50.00</Quantity>
      <bIsWeighted>0</bIsWeighted>
      <UnitOfMeasure>100 מ"ל</UnitOfMeasure>
      <QtyInPackage>1</QtyInPackage>
      <ItemPrice>101.00</ItemPrice>
      <UnitOfMeasurePrice>202.00</UnitOfMeasurePrice>
      <AllowDiscount>1</AllowDiscount>
      <ItemStatus>1</ItemStatus>
    </Item>
    <Item>
      <PriceUpdateDate>2025-12-10 17:10</PriceUpdateDate>
      <ItemCode>4005900542557</ItemCode>
      <ItemType>1</ItemType>
      <ItemName>דאו.ניוואה בלק&amp;וייט 50 מ</ItemName>
      <ManufacturerName>---</ManufacturerName>
      <ManufactureCountry>DE</ManufactureCountry>
      <ManufacturerItemDescription>דאודורנט ניוואה</ManufacturerItemDescription>
      <UnitQty>מיליליטרים</UnitQty>
      <Quantity>50.00</Quantity>
      <bIsWeighted>0</bIsWeighted>
      <UnitOfMeasure>100 מ"ל</UnitOfMeasure>
      <QtyInPackage>1</QtyInPackage>
      <ItemPrice>10.00</ItemPrice>
      <UnitOfMeasurePrice>20.00</UnitOfMeasurePrice>
      <AllowDiscount>1</AllowDiscount>
      <ItemStatus>1</ItemStatus>
    </Item>
    <Item>
      <PriceUpdateDate>2025-11-27 19:30</PriceUpdateDate>
      <ItemCode>4005900826749</ItemCode>
      <ItemType>1</ItemType>
      <ItemName>היידרה סקין אפקט לחות50מ</ItemName>
      <ManufacturerName>---</ManufacturerName>
      <ManufactureCountry>PL</ManufactureCountry>
      <ManufacturerItemDescription>היידרה סקין אפקט</ManufacturerItemDescription>
      <UnitQty>מיליליטרים</UnitQty>
      <Quantity>50.00</Quantity>
      <bIsWeighted>0</bIsWeighted>
      <UnitOfMeasure>100 מ"ל</UnitOfMeasure>
      <QtyInPackage>1</QtyInPackage>
      <ItemPrice>29.90</ItemPrice>
      <UnitOfMeasurePrice>59.80</UnitOfMeasurePrice>
      <AllowDiscount>1</AllowDiscount>
      <ItemStatus>1</ItemStatus>
    </Item>
    <Item>
      <PriceUpdateDate>2025-12-10 17:10</PriceUpdateDate>
      <ItemCode>4005900828088</ItemCode>
      <ItemType>1</ItemType>
      <ItemName>ניוואה רולאון פרש לגבר50</ItemName>
      <ManufacturerName>HELLAS BEIERSDORF</ManufacturerName>
      <ManufactureCountry>DE</ManufactureCountry>
      <ManufacturerItemDescription>ניוואה רולאון פרש לגבר50</ManufacturerItemDescription>
      <UnitQty>מיליליטרים</UnitQty>
      <Quantity>50.00</Quantity>
      <bIsWeighted>0</bIsWeighted>
      <UnitOfMeasure>100 מ"ל</UnitOfMeasure>
      <QtyInPackage>0</QtyInPackage>
      <ItemPrice>10.00</ItemPrice>
      <UnitOfMeasurePrice>20.00</UnitOfMeasurePrice>
      <AllowDiscount>1</AllowDiscount>
      <ItemStatus>1</ItemStatus>
    </Item>
    <Item>
      <PriceUpdateDate>2025-12-10 17:10</PriceUpdateDate>
      <ItemCode>4005900874962</ItemCode>
      <ItemType>1</ItemType>
      <ItemName>ניוואה רול און דיפ ביט</ItemName>
      <ManufacturerName>HELLAS BEIERSDORF</ManufacturerName>
      <ManufactureCountry>DE</ManufactureCountry>
      <ManufacturerItemDescription>ניוואה רול און דיפ ביט</ManufacturerItemDescription>
      <UnitQty>מיליליטרים</UnitQty>
      <Quantity>50.00</Quantity>
      <bIsWeighted>0</bIsWeighted>
      <UnitOfMeasure>100 מ"ל</UnitOfMeasure>
      <QtyInPackage>1</QtyInPackage>
      <ItemPrice>10.00</ItemPrice>
      <UnitOfMeasurePrice>20.00</UnitOfMeasurePrice>
      <AllowDiscount>1</AllowDiscount>
      <ItemStatus>1</ItemStatus>
    </Item>
    <Item>
      <PriceUpdateDate>2025-11-27 21:30</PriceUpdateDate>
      <ItemCode>4005900987495</ItemCode>
      <ItemType>1</ItemType>
      <ItemName>לבלו שפתון לחות פטל</ItemName>
      <ManufacturerName>HELLAS BEIERSDORF</ManufacturerName>
      <ManufactureCountry>DE</ManufactureCountry>
      <ManufacturerItemDescription>לבלו שפתון לחות פטל</ManufacturerItemDescription>
      <UnitQty>יחידה</UnitQty>
      <Quantity>1.00</Quantity>
      <bIsWeighted>0</bIsWeighted>
      <UnitOfMeasure>יחידה</UnitOfMeasure>
      <QtyInPackage>1</QtyInPackage>
      <ItemPrice>10.00</ItemPrice>
      <UnitOfMeasurePrice>10.00</UnitOfMeasurePrice>
      <AllowDiscount>1</AllowDiscount>
      <ItemStatus>1</ItemStatus>
    </Item>
    <Item>
      <PriceUpdateDate>2025-01-01 10:05</PriceUpdateDate>
      <ItemCode>4006000044361</ItemCode>
      <ItemType>1</ItemType>
      <ItemName>קרם יום נגד קמטים 50 מ"ל</ItemName>
      <ManufacturerName>ביירסדורף</ManufacturerName>
      <ManufactureCountry>PL</ManufactureCountry>
      <ManufacturerItemDescription>קרם יום נגד קמטים 50 מ"ל</ManufacturerItemDescription>
      <UnitQty>מיליליטרים</UnitQty>
      <Quantity>50.00</Quantity>
      <bIsWeighted>0</bIsWeighted>
      <UnitOfMeasure>100 מ"ל</UnitOfMeasure>
      <QtyInPackage>1</QtyInPackage>
      <ItemPrice>92.50</ItemPrice>
      <UnitOfMeasurePrice>185.00</UnitOfMeasurePrice>
      <AllowDiscount>1</AllowDiscount>
      <ItemStatus>1</ItemStatus>
    </Item>
    <Item>
      <PriceUpdateDate>2025-05-22 16:27</PriceUpdateDate>
      <ItemCode>4008400170428</ItemCode>
      <ItemType>1</ItemType>
      <ItemName>בונבונ.לב פררו רושה100ג</ItemName>
      <ManufacturerName>פררו פולין אס.פי. זי.או.</ManufacturerName>
      <ManufactureCountry>PL</ManufactureCountry>
      <ManufacturerItemDescription>בונבונ.לב פררו רושה100ג</ManufacturerItemDescription>
      <UnitQty>גרמים</UnitQty>
      <Quantity>100.00</Quantity>
      <bIsWeighted>0</bIsWeighted>
      <UnitOfMeasure>100 גרם</UnitOfMeasure>
      <QtyInPackage>1</QtyInPackage>
      <ItemPrice>22.90</ItemPrice>
      <UnitOfMeasurePrice>22.90</UnitOfMeasurePrice>
      <AllowDiscount>1</AllowDiscount>
      <ItemStatus>1</ItemStatus>
    </Item>
    <Item>
      <PriceUpdateDate>2025-11-27 21:20</PriceUpdateDate>
      <ItemCode>4008400230726</ItemCode>
      <ItemType>1</ItemType>
      <ItemName>ביצת הפתעה מקסי 100 גרם</ItemName>
      <ManufacturerName>פררו אס.פי.אי</ManufacturerName>
      <ManufactureCountry>BE</ManufactureCountry>
      <ManufacturerItemDescription>ביצת הפתעה מקסי 100 גרם</ManufacturerItemDescription>
      <UnitQty>גרמים</UnitQty>
      <Quantity>100.00</Quantity>
      <bIsWeighted>0</bIsWeighted>
      <UnitOfMeasure>100 גרם</UnitOfMeasure>
      <QtyInPackage>1</QtyInPackage>
      <ItemPrice>22.90</ItemPrice>
      <UnitOfMeasurePrice>22.90</UnitOfMeasurePrice>
      <AllowDiscount>1</AllowDiscount>
      <ItemStatus>1</ItemStatus>
    </Item>
    <Item>
      <PriceUpdateDate>2025-05-12 17:43</PriceUpdateDate>
      <ItemCode>4008600384434</ItemCode>
      <ItemType>1</ItemType>
      <ItemName>נוק זוג מוצצים 0-6</ItemName>
      <ManufacturerName>---</ManufacturerName>
      <ManufactureCountry>DE</ManufactureCountry>
      <ManufacturerItemDescription>נוק זוג מוצצים 0-6</ManufacturerItemDescription>
      <UnitQty>יחידה</UnitQty>
      <Quantity>1.00</Quantity>
      <bIsWeighted>0</bIsWeighted>
      <UnitOfMeasure>יחידה</UnitOfMeasure>
      <QtyInPackage>1</QtyInPackage>
      <ItemPrice>37.90</ItemPrice>
      <UnitOfMeasurePrice>37.90</UnitOfMeasurePrice>
      <AllowDiscount>1</AllowDiscount>
      <ItemStatus>1</ItemStatus>
    </Item>
    <Item>
      <PriceUpdateDate>2024-12-23 17:17</PriceUpdateDate>
      <ItemCode>4009900403023</ItemCode>
      <ItemType>1</ItemType>
      <ItemName>מסטיק אורביט ויט מנטה64ג</ItemName>
      <ManufacturerName>ריגלי פולין</ManufacturerName>
      <ManufactureCountry>PL</ManufactureCountry>
      <ManufacturerItemDescription>מסטיק אורביט ויט מנטה64ג</ManufacturerItemDescription>
      <UnitQty>גרמים</UnitQty>
      <Quantity>64.00</Quantity>
      <bIsWeighted>0</bIsWeighted>
      <UnitOfMeasure>100 גרם</UnitOfMeasure>
      <QtyInPackage>0</QtyInPackage>
      <ItemPrice>13.50</ItemPrice>
      <UnitOfMeasurePrice>21.09</UnitOfMeasurePrice>
      <AllowDiscount>1</AllowDiscount>
      <ItemStatus>1</ItemStatus>
    </Item>
    <Item>
      <PriceUpdateDate>2024-12-23 17:17</PriceUpdateDate>
      <ItemCode>4009900420129</ItemCode>
      <ItemType>1</ItemType>
      <ItemName>אורביט פפרמינט בקבוקון64</ItemName>
      <ManufacturerName>---</ManufacturerName>
      <ManufactureCountry>PL</ManufactureCountry>
      <ManufacturerItemDescription>אורביט פפרמינט בקבוקון64</ManufacturerItemDescription>
      <UnitQty>גרמים</UnitQty>
      <Quantity>64.00</Quantity>
      <bIsWeighted>0</bIsWeighted>
      <UnitOfMeasure>100 גרם</UnitOfMeasure>
      <QtyInPackage>1</QtyInPackage>
      <ItemPrice>13.50</ItemPrice>
      <UnitOfMeasurePrice>21.09</UnitOfMeasurePrice>
      <AllowDiscount>1</AllowDiscount>
      <ItemStatus>1</ItemStatus>
    </Item>
    <Item>
      <PriceUpdateDate>2025-10-27 12:44</PriceUpdateDate>
      <ItemCode>4009900426039</ItemCode>
      <ItemType>1</ItemType>
      <ItemName>מסטיק איירוויבז מנטה64ג</ItemName>
      <ManufacturerName>ריגלי פולין</ManufacturerName>
      <ManufactureCountry>PL</ManufactureCountry>
      <ManufacturerItemDescription>מסטיק איירוויבז מנטה64ג</ManufacturerItemDescription>
      <UnitQty>גרמים</UnitQty>
      <Quantity>64.00</Quantity>
      <bIsWeighted>0</bIsWeighted>
      <UnitOfMeasure>100 גרם</UnitOfMeasure>
      <QtyInPackage>1</QtyInPackage>
      <ItemPrice>13.50</ItemPrice>
      <UnitOfMeasurePrice>21.09</UnitOfMeasurePrice>
      <AllowDiscount>1</AllowDiscount>
      <ItemStatus>1</ItemStatus>
    </Item>
    <Item>
      <PriceUpdateDate>2024-12-23 17:17</PriceUpdateDate>
      <ItemCode>4009900531122</ItemCode>
      <ItemType>1</ItemType>
      <ItemName>מסטיק אורביט ספירמינט64ג</ItemName>
      <ManufacturerName>---</ManufacturerName>
      <ManufactureCountry>PL</ManufactureCountry>
      <ManufacturerItemDescription>מסטיק אורביט ספירמינט64ג</ManufacturerItemDescription>
      <UnitQty>גרמים</UnitQty>
      <Quantity>64.00</Quantity>
      <bIsWeighted>0</bIsWeighted>
      <UnitOfMeasure>100 גרם</UnitOfMeasure>
      <QtyInPackage>1</QtyInPackage>
      <ItemPrice>13.50</ItemPrice>
      <UnitOfMeasurePrice>21.09</UnitOfMeasurePrice>
      <AllowDiscount>1</AllowDiscount>
      <ItemStatus>1</ItemStatus>
    </Item>
    <Item>
      <PriceUpdateDate>2025-11-27 21:30</PriceUpdateDate>
      <ItemCode>4011800567613</ItemCode>
      <ItemType>1</ItemType>
      <ItemName>קורני סנדוויץ שחור לבן4י</ItemName>
      <ManufacturerName>Schwartauer</ManufacturerName>
      <ManufactureCountry>DE</ManufactureCountry>
      <ManufacturerItemDescription>קורני סנדוויץ שחור לבן4י</ManufacturerItemDescription>
      <UnitQty>גרמים</UnitQty>
      <Quantity>120.00</Quantity>
      <bIsWeighted>0</bIsWeighted>
      <UnitOfMeasure>100 גרם</UnitOfMeasure>
      <QtyInPackage>0</QtyInPackage>
      <ItemPrice>13.90</ItemPrice>
      <UnitOfMeasurePrice>11.58</UnitOfMeasurePrice>
      <AllowDiscount>1</AllowDiscount>
      <ItemStatus>1</ItemStatus>
    </Item>
    <Item>
      <PriceUpdateDate>2025-11-27 21:30</PriceUpdateDate>
      <ItemCode>4011800628512</ItemCode>
      <ItemType>1</ItemType>
      <ItemName>קורני חט.דגנים+שוקולד6יח</ItemName>
      <ManufacturerName>Schwartauer</ManufacturerName>
      <ManufactureCountry>DE</ManufactureCountry>
      <ManufacturerItemDescription>קורני חט.דגנים+שוקולד6יח</ManufacturerItemDescription>
      <UnitQty>גרמים</UnitQty>
      <Quantity>150.00</Quantity>
      <bIsWeighted>0</bIsWeighted>
      <UnitOfMeasure>100 גרם</UnitOfMeasure>
      <QtyInPackage>0</QtyInPackage>
      <ItemPrice>13.90</ItemPrice>
      <UnitOfMeasurePrice>9.27</UnitOfMeasurePrice>
      <AllowDiscount>1</AllowDiscount>
      <ItemStatus>1</ItemStatus>
    </Item>
    <Item>
      <PriceUpdateDate>2025-11-27 21:30</PriceUpdateDate>
      <ItemCode>4011800630515</ItemCode>
      <ItemType>1</ItemType>
      <ItemName>קורני 6חט.דגנים+שוק+בננה</ItemName>
      <ManufacturerName>Schwartauer</ManufacturerName>
      <ManufactureCountry>DE</ManufactureCountry>
      <ManufacturerItemDescription>קורני 6חט.דגנים+שוק+בננה</ManufacturerItemDescription>
      <UnitQty>גרמים</UnitQty>
      <Quantity>150.00</Quantity>
      <bIsWeighted>0</bIsWeighted>
      <UnitOfMeasure>100 גרם</UnitOfMeasure>
      <QtyInPackage>0</QtyInPackage>
      <ItemPrice>13.90</ItemPrice>
      <UnitOfMeasurePrice>9.27</UnitOfMeasurePrice>
      <AllowDiscount>1</AllowDiscount>
      <ItemStatus>1</ItemStatus>
    </Item>
    <Item>
      <PriceUpdateDate>2025-11-27 21:30</PriceUpdateDate>
      <ItemCode>4011800633516</ItemCode>
      <ItemType>1</ItemType>
      <ItemName>6קורני+שוק.מריר58% קקאו</ItemName>
      <ManufacturerName>שוורטאוור וורקה</ManufacturerName>
      <ManufactureCountry>DE</ManufactureCountry>
      <ManufacturerItemDescription>6קורני+שוק.מריר58% קקאו</ManufacturerItemDescription>
      <UnitQty>גרמים</UnitQty>
      <Quantity>138.00</Quantity>
      <bIsWeighted>0</bIsWeighted>
      <UnitOfMeasure>100 גרם</UnitOfMeasure>
      <QtyInPackage>0</QtyInPackage>
      <ItemPrice>13.90</ItemPrice>
      <UnitOfMeasurePrice>10.08</UnitOfMeasurePrice>
      <AllowDiscount>1</AllowDiscount>
      <ItemStatus>1</ItemStatus>
    </Item>
    <Item>
      <PriceUpdateDate>2024-12-23 17:26</PriceUpdateDate>
      <ItemCode>4014400907902</ItemCode>
      <ItemType>1</ItemType>
      <ItemName>סוכ.וורטר ל.סוכר בוקס42ג</ItemName>
      <ManufacturerName>שטורק</ManufacturerName>
      <ManufactureCountry>DE</ManufactureCountry>
      <ManufacturerItemDescription>סוכ.וורטר ל.סוכר בוקס42ג</ManufacturerItemDescription>
      <UnitQty>גרמים</UnitQty>
      <Quantity>42.00</Quantity>
      <bIsWeighted>0</bIsWeighted>
      <UnitOfMeasure>100 גרם</UnitOfMeasure>
      <QtyInPackage>0</QtyInPackage>
      <ItemPrice>9.20</ItemPrice>
      <UnitOfMeasurePrice>21.90</UnitOfMeasurePrice>
      <AllowDiscount>1</AllowDiscount>
      <ItemStatus>1</ItemStatus>
    </Item>
    <Item>
      <PriceUpdateDate>2024-12-23 17:26</PriceUpdateDate>
      <ItemCode>4014400914696</ItemCode>
      <ItemType>1</ItemType>
      <ItemName>סוכריות חמאה לל"ס80 ורטר</ItemName>
      <ManufacturerName>אוגוסט שטורק</ManufacturerName>
      <ManufactureCountry>DE</ManufactureCountry>
      <ManufacturerItemDescription>סוכריות חמאה לל"ס80 ורטר</ManufacturerItemDescription>
      <UnitQty>גרמים</UnitQty>
      <Quantity>80.00</Quantity>
      <bIsWeighted>0</bIsWeighted>
      <UnitOfMeasure>100 גרם</UnitOfMeasure>
      <QtyInPackage>0</QtyInPackage>
      <ItemPrice>12.20</ItemPrice>
      <UnitOfMeasurePrice>15.25</UnitOfMeasurePrice>
      <AllowDiscount>1</AllowDiscount>
      <ItemStatus>1</ItemStatus>
    </Item>
    <Item>
      <PriceUpdateDate>2025-12-01 20:20</PriceUpdateDate>
      <ItemCode>4015000280372</ItemCode>
      <ItemType>1</ItemType>
      <ItemName>דאו.רול און FA ספורט 50</ItemName>
      <ManufacturerName>הנקל סוד</ManufacturerName>
      <ManufactureCountry>DE</ManufactureCountry>
      <ManufacturerItemDescription>דאו.רול און FA ספורט 50</ManufacturerItemDescription>
      <UnitQty>מיליליטרים</UnitQty>
      <Quantity>50.00</Quantity>
      <bIsWeighted>0</bIsWeighted>
      <UnitOfMeasure>100 מ"ל</UnitOfMeasure>
      <QtyInPackage>0</QtyInPackage>
      <ItemPrice>10.00</ItemPrice>
      <UnitOfMeasurePrice>20.00</UnitOfMeasurePrice>
      <AllowDiscount>1</AllowDiscount>
      <ItemStatus>1</ItemStatus>
    </Item>
    <Item>
      <PriceUpdateDate>2024-12-23 17:20</PriceUpdateDate>
      <ItemCode>4015100325355</ItemCode>
      <ItemType>1</ItemType>
      <ItemName>צבע קבוע לשיער 4-0 חום</ItemName>
      <ManufacturerName>שוורצקופף &amp; הנקל דיסלדור</ManufacturerName>
      <ManufactureCountry>DE</ManufactureCountry>
      <ManufacturerItemDescription>צבע קבוע לשיער 4-0 חום</ManufacturerItemDescription>
      <UnitQty>יחידה</UnitQty>
      <Quantity>1.00</Quantity>
      <bIsWeighted>0</bIsWeighted>
      <UnitOfMeasure>יחידה</UnitOfMeasure>
      <QtyInPackage>1</QtyInPackage>
      <ItemPrice>42.90</ItemPrice>
      <UnitOfMeasurePrice>42.90</UnitOfMeasurePrice>
      <AllowDiscount>1</AllowDiscount>
      <ItemStatus>1</ItemStatus>
    </Item>
    <Item>
      <PriceUpdateDate>2025-12-15 09:55</PriceUpdateDate>
      <ItemCode>4015400219507</ItemCode>
      <ItemType>1</ItemType>
      <ItemName>טמפקס קומפק נורמל 16יח</ItemName>
      <ManufacturerName>P&amp;G</ManufacturerName>
      <ManufactureCountry>HU</ManufactureCountry>
      <ManufacturerItemDescription>טמפקס קומפק נורמל 16יח</ManufacturerItemDescription>
      <UnitQty>יחידה</UnitQty>
      <Quantity>1.00</Quantity>
      <bIsWeighted>0</bIsWeighted>
      <UnitOfMeasure>יחידה</UnitOfMeasure>
      <QtyInPackage>1</QtyInPackage>
      <ItemPrice>19.90</ItemPrice>
      <UnitOfMeasurePrice>19.90</UnitOfMeasurePrice>
      <AllowDiscount>1</AllowDiscount>
      <ItemStatus>1</ItemStatus>
    </Item>
    <Item>
      <PriceUpdateDate>2025-03-13 14:27</PriceUpdateDate>
      <ItemCode>4015600766986</ItemCode>
      <ItemType>1</ItemType>
      <ItemName>הד&amp;שולדרס 2ב1 טוטאל קר</ItemName>
      <ManufacturerName>PROCTER&amp;GAMBLE</ManufacturerName>
      <ManufactureCountry>RO</ManufactureCountry>
      <ManufacturerItemDescription>הד&amp;שולדרס 2ב1 טוטאל קר</ManufacturerItemDescription>
      <UnitQty>מיליליטרים</UnitQty>
      <Quantity>400.00</Quantity>
      <bIsWeighted>0</bIsWeighted>
      <UnitOfMeasure>100 מ"ל</UnitOfMeasure>
      <QtyInPackage>0</QtyInPackage>
      <ItemPrice>19.90</ItemPrice>
      <UnitOfMeasurePrice>4.98</UnitOfMeasurePrice>
      <AllowDiscount>1</AllowDiscount>
      <ItemStatus>1</ItemStatus>
    </Item>
    <Item>
      <PriceUpdateDate>2025-12-16 16:20</PriceUpdateDate>
      <ItemCode>4045787936452</ItemCode>
      <ItemType>1</ItemType>
      <ItemName>אוסיס באונטי באלם150מל</ItemName>
      <ManufacturerName>HENKEL</ManufacturerName>
      <ManufactureCountry>DE</ManufactureCountry>
      <ManufacturerItemDescription>אוסיס באונטי באלם150מל</ManufacturerItemDescription>
      <UnitQty>מיליליטרים</UnitQty>
      <Quantity>150.00</Quantity>
      <bIsWeighted>0</bIsWeighted>
      <UnitOfMeasure>100 מ"ל</UnitOfMeasure>
      <QtyInPackage>0</QtyInPackage>
      <ItemPrice>69.00</ItemPrice>
      <UnitOfMeasurePrice>46.00</UnitOfMeasurePrice>
      <AllowDiscount>1</AllowDiscount>
      <ItemStatus>1</ItemStatus>
    </Item>
    <Item>
      <PriceUpdateDate>2025-12-16 16:20</PriceUpdateDate>
      <ItemCode>4045787999440</ItemCode>
      <ItemType>1</ItemType>
      <ItemName>אוסיס פריז ספריי</ItemName>
      <ManufacturerName>HENKEL</ManufacturerName>
      <ManufactureCountry>DE</ManufactureCountry>
      <ManufacturerItemDescription>אוסיס פריז ספריי</ManufacturerItemDescription>
      <UnitQty>מיליליטרים</UnitQty>
      <Quantity>500.00</Quantity>
      <bIsWeighted>0</bIsWeighted>
      <UnitOfMeasure>100 מ"ל</UnitOfMeasure>
      <QtyInPackage>0</QtyInPackage>
      <ItemPrice>69.00</ItemPrice>
      <UnitOfMeasurePrice>13.80</UnitOfMeasurePrice>
      <AllowDiscount>1</AllowDiscount>
      <ItemStatus>1</ItemStatus>
    </Item>
    <Item>
      <PriceUpdateDate>2024-12-23 17:18</PriceUpdateDate>
      <ItemCode>4053700292455</ItemCode>
      <ItemType>1</ItemType>
      <ItemName>ויט 12רצועות שעווה צמחית</ItemName>
      <ManufacturerName>רקיט בנקיזר</ManufacturerName>
      <ManufactureCountry>FR</ManufactureCountry>
      <ManufacturerItemDescription>ויט 12רצועות שעווה צמחית</ManufacturerItemDescription>
      <UnitQty>יחידה</UnitQty>
      <Quantity>1.00</Quantity>
      <bIsWeighted>0</bIsWeighted>
      <UnitOfMeasure>יחידה</UnitOfMeasure>
      <QtyInPackage>0</QtyInPackage>
      <ItemPrice>46.90</ItemPrice>
      <UnitOfMeasurePrice>46.90</UnitOfMeasurePrice>
      <AllowDiscount>1</AllowDiscount>
      <ItemStatus>1</ItemStatus>
    </Item>
    <Item>
      <PriceUpdateDate>2024-12-23 17:20</PriceUpdateDate>
      <ItemCode>4056800943739</ItemCode>
      <ItemType>1</ItemType>
      <ItemName>קרם חמצן וולה 6% 60 מ"ל</ItemName>
      <ManufacturerName>אונדל</ManufacturerName>
      <ManufactureCountry>FR</ManufactureCountry>
      <ManufacturerItemDescription>חמצן וולה</ManufacturerItemDescription>
      <UnitQty>מיליליטרים</UnitQty>
      <Quantity>60.00</Quantity>
      <bIsWeighted>0</bIsWeighted>
      <UnitOfMeasure>100 מ"ל</UnitOfMeasure>
      <QtyInPackage>0</QtyInPackage>
      <ItemPrice>7.50</ItemPrice>
      <UnitOfMeasurePrice>12.50</UnitOfMeasurePrice>
      <AllowDiscount>1</AllowDiscount>
      <ItemStatus>1</ItemStatus>
    </Item>
    <Item>
      <PriceUpdateDate>2024-12-23 17:20</PriceUpdateDate>
      <ItemCode>4056800943791</ItemCode>
      <ItemType>1</ItemType>
      <ItemName>חמצן וולה 9% 60 מ"ל</ItemName>
      <ManufacturerName>אונדל</ManufacturerName>
      <ManufactureCountry>FR</ManufactureCountry>
      <ManufacturerItemDescription>חמצן וולה 9% 60 מ"ל</ManufacturerItemDescription>
      <UnitQty>מיליליטרים</UnitQty>
      <Quantity>60.00</Quantity>
      <bIsWeighted>0</bIsWeighted>
      <UnitOfMeasure>100 מ"ל</UnitOfMeasure>
      <QtyInPackage>0</QtyInPackage>
      <ItemPrice>7.50</ItemPrice>
      <UnitOfMeasurePrice>12.50</UnitOfMeasurePrice>
      <AllowDiscount>1</AllowDiscount>
      <ItemStatus>1</ItemStatus>
    </Item>
    <Item>
      <PriceUpdateDate>2025-01-01 10:06</PriceUpdateDate>
      <ItemCode>4059729030542</ItemCode>
      <ItemType>1</ItemType>
      <ItemName>עיפרון גבות 25</ItemName>
      <ManufacturerName>CATRICE</ManufacturerName>
      <ManufactureCountry>DE</ManufactureCountry>
      <ManufacturerItemDescription>עיפרון גבות 25</ManufacturerItemDescription>
      <UnitQty>יחידה</UnitQty>
      <Quantity>1.00</Quantity>
      <bIsWeighted>0</bIsWeighted>
      <UnitOfMeasure>יחידה</UnitOfMeasure>
      <QtyInPackage>0</QtyInPackage>
      <ItemPrice>12.50</ItemPrice>
      <UnitOfMeasurePrice>12.50</UnitOfMeasurePrice>
      <AllowDiscount>1</AllowDiscount>
      <ItemStatus>1</ItemStatus>
    </Item>
    <Item>
      <PriceUpdateDate>2025-06-22 13:18</PriceUpdateDate>
      <ItemCode>4059729034380</ItemCode>
      <ItemType>1</ItemType>
      <ItemName>מייק אפ 32  30 מ"ל</ItemName>
      <ManufacturerName>כללי</ManufacturerName>
      <ManufactureCountry>IL</ManufactureCountry>
      <ManufacturerItemDescription>מייק אפ 32  30 מ"ל</ManufacturerItemDescription>
      <UnitQty>מיליליטרים</UnitQty>
      <Quantity>30.00</Quantity>
      <bIsWeighted>0</bIsWeighted>
      <UnitOfMeasure>100 מ"ל</UnitOfMeasure>
      <QtyInPackage>1</QtyInPackage>
      <ItemPrice>35.50</ItemPrice>
      <UnitOfMeasurePrice>118.33</UnitOfMeasurePrice>
      <AllowDiscount>1</AllowDiscount>
      <ItemStatus>1</ItemStatus>
    </Item>
    <Item>
      <PriceUpdateDate>2025-01-01 10:06</PriceUpdateDate>
      <ItemCode>4059729203274</ItemCode>
      <ItemType>1</ItemType>
      <ItemName>קונסילר נוזלי 048 יח'</ItemName>
      <ManufacturerName>כללי</ManufacturerName>
      <ManufactureCountry>FR</ManufactureCountry>
      <ManufacturerItemDescription>קונסילר נוזלי 048 יח</ManufacturerItemDescription>
      <UnitQty>יחידה</UnitQty>
      <Quantity>1.00</Quantity>
      <bIsWeighted>0</bIsWeighted>
      <UnitOfMeasure>יחידה</UnitOfMeasure>
      <QtyInPackage>1</QtyInPackage>
      <ItemPrice>16.50</ItemPrice>
      <UnitOfMeasurePrice>16.50</UnitOfMeasurePrice>
      <AllowDiscount>1</AllowDiscount>
      <ItemStatus>1</ItemStatus>
    </Item>
    <Item>
      <PriceUpdateDate>2025-01-01 10:06</PriceUpdateDate>
      <ItemCode>4059729222978</ItemCode>
      <ItemType>1</ItemType>
      <ItemName>פריימר 10 ב 1 30 מ"ל</ItemName>
      <ManufacturerName>כללי</ManufacturerName>
      <ManufactureCountry>IL</ManufactureCountry>
      <ManufacturerItemDescription>פריימר 10 ב 1 30 מ"ל</ManufacturerItemDescription>
      <UnitQty>מיליליטרים</UnitQty>
      <Quantity>30.00</Quantity>
      <bIsWeighted>0</bIsWeighted>
      <UnitOfMeasure>100 מ"ל</UnitOfMeasure>
      <QtyInPackage>1</QtyInPackage>
      <ItemPrice>26.90</ItemPrice>
      <UnitOfMeasurePrice>89.67</UnitOfMeasurePrice>
      <AllowDiscount>1</AllowDiscount>
      <ItemStatus>1</ItemStatus>
    </Item>
    <Item>
      <PriceUpdateDate>2024-12-23 17:21</PriceUpdateDate>
      <ItemCode>4059729276667</ItemCode>
      <ItemType>1</ItemType>
      <ItemName>עיפרון תוחם שפתיים 010</ItemName>
      <ManufacturerName>כללי</ManufacturerName>
      <ManufactureCountry>FR</ManufactureCountry>
      <ManufacturerItemDescription>עיפרון תוחם שפתיים 010</ManufacturerItemDescription>
      <UnitQty>יחידה</UnitQty>
      <Quantity>1.00</Quantity>
      <bIsWeighted>0</bIsWeighted>
      <UnitOfMeasure>יחידה</UnitOfMeasure>
      <QtyInPackage>1</QtyInPackage>
      <ItemPrice>11.50</ItemPrice>
      <UnitOfMeasurePrice>11.50</UnitOfMeasurePrice>
      <AllowDiscount>1</AllowDiscount>
      <ItemStatus>1</ItemStatus>
    </Item>
    <Item>
      <PriceUpdateDate>2024-12-23 17:21</PriceUpdateDate>
      <ItemCode>4059729276711</ItemCode>
      <ItemType>1</ItemType>
      <ItemName>עיפרון תוחם שפתיים 060</ItemName>
      <ManufacturerName>כללי</ManufacturerName>
      <ManufactureCountry>FR</ManufactureCountry>
      <ManufacturerItemDescription>עיפרון תוחם שפתיים 060</ManufacturerItemDescription>
      <UnitQty>יחידה</UnitQty>
      <Quantity>1.00</Quantity>
      <bIsWeighted>0</bIsWeighted>
      <UnitOfMeasure>יחידה</UnitOfMeasure>
      <QtyInPackage>1</QtyInPackage>
      <ItemPrice>11.50</ItemPrice>
      <UnitOfMeasurePrice>11.50</UnitOfMeasurePrice>
      <AllowDiscount>1</AllowDiscount>
      <ItemStatus>1</ItemStatus>
    </Item>
    <Item>
      <PriceUpdateDate>2024-12-10 10:20</PriceUpdateDate>
      <ItemCode>4059729276759</ItemCode>
      <ItemType>1</ItemType>
      <ItemName>עיפרון תוחם שפתיים 100</ItemName>
      <ManufacturerName>כללי</ManufacturerName>
      <ManufactureCountry>FR</ManufactureCountry>
      <ManufacturerItemDescription>עיפרון תוחם שפתיים 100</ManufacturerItemDescription>
      <UnitQty>יחידה</UnitQty>
      <Quantity>1.00</Quantity>
      <bIsWeighted>0</bIsWeighted>
      <UnitOfMeasure>יחידה</UnitOfMeasure>
      <QtyInPackage>1</QtyInPackage>
      <ItemPrice>11.50</ItemPrice>
      <UnitOfMeasurePrice>11.50</UnitOfMeasurePrice>
      <AllowDiscount>1</AllowDiscount>
      <ItemStatus>1</ItemStatus>
    </Item>
    <Item>
      <PriceUpdateDate>2025-10-27 12:46</PriceUpdateDate>
      <ItemCode>4059729277114</ItemCode>
      <ItemType>1</ItemType>
      <ItemName>קונסילר 032 True Skin</ItemName>
      <ManufacturerName>כללי</ManufacturerName>
      <ManufactureCountry>IT</ManufactureCountry>
      <ManufacturerItemDescription>קונסילר 032 True Skin</ManufacturerItemDescription>
      <UnitQty>יחידה</UnitQty>
      <Quantity>1.00</Quantity>
      <bIsWeighted>0</bIsWeighted>
      <UnitOfMeasure>יחידה</UnitOfMeasure>
      <QtyInPackage>0</QtyInPackage>
      <ItemPrice>18.00</ItemPrice>
      <UnitOfMeasurePrice>18.00</UnitOfMeasurePrice>
      <AllowDiscount>1</AllowDiscount>
      <ItemStatus>1</ItemStatus>
    </Item>
    <Item>
      <PriceUpdateDate>2024-10-18 05:37</PriceUpdateDate>
      <ItemCode>4059729281975</ItemCode>
      <ItemType>1</ItemType>
      <ItemName>קונסילר Skin True 015</ItemName>
      <ManufacturerName>CATRICE</ManufacturerName>
      <ManufactureCountry>IT</ManufactureCountry>
      <ManufacturerItemDescription>קונסילר 015 True Skin</ManufacturerItemDescription>
      <UnitQty>יחידה</UnitQty>
      <Quantity>1.00</Quantity>
      <bIsWeighted>0</bIsWeighted>
      <UnitOfMeasure>יחידה</UnitOfMeasure>
      <QtyInPackage>0</QtyInPackage>
      <ItemPrice>18.00</ItemPrice>
      <UnitOfMeasurePrice>18.00</UnitOfMeasurePrice>
      <AllowDiscount>1</AllowDiscount>
      <ItemStatus>1</ItemStatus>
    </Item>
    <Item>
      <PriceUpdateDate>2025-01-01 10:06</PriceUpdateDate>
      <ItemCode>4059729329783</ItemCode>
      <ItemType>1</ItemType>
      <ItemName>מסקרה לעיניים רגישות</ItemName>
      <ManufacturerName>כללי</ManufacturerName>
      <ManufactureCountry>LU</ManufactureCountry>
      <ManufacturerItemDescription>מסקרה לעיניים רגישות</ManufacturerItemDescription>
      <UnitQty>יחידה</UnitQty>
      <Quantity>1.00</Quantity>
      <bIsWeighted>0</bIsWeighted>
      <UnitOfMeasure>יחידה</UnitOfMeasure>
      <QtyInPackage>0</QtyInPackage>
      <ItemPrice>19.50</ItemPrice>
      <UnitOfMeasurePrice>19.50</UnitOfMeasurePrice>
      <AllowDiscount>1</AllowDiscount>
      <ItemStatus>1</ItemStatus>
    </Item>
    <Item>
      <PriceUpdateDate>2025-03-13 14:32</PriceUpdateDate>
      <ItemCode>4059729355553</ItemCode>
      <ItemType>1</ItemType>
      <ItemName>שפתון עם חומצה היאלרונית</ItemName>
      <ManufacturerName>CATRICE</ManufacturerName>
      <ManufactureCountry>PL</ManufactureCountry>
      <ManufacturerItemDescription>שפתון עם חומצה היאלרונית</ManufacturerItemDescription>
      <UnitQty>יחידה</UnitQty>
      <Quantity>1.00</Quantity>
      <bIsWeighted>0</bIsWeighted>
      <UnitOfMeasure>יחידה</UnitOfMeasure>
      <QtyInPackage>1</QtyInPackage>
      <ItemPrice>22.50</ItemPrice>
      <UnitOfMeasurePrice>22.50</UnitOfMeasurePrice>
      <AllowDiscount>1</AllowDiscount>
      <ItemStatus>1</ItemStatus>
    </Item>
    <Item>
      <PriceUpdateDate>2024-12-23 17:46</PriceUpdateDate>
      <ItemCode>4059729357823</ItemCode>
      <ItemType>1</ItemType>
      <ItemName>ג'ל לגבות 010 יח'</ItemName>
      <ManufacturerName>CATRICE</ManufacturerName>
      <ManufactureCountry>CN</ManufactureCountry>
      <ManufacturerItemDescription>גל לגבות 010 יח</ManufacturerItemDescription>
      <UnitQty>יחידה</UnitQty>
      <Quantity>1.00</Quantity>
      <bIsWeighted>0</bIsWeighted>
      <UnitOfMeasure>יחידה</UnitOfMeasure>
      <QtyInPackage>1</QtyInPackage>
      <ItemPrice>19.50</ItemPrice>
      <UnitOfMeasurePrice>19.50</UnitOfMeasurePrice>
      <AllowDiscount>1</AllowDiscount>
      <ItemStatus>1</ItemStatus>
    </Item>
    <Item>
      <PriceUpdateDate>2024-12-23 17:21</PriceUpdateDate>
      <ItemCode>4059729376473</ItemCode>
      <ItemType>1</ItemType>
      <ItemName>סומק במגוון גוונים</ItemName>
      <ManufacturerName>כללי</ManufacturerName>
      <ManufactureCountry>PL</ManufactureCountry>
      <ManufacturerItemDescription>סומק בגוון 120</ManufacturerItemDescription>
      <UnitQty>יחידה</UnitQty>
      <Quantity>1.00</Quantity>
      <bIsWeighted>0</bIsWeighted>
      <UnitOfMeasure>יחידה</UnitOfMeasure>
      <QtyInPackage>0</QtyInPackage>
      <ItemPrice>16.50</ItemPrice>
      <UnitOfMeasurePrice>16.50</UnitOfMeasurePrice>
      <AllowDiscount>1</AllowDiscount>
      <ItemStatus>1</ItemStatus>
    </Item>
    <Item>
      <PriceUpdateDate>2025-01-01 10:06</PriceUpdateDate>
      <ItemCode>4059729393487</ItemCode>
      <ItemType>1</ItemType>
      <ItemName>עפרון גבות 30</ItemName>
      <ManufacturerName>CATRICE</ManufacturerName>
      <ManufactureCountry>PL</ManufactureCountry>
      <ManufacturerItemDescription>עפרון גבות 30</ManufacturerItemDescription>
      <UnitQty>יחידה</UnitQty>
      <Quantity>1.00</Quantity>
      <bIsWeighted>0</bIsWeighted>
      <UnitOfMeasure>יחידה</UnitOfMeasure>
      <QtyInPackage>0</QtyInPackage>
      <ItemPrice>20.50</ItemPrice>
      <UnitOfMeasurePrice>20.50</UnitOfMeasurePrice>
      <AllowDiscount>1</AllowDiscount>
      <ItemStatus>1</ItemStatus>
    </Item>
    <Item>
      <PriceUpdateDate>2025-03-07 08:35</PriceUpdateDate>
      <ItemCode>4059729393784</ItemCode>
      <ItemType>1</ItemType>
      <ItemName>פודרה 18H מט 20</ItemName>
      <ManufacturerName>CATRICE</ManufacturerName>
      <ManufactureCountry>IT</ManufactureCountry>
      <ManufacturerItemDescription>פודרה 18H מט 20</ManufacturerItemDescription>
      <UnitQty>יחידה</UnitQty>
      <Quantity>1.00</Quantity>
      <bIsWeighted>0</bIsWeighted>
      <UnitOfMeasure>יחידה</UnitOfMeasure>
      <QtyInPackage>0</QtyInPackage>
      <ItemPrice>26.00</ItemPrice>
      <UnitOfMeasurePrice>26.00</UnitOfMeasurePrice>
      <AllowDiscount>1</AllowDiscount>
      <ItemStatus>1</ItemStatus>
    </Item>
    <Item>
      <PriceUpdateDate>2025-01-01 10:06</PriceUpdateDate>
      <ItemCode>4059729401427</ItemCode>
      <ItemType>1</ItemType>
      <ItemName>שפתון נוזלי 10</ItemName>
      <ManufacturerName>CATRICE</ManufacturerName>
      <ManufactureCountry>LU</ManufactureCountry>
      <ManufacturerItemDescription>שפתון נוזלי 10</ManufacturerItemDescription>
      <UnitQty>יחידה</UnitQty>
      <Quantity>1.00</Quantity>
      <bIsWeighted>0</bIsWeighted>
      <UnitOfMeasure>יחידה</UnitOfMeasure>
      <QtyInPackage>0</QtyInPackage>
      <ItemPrice>17.50</ItemPrice>
      <UnitOfMeasurePrice>17.50</UnitOfMeasurePrice>
      <AllowDiscount>1</AllowDiscount>
      <ItemStatus>1</ItemStatus>
    </Item>
    <Item>
      <PriceUpdateDate>2025-01-01 10:06</PriceUpdateDate>
      <ItemCode>4059729419095</ItemCode>
      <ItemType>1</ItemType>
      <ItemName>מבהיר עיניים 01</ItemName>
      <ManufacturerName>CATRICE</ManufacturerName>
      <ManufactureCountry>PL</ManufactureCountry>
      <ManufacturerItemDescription>מבהיר עיניים 01</ManufacturerItemDescription>
      <UnitQty>יחידה</UnitQty>
      <Quantity>1.00</Quantity>
      <bIsWeighted>0</bIsWeighted>
      <UnitOfMeasure>יחידה</UnitOfMeasure>
      <QtyInPackage>0</QtyInPackage>
      <ItemPrice>19.50</ItemPrice>
      <UnitOfMeasurePrice>19.50</UnitOfMeasurePrice>
      <AllowDiscount>1</AllowDiscount>
      <ItemStatus>1</ItemStatus>
    </Item>
    <Item>
      <PriceUpdateDate>2025-01-01 10:06</PriceUpdateDate>
      <ItemCode>4059729419552</ItemCode>
      <ItemType>1</ItemType>
      <ItemName>שפתון נוזלי 10</ItemName>
      <ManufacturerName>CATRICE</ManufacturerName>
      <ManufactureCountry>PL</ManufactureCountry>
      <ManufacturerItemDescription>שפתון נוזלי 10</ManufacturerItemDescription>
      <UnitQty>יחידה</UnitQty>
      <Quantity>1.00</Quantity>
      <bIsWeighted>0</bIsWeighted>
      <UnitOfMeasure>יחידה</UnitOfMeasure>
      <QtyInPackage>0</QtyInPackage>
      <ItemPrice>17.50</ItemPrice>
      <UnitOfMeasurePrice>17.50</UnitOfMeasurePrice>
      <AllowDiscount>1</AllowDiscount>
      <ItemStatus>1</ItemStatus>
    </Item>
    <Item>
      <PriceUpdateDate>2025-01-01 10:06</PriceUpdateDate>
      <ItemCode>4059729419606</ItemCode>
      <ItemType>1</ItemType>
      <ItemName>ליפגלוס 10</ItemName>
      <ManufacturerName>CATRICE</ManufacturerName>
      <ManufactureCountry>IT</ManufactureCountry>
      <ManufacturerItemDescription>ליפגלוס</ManufacturerItemDescription>
      <UnitQty>יחידה</UnitQty>
      <Quantity>1.00</Quantity>
      <bIsWeighted>0</bIsWeighted>
      <UnitOfMeasure>יחידה</UnitOfMeasure>
      <QtyInPackage>0</QtyInPackage>
      <ItemPrice>18.50</ItemPrice>
      <UnitOfMeasurePrice>18.50</UnitOfMeasurePrice>
      <AllowDiscount>1</AllowDiscount>
      <ItemStatus>1</ItemStatus>
    </Item>
    <Item>
      <PriceUpdateDate>2025-01-01 10:06</PriceUpdateDate>
      <ItemCode>4059729419637</ItemCode>
      <ItemType>1</ItemType>
      <ItemName>ליפגלוס 40</ItemName>
      <ManufacturerName>CATRICE</ManufacturerName>
      <ManufactureCountry>IT</ManufactureCountry>
      <ManufacturerItemDescription>ליפגלוס</ManufacturerItemDescription>
      <UnitQty>יחידה</UnitQty>
      <Quantity>1.00</Quantity>
      <bIsWeighted>0</bIsWeighted>
      <UnitOfMeasure>יחידה</UnitOfMeasure>
      <QtyInPackage>0</QtyInPackage>
      <ItemPrice>18.50</ItemPrice>
      <UnitOfMeasurePrice>18.50</UnitOfMeasurePrice>
      <AllowDiscount>1</AllowDiscount>
      <ItemStatus>1</ItemStatus>
    </Item>
    <Item>
      <PriceUpdateDate>2025-03-07 08:35</PriceUpdateDate>
      <ItemCode>4059729445414</ItemCode>
      <ItemType>1</ItemType>
      <ItemName>שפתון 30</ItemName>
      <ManufacturerName>CATRICE</ManufacturerName>
      <ManufactureCountry>IT</ManufactureCountry>
      <ManufacturerItemDescription>שפתון 30</ManufacturerItemDescription>
      <UnitQty>יחידה</UnitQty>
      <Quantity>1.00</Quantity>
      <bIsWeighted>0</bIsWeighted>
      <UnitOfMeasure>יחידה</UnitOfMeasure>
      <QtyInPackage>0</QtyInPackage>
      <ItemPrice>17.00</ItemPrice>
      <UnitOfMeasurePrice>17.00</UnitOfMeasurePrice>
      <AllowDiscount>1</AllowDiscount>
      <ItemStatus>1</ItemStatus>
    </Item>
    <Item>
      <PriceUpdateDate>2025-03-07 08:35</PriceUpdateDate>
      <ItemCode>4059729487926</ItemCode>
      <ItemType>1</ItemType>
      <ItemName>פלטת צלליות Peony</ItemName>
      <ManufacturerName>CATRICE</ManufacturerName>
      <ManufactureCountry>CN</ManufactureCountry>
      <ManufacturerItemDescription>פלטת צלליות Peony</ManufacturerItemDescription>
      <UnitQty>יחידה</UnitQty>
      <Quantity>1.00</Quantity>
      <bIsWeighted>0</bIsWeighted>
      <UnitOfMeasure>יחידה</UnitOfMeasure>
      <QtyInPackage>0</QtyInPackage>
      <ItemPrice>26.00</ItemPrice>
      <UnitOfMeasurePrice>26.00</UnitOfMeasurePrice>
      <AllowDiscount>1</AllowDiscount>
      <ItemStatus>1</ItemStatus>
    </Item>
    <Item>
      <PriceUpdateDate>2025-03-07 08:35</PriceUpdateDate>
      <ItemCode>4059729488152</ItemCode>
      <ItemType>1</ItemType>
      <ItemName>עפרון לגבות 70</ItemName>
      <ManufacturerName>CATRICE</ManufacturerName>
      <ManufactureCountry>ES</ManufactureCountry>
      <ManufacturerItemDescription>עפרון לגבות 70</ManufacturerItemDescription>
      <UnitQty>יחידה</UnitQty>
      <Quantity>1.00</Quantity>
      <bIsWeighted>0</bIsWeighted>
      <UnitOfMeasure>יחידה</UnitOfMeasure>
      <QtyInPackage>0</QtyInPackage>
      <ItemPrice>11.00</ItemPrice>
      <UnitOfMeasurePrice>11.00</UnitOfMeasurePrice>
      <AllowDiscount>1</AllowDiscount>
      <ItemStatus>1</ItemStatus>
    </Item>
    <Item>
      <PriceUpdateDate>2025-03-07 08:35</PriceUpdateDate>
      <ItemCode>4059729489043</ItemCode>
      <ItemType>1</ItemType>
      <ItemName>סומק קרם &amp; פודרה</ItemName>
      <ManufacturerName>CATRICE</ManufacturerName>
      <ManufactureCountry>IT</ManufactureCountry>
      <ManufacturerItemDescription>סומק קרם &amp; פודרה</ManufacturerItemDescription>
      <UnitQty>יחידה</UnitQty>
      <Quantity>1.00</Quantity>
      <bIsWeighted>0</bIsWeighted>
      <UnitOfMeasure>יחידה</UnitOfMeasure>
      <QtyInPackage>0</QtyInPackage>
      <ItemPrice>23.00</ItemPrice>
      <UnitOfMeasurePrice>23.00</UnitOfMeasurePrice>
      <AllowDiscount>1</AllowDiscount>
      <ItemStatus>1</ItemStatus>
    </Item>
    <Item>
      <PriceUpdateDate>2025-05-16 05:41</PriceUpdateDate>
      <ItemCode>4059729496294</ItemCode>
      <ItemType>1</ItemType>
      <ItemName>סומק נוזלי C02</ItemName>
      <ManufacturerName>COSNOVA</ManufacturerName>
      <ManufactureCountry>CN</ManufactureCountry>
      <ManufacturerItemDescription>סומק נוזלי C02</ManufacturerItemDescription>
      <UnitQty>יחידה</UnitQty>
      <Quantity>1.00</Quantity>
      <bIsWeighted>0</bIsWeighted>
      <UnitOfMeasure>יחידה</UnitOfMeasure>
      <QtyInPackage>1</QtyInPackage>
      <ItemPrice>27.00</ItemPrice>
      <UnitOfMeasurePrice>27.00</UnitOfMeasurePrice>
      <AllowDiscount>1</AllowDiscount>
      <ItemStatus>1</ItemStatus>
    </Item>
    <Item>
      <PriceUpdateDate>2025-10-24 05:40</PriceUpdateDate>
      <ItemCode>4059729514424</ItemCode>
      <ItemType>1</ItemType>
      <ItemName>מסקרה שחורה 10</ItemName>
      <ManufacturerName>CATRICE</ManufacturerName>
      <ManufactureCountry>IT</ManufactureCountry>
      <ManufacturerItemDescription>מסקרה שחורה 10</ManufacturerItemDescription>
      <UnitQty>יחידה</UnitQty>
      <Quantity>1.00</Quantity>
      <bIsWeighted>0</bIsWeighted>
      <UnitOfMeasure>יחידה</UnitOfMeasure>
      <QtyInPackage>0</QtyInPackage>
      <ItemPrice>26.00</ItemPrice>
      <UnitOfMeasurePrice>26.00</UnitOfMeasurePrice>
      <AllowDiscount>1</AllowDiscount>
      <ItemStatus>1</ItemStatus>
    </Item>
    <Item>
      <PriceUpdateDate>2025-03-07 08:35</PriceUpdateDate>
      <ItemCode>4059729514462</ItemCode>
      <ItemType>1</ItemType>
      <ItemName>איילינר שחור</ItemName>
      <ManufacturerName>CATRICE</ManufacturerName>
      <ManufactureCountry>CN</ManufactureCountry>
      <ManufacturerItemDescription>איילינר שחור</ManufacturerItemDescription>
      <UnitQty>יחידה</UnitQty>
      <Quantity>1.00</Quantity>
      <bIsWeighted>0</bIsWeighted>
      <UnitOfMeasure>יחידה</UnitOfMeasure>
      <QtyInPackage>0</QtyInPackage>
      <ItemPrice>15.00</ItemPrice>
      <UnitOfMeasurePrice>15.00</UnitOfMeasurePrice>
      <AllowDiscount>1</AllowDiscount>
      <ItemStatus>1</ItemStatus>
    </Item>
    <Item>
      <PriceUpdateDate>2025-03-07 08:35</PriceUpdateDate>
      <ItemCode>4059729514899</ItemCode>
      <ItemType>1</ItemType>
      <ItemName>סומק סטיק 10</ItemName>
      <ManufacturerName>CATRICE</ManufacturerName>
      <ManufactureCountry>IT</ManufactureCountry>
      <ManufacturerItemDescription>סומק סטיק 10</ManufacturerItemDescription>
      <UnitQty>יחידה</UnitQty>
      <Quantity>1.00</Quantity>
      <bIsWeighted>0</bIsWeighted>
      <UnitOfMeasure>יחידה</UnitOfMeasure>
      <QtyInPackage>0</QtyInPackage>
      <ItemPrice>22.00</ItemPrice>
      <UnitOfMeasurePrice>22.00</UnitOfMeasurePrice>
      <AllowDiscount>1</AllowDiscount>
      <ItemStatus>1</ItemStatus>
    </Item>
    <Item>
      <PriceUpdateDate>2025-03-07 08:35</PriceUpdateDate>
      <ItemCode>4059729514950</ItemCode>
      <ItemType>1</ItemType>
      <ItemName>סומק סטיק 50</ItemName>
      <ManufacturerName>CATRICE</ManufacturerName>
      <ManufactureCountry>IT</ManufactureCountry>
      <ManufacturerItemDescription>סומק סטיק 50</ManufacturerItemDescription>
      <UnitQty>יחידה</UnitQty>
      <Quantity>1.00</Quantity>
      <bIsWeighted>0</bIsWeighted>
      <UnitOfMeasure>יחידה</UnitOfMeasure>
      <QtyInPackage>0</QtyInPackage>
      <ItemPrice>22.00</ItemPrice>
      <UnitOfMeasurePrice>22.00</UnitOfMeasurePrice>
      <AllowDiscount>1</AllowDiscount>
      <ItemStatus>1</ItemStatus>
    </Item>
    <Item>
      <PriceUpdateDate>2025-03-07 08:35</PriceUpdateDate>
      <ItemCode>4059729514974</ItemCode>
      <ItemType>1</ItemType>
      <ItemName>סומק סטיק 30</ItemName>
      <ManufacturerName>CATRICE</ManufacturerName>
      <ManufactureCountry>IT</ManufactureCountry>
      <ManufacturerItemDescription>סומק סטיק 30</ManufacturerItemDescription>
      <UnitQty>יחידה</UnitQty>
      <Quantity>1.00</Quantity>
      <bIsWeighted>0</bIsWeighted>
      <UnitOfMeasure>יחידה</UnitOfMeasure>
      <QtyInPackage>0</QtyInPackage>
      <ItemPrice>22.00</ItemPrice>
      <UnitOfMeasurePrice>22.00</UnitOfMeasurePrice>
      <AllowDiscount>1</AllowDiscount>
      <ItemStatus>1</ItemStatus>
    </Item>
    <Item>
      <PriceUpdateDate>2025-03-07 08:35</PriceUpdateDate>
      <ItemCode>4059729514998</ItemCode>
      <ItemType>1</ItemType>
      <ItemName>צללית הייליט</ItemName>
      <ManufacturerName>CATRICE</ManufacturerName>
      <ManufactureCountry>CN</ManufactureCountry>
      <ManufacturerItemDescription>צללית הייליט</ManufacturerItemDescription>
      <UnitQty>יחידה</UnitQty>
      <Quantity>1.00</Quantity>
      <bIsWeighted>0</bIsWeighted>
      <UnitOfMeasure>יחידה</UnitOfMeasure>
      <QtyInPackage>0</QtyInPackage>
      <ItemPrice>22.00</ItemPrice>
      <UnitOfMeasurePrice>22.00</UnitOfMeasurePrice>
      <AllowDiscount>1</AllowDiscount>
      <ItemStatus>1</ItemStatus>
    </Item>
    <Item>
      <PriceUpdateDate>2025-03-07 08:35</PriceUpdateDate>
      <ItemCode>4059729515018</ItemCode>
      <ItemType>1</ItemType>
      <ItemName>הייליטר 40</ItemName>
      <ManufacturerName>CATRICE</ManufacturerName>
      <ManufactureCountry>CN</ManufactureCountry>
      <ManufacturerItemDescription>הייליטר 40</ManufacturerItemDescription>
      <UnitQty>יחידה</UnitQty>
      <Quantity>1.00</Quantity>
      <bIsWeighted>0</bIsWeighted>
      <UnitOfMeasure>יחידה</UnitOfMeasure>
      <QtyInPackage>0</QtyInPackage>
      <ItemPrice>17.00</ItemPrice>
      <UnitOfMeasurePrice>17.00</UnitOfMeasurePrice>
      <AllowDiscount>1</AllowDiscount>
      <ItemStatus>1</ItemStatus>
    </Item>
    <Item>
      <PriceUpdateDate>2025-03-07 08:35</PriceUpdateDate>
      <ItemCode>4059729515179</ItemCode>
      <ItemType>1</ItemType>
      <ItemName>סומק 140</ItemName>
      <ManufacturerName>CATRICE</ManufacturerName>
      <ManufactureCountry>PL</ManufactureCountry>
      <ManufacturerItemDescription>סומק 140</ManufacturerItemDescription>
      <UnitQty>יחידה</UnitQty>
      <Quantity>1.00</Quantity>
      <bIsWeighted>0</bIsWeighted>
      <UnitOfMeasure>יחידה</UnitOfMeasure>
      <QtyInPackage>0</QtyInPackage>
      <ItemPrice>16.00</ItemPrice>
      <UnitOfMeasurePrice>16.00</UnitOfMeasurePrice>
      <AllowDiscount>1</AllowDiscount>
      <ItemStatus>1</ItemStatus>
    </Item>
    <Item>
      <PriceUpdateDate>2025-03-07 08:35</PriceUpdateDate>
      <ItemCode>4059729515438</ItemCode>
      <ItemType>1</ItemType>
      <ItemName>שמן שפתיים 70</ItemName>
      <ManufacturerName>CATRICE</ManufacturerName>
      <ManufactureCountry>IT</ManufactureCountry>
      <ManufacturerItemDescription>שמן שפתיים 70</ManufacturerItemDescription>
      <UnitQty>יחידה</UnitQty>
      <Quantity>1.00</Quantity>
      <bIsWeighted>0</bIsWeighted>
      <UnitOfMeasure>יחידה</UnitOfMeasure>
      <QtyInPackage>0</QtyInPackage>
      <ItemPrice>18.00</ItemPrice>
      <UnitOfMeasurePrice>18.00</UnitOfMeasurePrice>
      <AllowDiscount>1</AllowDiscount>
      <ItemStatus>1</ItemStatus>
    </Item>
    <Item>
      <PriceUpdateDate>2025-03-07 08:35</PriceUpdateDate>
      <ItemCode>4059729515612</ItemCode>
      <ItemType>1</ItemType>
      <ItemName>שפתון חמאתי 40</ItemName>
      <ManufacturerName>CATRICE</ManufacturerName>
      <ManufactureCountry>PL</ManufactureCountry>
      <ManufacturerItemDescription>שפתון חמאתי 40</ManufacturerItemDescription>
      <UnitQty>יחידה</UnitQty>
      <Quantity>1.00</Quantity>
      <bIsWeighted>0</bIsWeighted>
      <UnitOfMeasure>יחידה</UnitOfMeasure>
      <QtyInPackage>0</QtyInPackage>
      <ItemPrice>15.00</ItemPrice>
      <UnitOfMeasurePrice>15.00</UnitOfMeasurePrice>
      <AllowDiscount>1</AllowDiscount>
      <ItemStatus>1</ItemStatus>
    </Item>
    <Item>
      <PriceUpdateDate>2025-03-07 08:35</PriceUpdateDate>
      <ItemCode>4059729516008</ItemCode>
      <ItemType>1</ItemType>
      <ItemName>תוחם ושפתון 40</ItemName>
      <ManufacturerName>CATRICE</ManufacturerName>
      <ManufactureCountry>CN</ManufactureCountry>
      <ManufacturerItemDescription>תוחם ושפתון 40</ManufacturerItemDescription>
      <UnitQty>יחידה</UnitQty>
      <Quantity>1.00</Quantity>
      <bIsWeighted>0</bIsWeighted>
      <UnitOfMeasure>יחידה</UnitOfMeasure>
      <QtyInPackage>0</QtyInPackage>
      <ItemPrice>17.00</ItemPrice>
      <UnitOfMeasurePrice>17.00</UnitOfMeasurePrice>
      <AllowDiscount>1</AllowDiscount>
      <ItemStatus>1</ItemStatus>
    </Item>
    <Item>
      <PriceUpdateDate>2025-12-12 05:42</PriceUpdateDate>
      <ItemCode>4059729533685</ItemCode>
      <ItemType>1</ItemType>
      <ItemName>ליפגלוס שקוף עם נצנצים</ItemName>
      <ManufacturerName />
      <ManufactureCountry />
      <ManufacturerItemDescription>ליפגלוס שקוף עם נצנצים</ManufacturerItemDescription>
      <UnitQty>יחידה</UnitQty>
      <Quantity>1.00</Quantity>
      <bIsWeighted>0</bIsWeighted>
      <UnitOfMeasure>יחידה</UnitOfMeasure>
      <QtyInPackage>0</QtyInPackage>
      <ItemPrice>22.00</ItemPrice>
      <UnitOfMeasurePrice>22.00</UnitOfMeasurePrice>
      <AllowDiscount>1</AllowDiscount>
      <ItemStatus>1</ItemStatus>
    </Item>
    <Item>
      <PriceUpdateDate>2025-10-24 05:40</PriceUpdateDate>
      <ItemCode>4059729540034</ItemCode>
      <ItemType>1</ItemType>
      <ItemName>מסקרה שחורה 30</ItemName>
      <ManufacturerName>CATRICE</ManufacturerName>
      <ManufactureCountry>IT</ManufactureCountry>
      <ManufacturerItemDescription>מסקרה שחורה 30</ManufacturerItemDescription>
      <UnitQty>יחידה</UnitQty>
      <Quantity>1.00</Quantity>
      <bIsWeighted>0</bIsWeighted>
      <UnitOfMeasure>יחידה</UnitOfMeasure>
      <QtyInPackage>0</QtyInPackage>
      <ItemPrice>26.00</ItemPrice>
      <UnitOfMeasurePrice>26.00</UnitOfMeasurePrice>
      <AllowDiscount>1</AllowDiscount>
      <ItemStatus>1</ItemStatus>
    </Item>
    <Item>
      <PriceUpdateDate>2025-01-01 10:05</PriceUpdateDate>
      <ItemCode>4064665205817</ItemCode>
      <ItemType>1</ItemType>
      <ItemName>מחזק ציפורניים נייל אנוי</ItemName>
      <ManufacturerName>OPI</ManufacturerName>
      <ManufactureCountry>US</ManufactureCountry>
      <ManufacturerItemDescription>מחזק ציפורניים נייל אנוי</ManufacturerItemDescription>
      <UnitQty>יחידה</UnitQty>
      <Quantity>1.00</Quantity>
      <bIsWeighted>0</bIsWeighted>
      <UnitOfMeasure>יחידה</UnitOfMeasure>
      <QtyInPackage>0</QtyInPackage>
      <ItemPrice>111.00</ItemPrice>
      <UnitOfMeasurePrice>111.00</UnitOfMeasurePrice>
      <AllowDiscount>1</AllowDiscount>
      <ItemStatus>1</ItemStatus>
    </Item>
    <Item>
      <PriceUpdateDate>2024-12-23 17:26</PriceUpdateDate>
      <ItemCode>4064666232393</ItemCode>
      <ItemType>1</ItemType>
      <ItemName>וולפלקס ספריי ש.צבוע250</ItemName>
      <ManufacturerName>THEORAT INTERSPRAY</ManufacturerName>
      <ManufactureCountry>DE</ManufactureCountry>
      <ManufacturerItemDescription>וולפלקס ספריי</ManufacturerItemDescription>
      <UnitQty>מיליליטרים</UnitQty>
      <Quantity>250.00</Quantity>
      <bIsWeighted>0</bIsWeighted>
      <UnitOfMeasure>100 מ"ל</UnitOfMeasure>
      <QtyInPackage>1</QtyInPackage>
      <ItemPrice>39.90</ItemPrice>
      <UnitOfMeasurePrice>15.96</UnitOfMeasurePrice>
      <AllowDiscount>1</AllowDiscount>
      <ItemStatus>1</ItemStatus>
    </Item>
    <Item>
      <PriceUpdateDate>2025-12-15 09:55</PriceUpdateDate>
      <ItemCode>4064666847863</ItemCode>
      <ItemType>1</ItemType>
      <ItemName>מוס לשיער דק במיוחד200מל</ItemName>
      <ManufacturerName>WELLA</ManufacturerName>
      <ManufactureCountry>FR</ManufactureCountry>
      <ManufacturerItemDescription>מוס לשיער דק במיוחד200מל</ManufacturerItemDescription>
      <UnitQty>מיליליטרים</UnitQty>
      <Quantity>200.00</Quantity>
      <bIsWeighted>0</bIsWeighted>
      <UnitOfMeasure>100 מ"ל</UnitOfMeasure>
      <QtyInPackage>0</QtyInPackage>
      <ItemPrice>29.90</ItemPrice>
      <UnitOfMeasurePrice>14.95</UnitOfMeasurePrice>
      <AllowDiscount>1</AllowDiscount>
      <ItemStatus>1</ItemStatus>
    </Item>
    <Item>
      <PriceUpdateDate>2025-12-01 20:10</PriceUpdateDate>
      <ItemCode>4064666847924</ItemCode>
      <ItemType>1</ItemType>
      <ItemName>ספריי לשיער מבריק 250מ"ל</ItemName>
      <ManufacturerName>WELLA</ManufacturerName>
      <ManufactureCountry>FR</ManufactureCountry>
      <ManufacturerItemDescription>ספריי לשיער מבריק 250מ"ל</ManufacturerItemDescription>
      <UnitQty>מיליליטרים</UnitQty>
      <Quantity>250.00</Quantity>
      <bIsWeighted>0</bIsWeighted>
      <UnitOfMeasure>100 מ"ל</UnitOfMeasure>
      <QtyInPackage>0</QtyInPackage>
      <ItemPrice>24.90</ItemPrice>
      <UnitOfMeasurePrice>9.96</UnitOfMeasurePrice>
      <AllowDiscount>1</AllowDiscount>
      <ItemStatus>1</ItemStatus>
    </Item>
    <Item>
      <PriceUpdateDate>2025-12-15 09:55</PriceUpdateDate>
      <ItemCode>4064666847931</ItemCode>
      <ItemType>1</ItemType>
      <ItemName>מוס נפח לשיער חזק200מ"ל</ItemName>
      <ManufacturerName>WELLA</ManufacturerName>
      <ManufactureCountry>FR</ManufactureCountry>
      <ManufacturerItemDescription>מוס נפח לשיער חזק200מ"ל</ManufacturerItemDescription>
      <UnitQty>מיליליטרים</UnitQty>
      <Quantity>200.00</Quantity>
      <bIsWeighted>0</bIsWeighted>
      <UnitOfMeasure>100 מ"ל</UnitOfMeasure>
      <QtyInPackage>0</QtyInPackage>
      <ItemPrice>29.90</ItemPrice>
      <UnitOfMeasurePrice>14.95</UnitOfMeasurePrice>
      <AllowDiscount>1</AllowDiscount>
      <ItemStatus>1</ItemStatus>
    </Item>
    <Item>
      <PriceUpdateDate>2025-12-21 15:30</PriceUpdateDate>
      <ItemCode>4084500065598</ItemCode>
      <ItemType>1</ItemType>
      <ItemName>פנטן קרם לחות לתלתלים300</ItemName>
      <ManufacturerName>פרוקטר אנד גמבל</ManufacturerName>
      <ManufactureCountry>FR</ManufactureCountry>
      <ManufacturerItemDescription>פנטן קרם לחות לתלתלים300</ManufacturerItemDescription>
      <UnitQty>מיליליטרים</UnitQty>
      <Quantity>300.00</Quantity>
      <bIsWeighted>0</bIsWeighted>
      <UnitOfMeasure>100 מ"ל</UnitOfMeasure>
      <QtyInPackage>0</QtyInPackage>
      <ItemPrice>16.90</ItemPrice>
      <UnitOfMeasurePrice>5.63</UnitOfMeasurePrice>
      <AllowDiscount>1</AllowDiscount>
      <ItemStatus>1</ItemStatus>
    </Item>
    <Item>
      <PriceUpdateDate>2024-06-16 17:06</PriceUpdateDate>
      <ItemCode>4084500088917</ItemCode>
      <ItemType>1</ItemType>
      <ItemName>פיירי לכלים לימון650מל</ItemName>
      <ManufacturerName>PROCTER&amp;GAMBLE</ManufacturerName>
      <ManufactureCountry>GB</ManufactureCountry>
      <ManufacturerItemDescription>פיירי לכלים לימון650מל</ManufacturerItemDescription>
      <UnitQty>מיליליטרים</UnitQty>
      <Quantity>650.00</Quantity>
      <bIsWeighted>0</bIsWeighted>
      <UnitOfMeasure>100 מ"ל</UnitOfMeasure>
      <QtyInPackage>0</QtyInPackage>
      <ItemPrice>13.90</ItemPrice>
      <UnitOfMeasurePrice>2.14</UnitOfMeasurePrice>
      <AllowDiscount>1</AllowDiscount>
      <ItemStatus>1</ItemStatus>
    </Item>
    <Item>
      <PriceUpdateDate>2025-11-27 21:40</PriceUpdateDate>
      <ItemCode>4084500739253</ItemCode>
      <ItemType>1</ItemType>
      <ItemName>אורל בי White 3Dלובן75מל</ItemName>
      <ManufacturerName>פרוקטר אנד גמבל</ManufacturerName>
      <ManufactureCountry>DE</ManufactureCountry>
      <ManufacturerItemDescription>משחת אורל בי</ManufacturerItemDescription>
      <UnitQty>מיליליטרים</UnitQty>
      <Quantity>75.00</Quantity>
      <bIsWeighted>0</bIsWeighted>
      <UnitOfMeasure>100 מ"ל</UnitOfMeasure>
      <QtyInPackage>1</QtyInPackage>
      <ItemPrice>19.90</ItemPrice>
      <UnitOfMeasurePrice>26.53</UnitOfMeasurePrice>
      <AllowDiscount>1</AllowDiscount>
      <ItemStatus>1</ItemStatus>
    </Item>
    <Item>
      <PriceUpdateDate>2024-06-16 17:06</PriceUpdateDate>
      <ItemCode>4084500853553</ItemCode>
      <ItemType>1</ItemType>
      <ItemName>פיירי אורגינל 650מל</ItemName>
      <ManufacturerName>PROCTER&amp;GAMBLE</ManufacturerName>
      <ManufactureCountry>GB</ManufactureCountry>
      <ManufacturerItemDescription>פיירי אורגינל 650מל</ManufacturerItemDescription>
      <UnitQty>מיליליטרים</UnitQty>
      <Quantity>650.00</Quantity>
      <bIsWeighted>0</bIsWeighted>
      <UnitOfMeasure>100 מ"ל</UnitOfMeasure>
      <QtyInPackage>1</QtyInPackage>
      <ItemPrice>13.90</ItemPrice>
      <UnitOfMeasurePrice>2.14</UnitOfMeasurePrice>
      <AllowDiscount>1</AllowDiscount>
      <ItemStatus>1</ItemStatus>
    </Item>
    <Item>
      <PriceUpdateDate>2025-12-01 20:10</PriceUpdateDate>
      <ItemCode>4103330017369</ItemCode>
      <ItemType>1</ItemType>
      <ItemName>חוט דנטלי לניקוי גשרים</ItemName>
      <ManufacturerName>פרוקטר &amp; גמבל</ManufacturerName>
      <ManufactureCountry>IE</ManufactureCountry>
      <ManufacturerItemDescription>חוט דנטלי לניקוי</ManufacturerItemDescription>
      <UnitQty>יחידה</UnitQty>
      <Quantity>1.00</Quantity>
      <bIsWeighted>0</bIsWeighted>
      <UnitOfMeasure>יחידה</UnitOfMeasure>
      <QtyInPackage>1</QtyInPackage>
      <ItemPrice>19.90</ItemPrice>
      <UnitOfMeasurePrice>19.90</UnitOfMeasurePrice>
      <AllowDiscount>1</AllowDiscount>
      <ItemStatus>1</ItemStatus>
    </Item>
    <Item>
      <PriceUpdateDate>2025-11-27 21:40</PriceUpdateDate>
      <ItemCode>4210201446453</ItemCode>
      <ItemType>1</ItemType>
      <ItemName>מברשת נטענת פרו כחול</ItemName>
      <ManufacturerName>---</ManufacturerName>
      <ManufactureCountry>HU</ManufactureCountry>
      <ManufacturerItemDescription>מברשת נטענת פרו כחול</ManufacturerItemDescription>
      <UnitQty>יחידה</UnitQty>
      <Quantity>1.00</Quantity>
      <bIsWeighted>0</bIsWeighted>
      <UnitOfMeasure>יחידה</UnitOfMeasure>
      <QtyInPackage>1</QtyInPackage>
      <ItemPrice>129.00</ItemPrice>
      <UnitOfMeasurePrice>129.00</UnitOfMeasurePrice>
      <AllowDiscount>1</AllowDiscount>
      <ItemStatus>1</ItemStatus>
    </Item>
    <Item>
      <PriceUpdateDate>2025-07-24 12:56</PriceUpdateDate>
      <ItemCode>42182627</ItemCode>
      <ItemType>1</ItemType>
      <ItemName>וזלין ג'ל פטרוליום 50 מל</ItemName>
      <ManufacturerName>UNILIVER</ManufacturerName>
      <ManufactureCountry>IN</ManufactureCountry>
      <ManufacturerItemDescription>וזלין גל פטרוליום 50 מל</ManufacturerItemDescription>
      <UnitQty>מיליליטרים</UnitQty>
      <Quantity>50.00</Quantity>
      <bIsWeighted>0</bIsWeighted>
      <UnitOfMeasure>100 מ"ל</UnitOfMeasure>
      <QtyInPackage>0</QtyInPackage>
      <ItemPrice>10.00</ItemPrice>
      <UnitOfMeasurePrice>20.00</UnitOfMeasurePrice>
      <AllowDiscount>1</AllowDiscount>
      <ItemStatus>1</ItemStatus>
    </Item>
    <Item>
      <PriceUpdateDate>2024-12-24 19:23</PriceUpdateDate>
      <ItemCode>42269915</ItemCode>
      <ItemType>1</ItemType>
      <ItemName>ק.אינטנסיבי פנים וגוף200</ItemName>
      <ManufacturerName>HELLAS BEIERSDORF</ManufacturerName>
      <ManufactureCountry>DE</ManufactureCountry>
      <ManufacturerItemDescription>ק.אינטנסיבי פנים וגוף200</ManufacturerItemDescription>
      <UnitQty>מיליליטרים</UnitQty>
      <Quantity>200.00</Quantity>
      <bIsWeighted>0</bIsWeighted>
      <UnitOfMeasure>100 מ"ל</UnitOfMeasure>
      <QtyInPackage>1</QtyInPackage>
      <ItemPrice>49.90</ItemPrice>
      <UnitOfMeasurePrice>24.95</UnitOfMeasurePrice>
      <AllowDiscount>1</AllowDiscount>
      <ItemStatus>1</ItemStatus>
    </Item>
    <Item>
      <PriceUpdateDate>2025-12-01 20:10</PriceUpdateDate>
      <ItemCode>42343318</ItemCode>
      <ItemType>1</ItemType>
      <ItemName>קרם ידיים נשיקה של פטל75</ItemName>
      <ManufacturerName>כללי</ManufacturerName>
      <ManufactureCountry>GB</ManufactureCountry>
      <ManufacturerItemDescription>קרם ידיים נשיקה של פטל75</ManufacturerItemDescription>
      <UnitQty>מיליליטרים</UnitQty>
      <Quantity>75.00</Quantity>
      <bIsWeighted>0</bIsWeighted>
      <UnitOfMeasure>100 מ"ל</UnitOfMeasure>
      <QtyInPackage>1</QtyInPackage>
      <ItemPrice>10.00</ItemPrice>
      <UnitOfMeasurePrice>13.33</UnitOfMeasurePrice>
      <AllowDiscount>1</AllowDiscount>
      <ItemStatus>1</ItemStatus>
    </Item>
    <Item>
      <PriceUpdateDate>2025-11-27 21:30</PriceUpdateDate>
      <ItemCode>42438724</ItemCode>
      <ItemType>1</ItemType>
      <ItemName>לבלו שפתון לחות אורגינל</ItemName>
      <ManufacturerName>BEIERSDORF HELLAS</ManufacturerName>
      <ManufactureCountry>DE</ManufactureCountry>
      <ManufacturerItemDescription>לבלו שפתון לחות אורגינל</ManufacturerItemDescription>
      <UnitQty>יחידה</UnitQty>
      <Quantity>1.00</Quantity>
      <bIsWeighted>0</bIsWeighted>
      <UnitOfMeasure>יחידה</UnitOfMeasure>
      <QtyInPackage>1</QtyInPackage>
      <ItemPrice>10.00</ItemPrice>
      <UnitOfMeasurePrice>10.00</UnitOfMeasurePrice>
      <AllowDiscount>1</AllowDiscount>
      <ItemStatus>1</ItemStatus>
    </Item>
    <Item>
      <PriceUpdateDate>2025-01-01 10:06</PriceUpdateDate>
      <ItemCode>4250035288157</ItemCode>
      <ItemType>1</ItemType>
      <ItemName>עפרון קז'אל 10</ItemName>
      <ManufacturerName>CATRICE</ManufacturerName>
      <ManufactureCountry>DE</ManufactureCountry>
      <ManufacturerItemDescription>עפרון קזאל 10</ManufacturerItemDescription>
      <UnitQty>יחידה</UnitQty>
      <Quantity>1.00</Quantity>
      <bIsWeighted>0</bIsWeighted>
      <UnitOfMeasure>יחידה</UnitOfMeasure>
      <QtyInPackage>0</QtyInPackage>
      <ItemPrice>9.20</ItemPrice>
      <UnitOfMeasurePrice>9.20</UnitOfMeasurePrice>
      <AllowDiscount>1</AllowDiscount>
      <ItemStatus>1</ItemStatus>
    </Item>
    <Item>
      <PriceUpdateDate>2025-01-01 10:06</PriceUpdateDate>
      <ItemCode>4250587723779</ItemCode>
      <ItemType>1</ItemType>
      <ItemName>ג'ל לעיצוב הגבות</ItemName>
      <ManufacturerName>CATRICE</ManufacturerName>
      <ManufactureCountry>DE</ManufactureCountry>
      <ManufacturerItemDescription>גל לעיצוב הגבות</ManufacturerItemDescription>
      <UnitQty>יחידה</UnitQty>
      <Quantity>1.00</Quantity>
      <bIsWeighted>0</bIsWeighted>
      <UnitOfMeasure>יחידה</UnitOfMeasure>
      <QtyInPackage>0</QtyInPackage>
      <ItemPrice>14.50</ItemPrice>
      <UnitOfMeasurePrice>14.50</UnitOfMeasurePrice>
      <AllowDiscount>1</AllowDiscount>
      <ItemStatus>1</ItemStatus>
    </Item>
    <Item>
      <PriceUpdateDate>2025-01-01 10:06</PriceUpdateDate>
      <ItemCode>4250587792119</ItemCode>
      <ItemType>1</ItemType>
      <ItemName>באלם  לשפתיים</ItemName>
      <ManufacturerName>CATRICE</ManufacturerName>
      <ManufactureCountry>DE</ManufactureCountry>
      <ManufacturerItemDescription>באלם  לשפתיים</ManufacturerItemDescription>
      <UnitQty>יחידה</UnitQty>
      <Quantity>1.00</Quantity>
      <bIsWeighted>0</bIsWeighted>
      <UnitOfMeasure>יחידה</UnitOfMeasure>
      <QtyInPackage>0</QtyInPackage>
      <ItemPrice>22.60</ItemPrice>
      <UnitOfMeasurePrice>22.60</UnitOfMeasurePrice>
      <AllowDiscount>1</AllowDiscount>
      <ItemStatus>1</ItemStatus>
    </Item>
    <Item>
      <PriceUpdateDate>2025-01-01 10:06</PriceUpdateDate>
      <ItemCode>4250947531518</ItemCode>
      <ItemType>1</ItemType>
      <ItemName>פודרה בתפזורת יח'</ItemName>
      <ManufacturerName>CATRICE</ManufacturerName>
      <ManufactureCountry>DE</ManufactureCountry>
      <ManufacturerItemDescription>פודרה בתפזורת יח</ManufacturerItemDescription>
      <UnitQty>יחידה</UnitQty>
      <Quantity>1.00</Quantity>
      <bIsWeighted>0</bIsWeighted>
      <UnitOfMeasure>יחידה</UnitOfMeasure>
      <QtyInPackage>0</QtyInPackage>
      <ItemPrice>23.90</ItemPrice>
      <UnitOfMeasurePrice>23.90</UnitOfMeasurePrice>
      <AllowDiscount>1</AllowDiscount>
      <ItemStatus>1</ItemStatus>
    </Item>
    <Item>
      <PriceUpdateDate>2025-01-01 10:06</PriceUpdateDate>
      <ItemCode>4250947543726</ItemCode>
      <ItemType>1</ItemType>
      <ItemName>מעגל ריסים יח'</ItemName>
      <ManufacturerName>CATRICE</ManufacturerName>
      <ManufactureCountry>IT</ManufactureCountry>
      <ManufacturerItemDescription>מעגל ריסים</ManufacturerItemDescription>
      <UnitQty>יחידה</UnitQty>
      <Quantity>1.00</Quantity>
      <bIsWeighted>0</bIsWeighted>
      <UnitOfMeasure>יחידה</UnitOfMeasure>
      <QtyInPackage>1</QtyInPackage>
      <ItemPrice>18.50</ItemPrice>
      <UnitOfMeasurePrice>18.50</UnitOfMeasurePrice>
      <AllowDiscount>1</AllowDiscount>
      <ItemStatus>1</ItemStatus>
    </Item>
    <Item>
      <PriceUpdateDate>2024-12-23 17:20</PriceUpdateDate>
      <ItemCode>4250947544662</ItemCode>
      <ItemType>1</ItemType>
      <ItemName>קונסילר  נוזלי 10</ItemName>
      <ManufacturerName>CATRICE</ManufacturerName>
      <ManufactureCountry>DE</ManufactureCountry>
      <ManufacturerItemDescription>קונסילר  נוזלי 10</ManufacturerItemDescription>
      <UnitQty>יחידה</UnitQty>
      <Quantity>1.00</Quantity>
      <bIsWeighted>0</bIsWeighted>
      <UnitOfMeasure>יחידה</UnitOfMeasure>
      <QtyInPackage>0</QtyInPackage>
      <ItemPrice>16.50</ItemPrice>
      <UnitOfMeasurePrice>16.50</UnitOfMeasurePrice>
      <AllowDiscount>1</AllowDiscount>
      <ItemStatus>1</ItemStatus>
    </Item>
    <Item>
      <PriceUpdateDate>2024-12-23 17:46</PriceUpdateDate>
      <ItemCode>4250947562277</ItemCode>
      <ItemType>1</ItemType>
      <ItemName>מסקרה גלאם&amp;דול מלאכותיים</ItemName>
      <ManufacturerName>CATRICE</ManufacturerName>
      <ManufactureCountry>DE</ManufactureCountry>
      <ManufacturerItemDescription>מסקרה גלאם&amp;דול מלאכותיים</ManufacturerItemDescription>
      <UnitQty>יחידה</UnitQty>
      <Quantity>1.00</Quantity>
      <bIsWeighted>0</bIsWeighted>
      <UnitOfMeasure>יחידה</UnitOfMeasure>
      <QtyInPackage>0</QtyInPackage>
      <ItemPrice>19.50</ItemPrice>
      <UnitOfMeasurePrice>19.50</UnitOfMeasurePrice>
      <AllowDiscount>1</AllowDiscount>
      <ItemStatus>1</ItemStatus>
    </Item>
    <Item>
      <PriceUpdateDate>2024-12-23 17:20</PriceUpdateDate>
      <ItemCode>4250947598313</ItemCode>
      <ItemType>1</ItemType>
      <ItemName>מייק אפ 40-HD</ItemName>
      <ManufacturerName>CATRICE</ManufacturerName>
      <ManufactureCountry>DE</ManufactureCountry>
      <ManufacturerItemDescription>מייק אפ HD-40</ManufacturerItemDescription>
      <UnitQty>מיליליטרים</UnitQty>
      <Quantity>30.00</Quantity>
      <bIsWeighted>0</bIsWeighted>
      <UnitOfMeasure>100 מ"ל</UnitOfMeasure>
      <QtyInPackage>0</QtyInPackage>
      <ItemPrice>35.50</ItemPrice>
      <UnitOfMeasurePrice>118.33</UnitOfMeasurePrice>
      <AllowDiscount>1</AllowDiscount>
      <ItemStatus>1</ItemStatus>
    </Item>
    <Item>
      <PriceUpdateDate>2025-01-01 10:06</PriceUpdateDate>
      <ItemCode>4250947598368</ItemCode>
      <ItemType>1</ItemType>
      <ItemName>ספריי מקבע רב שימושי</ItemName>
      <ManufacturerName>CATRICE</ManufacturerName>
      <ManufactureCountry>DE</ManufactureCountry>
      <ManufacturerItemDescription>ספריי מקבע רב שימושי</ManufacturerItemDescription>
      <UnitQty>מיליליטרים</UnitQty>
      <Quantity>50.00</Quantity>
      <bIsWeighted>0</bIsWeighted>
      <UnitOfMeasure>100 מ"ל</UnitOfMeasure>
      <QtyInPackage>0</QtyInPackage>
      <ItemPrice>22.60</ItemPrice>
      <UnitOfMeasurePrice>45.20</UnitOfMeasurePrice>
      <AllowDiscount>1</AllowDiscount>
      <ItemStatus>1</ItemStatus>
    </Item>
    <Item>
      <PriceUpdateDate>2024-12-23 17:20</PriceUpdateDate>
      <ItemCode>4251232284324</ItemCode>
      <ItemType>1</ItemType>
      <ItemName>קונסילר נוזלי 15</ItemName>
      <ManufacturerName>CATRICE</ManufacturerName>
      <ManufactureCountry>DE</ManufactureCountry>
      <ManufacturerItemDescription>קונסילר נוזלי 15</ManufacturerItemDescription>
      <UnitQty>יחידה</UnitQty>
      <Quantity>1.00</Quantity>
      <bIsWeighted>0</bIsWeighted>
      <UnitOfMeasure>יחידה</UnitOfMeasure>
      <QtyInPackage>0</QtyInPackage>
      <ItemPrice>16.50</ItemPrice>
      <UnitOfMeasurePrice>16.50</UnitOfMeasurePrice>
      <AllowDiscount>1</AllowDiscount>
      <ItemStatus>1</ItemStatus>
    </Item>
    <Item>
      <PriceUpdateDate>2025-12-01 20:10</PriceUpdateDate>
      <ItemCode>4260307633806</ItemCode>
      <ItemType>1</ItemType>
      <ItemName>סבון פילינג פאפיה 225מל</ItemName>
      <ManufacturerName>כללי</ManufacturerName>
      <ManufactureCountry>GB</ManufactureCountry>
      <ManufacturerItemDescription>סבון פילינג פאפיה 225מל</ManufacturerItemDescription>
      <UnitQty>מיליליטרים</UnitQty>
      <Quantity>225.00</Quantity>
      <bIsWeighted>0</bIsWeighted>
      <UnitOfMeasure>100 מ"ל</UnitOfMeasure>
      <QtyInPackage>1</QtyInPackage>
      <ItemPrice>18.90</ItemPrice>
      <UnitOfMeasurePrice>8.40</UnitOfMeasurePrice>
      <AllowDiscount>1</AllowDiscount>
      <ItemStatus>1</ItemStatus>
    </Item>
    <Item>
      <PriceUpdateDate>2025-12-01 20:10</PriceUpdateDate>
      <ItemCode>4260307635404</ItemCode>
      <ItemType>1</ItemType>
      <ItemName>סבון פילינג דובדבן 225מל</ItemName>
      <ManufacturerName>כללי</ManufacturerName>
      <ManufactureCountry>GB</ManufactureCountry>
      <ManufacturerItemDescription>סבון פילינג דובדבן 225מל</ManufacturerItemDescription>
      <UnitQty>מיליליטרים</UnitQty>
      <Quantity>225.00</Quantity>
      <bIsWeighted>0</bIsWeighted>
      <UnitOfMeasure>100 מ"ל</UnitOfMeasure>
      <QtyInPackage>1</QtyInPackage>
      <ItemPrice>18.90</ItemPrice>
      <UnitOfMeasurePrice>8.40</UnitOfMeasurePrice>
      <AllowDiscount>1</AllowDiscount>
      <ItemStatus>1</ItemStatus>
    </Item>
    <Item>
      <PriceUpdateDate>2025-08-05 21:18</PriceUpdateDate>
      <ItemCode>4607001779698</ItemCode>
      <ItemType>1</ItemType>
      <ItemName>ג'ייקובס קפה נמס אינטנס</ItemName>
      <ManufacturerName>JDE</ManufacturerName>
      <ManufactureCountry>RU</ManufactureCountry>
      <ManufacturerItemDescription>גייקובס קפה נמס אינטנס</ManufacturerItemDescription>
      <UnitQty>גרמים</UnitQty>
      <Quantity>190.00</Quantity>
      <bIsWeighted>0</bIsWeighted>
      <UnitOfMeasure>100 גרם</UnitOfMeasure>
      <QtyInPackage>1</QtyInPackage>
      <ItemPrice>29.90</ItemPrice>
      <UnitOfMeasurePrice>15.74</UnitOfMeasurePrice>
      <AllowDiscount>1</AllowDiscount>
      <ItemStatus>1</ItemStatus>
    </Item>
    <Item>
      <PriceUpdateDate>2024-12-23 17:26</PriceUpdateDate>
      <ItemCode>46214731552</ItemCode>
      <ItemType>1</ItemType>
      <ItemName>עוגיות שוקולד צ'יפס225גר</ItemName>
      <ManufacturerName>י. מרבה ישראל בע"מ</ManufacturerName>
      <ManufactureCountry>NL</ManufactureCountry>
      <ManufacturerItemDescription>עוגיות שוקולד ציפס225גר</ManufacturerItemDescription>
      <UnitQty>גרמים</UnitQty>
      <Quantity>225.00</Quantity>
      <bIsWeighted>0</bIsWeighted>
      <UnitOfMeasure>100 גרם</UnitOfMeasure>
      <QtyInPackage>0</QtyInPackage>
      <ItemPrice>13.20</ItemPrice>
      <UnitOfMeasurePrice>5.87</UnitOfMeasurePrice>
      <AllowDiscount>1</AllowDiscount>
      <ItemStatus>1</ItemStatus>
    </Item>
    <Item>
      <PriceUpdateDate>2025-12-01 20:10</PriceUpdateDate>
      <ItemCode>4800888209368</ItemCode>
      <ItemType>1</ItemType>
      <ItemName>רקסונה סטיק קול גבר 50גר</ItemName>
      <ManufacturerName>יוניליוור ישראל טיפוח</ManufacturerName>
      <ManufactureCountry>PH</ManufactureCountry>
      <ManufacturerItemDescription>רקסונה סטיק קול גבר 50גר</ManufacturerItemDescription>
      <UnitQty>גרמים</UnitQty>
      <Quantity>50.00</Quantity>
      <bIsWeighted>0</bIsWeighted>
      <UnitOfMeasure>100 גרם</UnitOfMeasure>
      <QtyInPackage>1</QtyInPackage>
      <ItemPrice>15.00</ItemPrice>
      <UnitOfMeasurePrice>30.00</UnitOfMeasurePrice>
      <AllowDiscount>1</AllowDiscount>
      <ItemStatus>1</ItemStatus>
    </Item>
    <Item>
      <PriceUpdateDate>2025-11-27 21:30</PriceUpdateDate>
      <ItemCode>4800888219510</ItemCode>
      <ItemType>1</ItemType>
      <ItemName>דאו.דאב סטיק מלפפון 50</ItemName>
      <ManufacturerName>חברת זולברג</ManufacturerName>
      <ManufactureCountry>PH</ManufactureCountry>
      <ManufacturerItemDescription>דאו.דאב סטיק מלפפון 50</ManufacturerItemDescription>
      <UnitQty>גרמים</UnitQty>
      <Quantity>50.00</Quantity>
      <bIsWeighted>0</bIsWeighted>
      <UnitOfMeasure>100 גרם</UnitOfMeasure>
      <QtyInPackage>1</QtyInPackage>
      <ItemPrice>15.00</ItemPrice>
      <UnitOfMeasurePrice>30.00</UnitOfMeasurePrice>
      <AllowDiscount>1</AllowDiscount>
      <ItemStatus>1</ItemStatus>
    </Item>
    <Item>
      <PriceUpdateDate>2025-11-27 21:30</PriceUpdateDate>
      <ItemCode>4800888219534</ItemCode>
      <ItemType>1</ItemType>
      <ItemName>דאו.דאב סטיק אורגינל 50</ItemName>
      <ManufacturerName>חברת זולברג</ManufacturerName>
      <ManufactureCountry>PH</ManufactureCountry>
      <ManufacturerItemDescription>דאו.דאב סטיק אורגינל 50</ManufacturerItemDescription>
      <UnitQty>גרמים</UnitQty>
      <Quantity>50.00</Quantity>
      <bIsWeighted>0</bIsWeighted>
      <UnitOfMeasure>100 גרם</UnitOfMeasure>
      <QtyInPackage>1</QtyInPackage>
      <ItemPrice>15.00</ItemPrice>
      <UnitOfMeasurePrice>30.00</UnitOfMeasurePrice>
      <AllowDiscount>1</AllowDiscount>
      <ItemStatus>1</ItemStatus>
    </Item>
    <Item>
      <PriceUpdateDate>2024-12-23 17:26</PriceUpdateDate>
      <ItemCode>4891228304478</ItemCode>
      <ItemType>1</ItemType>
      <ItemName>שיק היידרו5 סנס 4 סכינים</ItemName>
      <ManufacturerName>ארץ ייצור סכינים: ארהבn\</ManufacturerName>
      <ManufactureCountry>US</ManufactureCountry>
      <ManufacturerItemDescription>שיק היידרו5 סנס 4 סכינים</ManufacturerItemDescription>
      <UnitQty>יחידה</UnitQty>
      <Quantity>1.00</Quantity>
      <bIsWeighted>0</bIsWeighted>
      <UnitOfMeasure>יחידה</UnitOfMeasure>
      <QtyInPackage>1</QtyInPackage>
      <ItemPrice>66.90</ItemPrice>
      <UnitOfMeasurePrice>66.90</UnitOfMeasurePrice>
      <AllowDiscount>1</AllowDiscount>
      <ItemStatus>1</ItemStatus>
    </Item>
    <Item>
      <PriceUpdateDate>2025-12-01 20:20</PriceUpdateDate>
      <ItemCode>4891228308025</ItemCode>
      <ItemType>1</ItemType>
      <ItemName>היידרו סילק ידית4+סכינים</ItemName>
      <ManufacturerName>ארץ ייצור סכינים: ארהבn\</ManufacturerName>
      <ManufactureCountry>US</ManufactureCountry>
      <ManufacturerItemDescription>היידרו סילק ידית+4סכינים</ManufacturerItemDescription>
      <UnitQty>יחידה</UnitQty>
      <Quantity>1.00</Quantity>
      <bIsWeighted>0</bIsWeighted>
      <UnitOfMeasure>יחידה</UnitOfMeasure>
      <QtyInPackage>1</QtyInPackage>
      <ItemPrice>79.00</ItemPrice>
      <UnitOfMeasurePrice>79.00</UnitOfMeasurePrice>
      <AllowDiscount>1</AllowDiscount>
      <ItemStatus>1</ItemStatus>
    </Item>
    <Item>
      <PriceUpdateDate>2025-12-01 20:20</PriceUpdateDate>
      <ItemCode>4891228308032</ItemCode>
      <ItemType>1</ItemType>
      <ItemName>אינטואישן ידית+5 סכינים</ItemName>
      <ManufacturerName>ארץ ייצור סכינים: ארהב\n</ManufacturerName>
      <ManufactureCountry>US</ManufactureCountry>
      <ManufacturerItemDescription>אינטואישן ידית+5 סכינים</ManufacturerItemDescription>
      <UnitQty>יחידה</UnitQty>
      <Quantity>1.00</Quantity>
      <bIsWeighted>0</bIsWeighted>
      <UnitOfMeasure>יחידה</UnitOfMeasure>
      <QtyInPackage>1</QtyInPackage>
      <ItemPrice>79.00</ItemPrice>
      <UnitOfMeasurePrice>79.00</UnitOfMeasurePrice>
      <AllowDiscount>1</AllowDiscount>
      <ItemStatus>1</ItemStatus>
    </Item>
    <Item>
      <PriceUpdateDate>2024-12-23 17:26</PriceUpdateDate>
      <ItemCode>4891228309268</ItemCode>
      <ItemType>1</ItemType>
      <ItemName>שיק 3סכיני סילק טאצ' אפ</ItemName>
      <ManufacturerName>אדג'וול</ManufacturerName>
      <ManufactureCountry>US</ManufactureCountry>
      <ManufacturerItemDescription>שיק 3סכיני סילק טאצ אפ</ManufacturerItemDescription>
      <UnitQty>יחידה</UnitQty>
      <Quantity>1.00</Quantity>
      <bIsWeighted>0</bIsWeighted>
      <UnitOfMeasure>יחידה</UnitOfMeasure>
      <QtyInPackage>1</QtyInPackage>
      <ItemPrice>28.90</ItemPrice>
      <UnitOfMeasurePrice>28.90</UnitOfMeasurePrice>
      <AllowDiscount>1</AllowDiscount>
      <ItemStatus>1</ItemStatus>
    </Item>
    <Item>
      <PriceUpdateDate>2025-12-01 20:20</PriceUpdateDate>
      <ItemCode>4891228310493</ItemCode>
      <ItemType>1</ItemType>
      <ItemName>הידרו ידית+ 5 סכינים גבר</ItemName>
      <ManufacturerName>ארץ ייצור סכינים: ארהב\n</ManufacturerName>
      <ManufactureCountry>US</ManufactureCountry>
      <ManufacturerItemDescription>הידרו ידית+ 5 סכינים גבר</ManufacturerItemDescription>
      <UnitQty>יחידה</UnitQty>
      <Quantity>1.00</Quantity>
      <bIsWeighted>0</bIsWeighted>
      <UnitOfMeasure>יחידה</UnitOfMeasure>
      <QtyInPackage>1</QtyInPackage>
      <ItemPrice>79.00</ItemPrice>
      <UnitOfMeasurePrice>79.00</UnitOfMeasurePrice>
      <AllowDiscount>1</AllowDiscount>
      <ItemStatus>1</ItemStatus>
    </Item>
    <Item>
      <PriceUpdateDate>2025-12-01 20:20</PriceUpdateDate>
      <ItemCode>4891228312817</ItemCode>
      <ItemType>1</ItemType>
      <ItemName>פרפקט טאצ' נשים מכ2+.סכ</ItemName>
      <ManufacturerName>אדג'וול</ManufacturerName>
      <ManufactureCountry>US</ManufactureCountry>
      <ManufacturerItemDescription>פרפקט טאצ נשים מכ.+2סכ</ManufacturerItemDescription>
      <UnitQty>יחידה</UnitQty>
      <Quantity>1.00</Quantity>
      <bIsWeighted>0</bIsWeighted>
      <UnitOfMeasure>יחידה</UnitOfMeasure>
      <QtyInPackage>1</QtyInPackage>
      <ItemPrice>49.90</ItemPrice>
      <UnitOfMeasurePrice>49.90</UnitOfMeasurePrice>
      <AllowDiscount>1</AllowDiscount>
      <ItemStatus>1</ItemStatus>
    </Item>
    <Item>
      <PriceUpdateDate>2024-12-23 17:26</PriceUpdateDate>
      <ItemCode>4891228313920</ItemCode>
      <ItemType>1</ItemType>
      <ItemName>שיק סכין עיצוב שיער הפני</ItemName>
      <ManufacturerName>ארץ ייצור סכינים: ארהבn\</ManufacturerName>
      <ManufactureCountry>CN</ManufactureCountry>
      <ManufacturerItemDescription>שיק סכין עיצוב שיער הפני</ManufacturerItemDescription>
      <UnitQty>יחידה</UnitQty>
      <Quantity>1.00</Quantity>
      <bIsWeighted>0</bIsWeighted>
      <UnitOfMeasure>יחידה</UnitOfMeasure>
      <QtyInPackage>1</QtyInPackage>
      <ItemPrice>24.50</ItemPrice>
      <UnitOfMeasurePrice>24.50</UnitOfMeasurePrice>
      <AllowDiscount>1</AllowDiscount>
      <ItemStatus>1</ItemStatus>
    </Item>
    <Item>
      <PriceUpdateDate>2025-06-04 12:01</PriceUpdateDate>
      <ItemCode>4902430852944</ItemCode>
      <ItemType>1</ItemType>
      <ItemName>ונוס מכשיר + 3 סכינים יח</ItemName>
      <ManufacturerName>ג'ילט פרוקטר אנד גמבל</ManufacturerName>
      <ManufactureCountry>PL</ManufactureCountry>
      <ManufacturerItemDescription>ונוס מכשיר + 3 סכינים יח</ManufacturerItemDescription>
      <UnitQty>יחידה</UnitQty>
      <Quantity>1.00</Quantity>
      <bIsWeighted>0</bIsWeighted>
      <UnitOfMeasure>יחידה</UnitOfMeasure>
      <QtyInPackage>1</QtyInPackage>
      <ItemPrice>59.90</ItemPrice>
      <UnitOfMeasurePrice>59.90</UnitOfMeasurePrice>
      <AllowDiscount>1</AllowDiscount>
      <ItemStatus>1</ItemStatus>
    </Item>
    <Item>
      <PriceUpdateDate>2025-02-06 14:22</PriceUpdateDate>
      <ItemCode>4987176128188</ItemCode>
      <ItemType>1</ItemType>
      <ItemName>6מברשות שיניים אורל בי</ItemName>
      <ManufacturerName>פרוקטר &amp; גמבל</ManufacturerName>
      <ManufactureCountry>IN</ManufactureCountry>
      <ManufacturerItemDescription>6מברשות שיניים</ManufacturerItemDescription>
      <UnitQty>יחידה</UnitQty>
      <Quantity>1.00</Quantity>
      <bIsWeighted>0</bIsWeighted>
      <UnitOfMeasure>יחידה</UnitOfMeasure>
      <QtyInPackage>1</QtyInPackage>
      <ItemPrice>14.90</ItemPrice>
      <UnitOfMeasurePrice>14.90</UnitOfMeasurePrice>
      <AllowDiscount>1</AllowDiscount>
      <ItemStatus>1</ItemStatus>
    </Item>
    <Item>
      <PriceUpdateDate>2025-12-08 18:40</PriceUpdateDate>
      <ItemCode>4987176239952</ItemCode>
      <ItemType>1</ItemType>
      <ItemName>מברשת שיניים 4 דיפ קלין</ItemName>
      <ManufacturerName>פרוקטר &amp; גמבל</ManufacturerName>
      <ManufactureCountry>CN</ManufactureCountry>
      <ManufacturerItemDescription>רביעיה מברשות שיניים</ManufacturerItemDescription>
      <UnitQty>יחידה</UnitQty>
      <Quantity>1.00</Quantity>
      <bIsWeighted>0</bIsWeighted>
      <UnitOfMeasure>יחידה</UnitOfMeasure>
      <QtyInPackage>0</QtyInPackage>
      <ItemPrice>14.90</ItemPrice>
      <UnitOfMeasurePrice>14.90</UnitOfMeasurePrice>
      <AllowDiscount>1</AllowDiscount>
      <ItemStatus>1</ItemStatus>
    </Item>
    <Item>
      <PriceUpdateDate>2025-12-08 09:40</PriceUpdateDate>
      <ItemCode>4987176239990</ItemCode>
      <ItemType>1</ItemType>
      <ItemName>מברשת שינים 4 קרוסאקשיין</ItemName>
      <ManufacturerName>פרוקטר &amp; גמבל</ManufacturerName>
      <ManufactureCountry>IN</ManufactureCountry>
      <ManufacturerItemDescription>מברשת שינים 4 קרוסאקשיין</ManufacturerItemDescription>
      <UnitQty>יחידה</UnitQty>
      <Quantity>1.00</Quantity>
      <bIsWeighted>0</bIsWeighted>
      <UnitOfMeasure>יחידה</UnitOfMeasure>
      <QtyInPackage>0</QtyInPackage>
      <ItemPrice>14.90</ItemPrice>
      <UnitOfMeasurePrice>14.90</UnitOfMeasurePrice>
      <AllowDiscount>1</AllowDiscount>
      <ItemStatus>1</ItemStatus>
    </Item>
    <Item>
      <PriceUpdateDate>2025-11-16 09:48</PriceUpdateDate>
      <ItemCode>4987176300485</ItemCode>
      <ItemType>1</ItemType>
      <ItemName>סכיני גילוח מאך-3 4 יח</ItemName>
      <ManufacturerName>גילט</ManufacturerName>
      <ManufactureCountry>PL</ManufactureCountry>
      <ManufacturerItemDescription>סכיני גילוח מאך-3 4 יח</ManufacturerItemDescription>
      <UnitQty>יחידה</UnitQty>
      <Quantity>1.00</Quantity>
      <bIsWeighted>0</bIsWeighted>
      <UnitOfMeasure>יחידה</UnitOfMeasure>
      <QtyInPackage>1</QtyInPackage>
      <ItemPrice>60.90</ItemPrice>
      <UnitOfMeasurePrice>60.90</UnitOfMeasurePrice>
      <AllowDiscount>1</AllowDiscount>
      <ItemStatus>1</ItemStatus>
    </Item>
    <Item>
      <PriceUpdateDate>2025-05-18 10:17</PriceUpdateDate>
      <ItemCode>5000159558792</ItemCode>
      <ItemType>1</ItemType>
      <ItemName>מרס חטיף בודד 51 גרם</ItemName>
      <ManufacturerName>מרס הולנד בי.וי.</ManufacturerName>
      <ManufactureCountry>NL</ManufactureCountry>
      <ManufacturerItemDescription>מרס חטיף בודד 51 גרם</ManufacturerItemDescription>
      <UnitQty>גרמים</UnitQty>
      <Quantity>51.00</Quantity>
      <bIsWeighted>0</bIsWeighted>
      <UnitOfMeasure>100 גרם</UnitOfMeasure>
      <QtyInPackage>1</QtyInPackage>
      <ItemPrice>6.90</ItemPrice>
      <UnitOfMeasurePrice>13.53</UnitOfMeasurePrice>
      <AllowDiscount>1</AllowDiscount>
      <ItemStatus>1</ItemStatus>
    </Item>
    <Item>
      <PriceUpdateDate>2025-05-18 10:17</PriceUpdateDate>
      <ItemCode>5000159559485</ItemCode>
      <ItemType>1</ItemType>
      <ItemName>טוויקס חטיף בודד 50 גרם</ItemName>
      <ManufacturerName>מרס הולנד בי.וי.</ManufacturerName>
      <ManufactureCountry>NL</ManufactureCountry>
      <ManufacturerItemDescription>טוויקס חטיף בודד 50 גרם</ManufacturerItemDescription>
      <UnitQty>גרמים</UnitQty>
      <Quantity>50.00</Quantity>
      <bIsWeighted>0</bIsWeighted>
      <UnitOfMeasure>100 גרם</UnitOfMeasure>
      <QtyInPackage>1</QtyInPackage>
      <ItemPrice>6.90</ItemPrice>
      <UnitOfMeasurePrice>13.80</UnitOfMeasurePrice>
      <AllowDiscount>1</AllowDiscount>
      <ItemStatus>1</ItemStatus>
    </Item>
    <Item>
      <PriceUpdateDate>2025-05-18 10:17</PriceUpdateDate>
      <ItemCode>5000159560511</ItemCode>
      <ItemType>1</ItemType>
      <ItemName>סניקרס חטיף בודד 50 גרם</ItemName>
      <ManufacturerName>מרס הולנד בי.וי.</ManufacturerName>
      <ManufactureCountry>NL</ManufactureCountry>
      <ManufacturerItemDescription>סניקרס חטיף בודד 50 גרם</ManufacturerItemDescription>
      <UnitQty>גרמים</UnitQty>
      <Quantity>50.00</Quantity>
      <bIsWeighted>0</bIsWeighted>
      <UnitOfMeasure>100 גרם</UnitOfMeasure>
      <QtyInPackage>1</QtyInPackage>
      <ItemPrice>6.90</ItemPrice>
      <UnitOfMeasurePrice>13.80</UnitOfMeasurePrice>
      <AllowDiscount>1</AllowDiscount>
      <ItemStatus>1</ItemStatus>
    </Item>
    <Item>
      <PriceUpdateDate>2025-05-18 10:17</PriceUpdateDate>
      <ItemCode>5000159561976</ItemCode>
      <ItemType>1</ItemType>
      <ItemName>באונטי חטיף בודד 57 גרם</ItemName>
      <ManufacturerName>מרס הולנד בי.וי.</ManufacturerName>
      <ManufactureCountry>NL</ManufactureCountry>
      <ManufacturerItemDescription>באונטי חטיף בודד 57 גרם</ManufacturerItemDescription>
      <UnitQty>גרמים</UnitQty>
      <Quantity>57.00</Quantity>
      <bIsWeighted>0</bIsWeighted>
      <UnitOfMeasure>100 גרם</UnitOfMeasure>
      <QtyInPackage>1</QtyInPackage>
      <ItemPrice>6.90</ItemPrice>
      <UnitOfMeasurePrice>12.11</UnitOfMeasurePrice>
      <AllowDiscount>1</AllowDiscount>
      <ItemStatus>1</ItemStatus>
    </Item>
    <Item>
      <PriceUpdateDate>2024-12-23 17:26</PriceUpdateDate>
      <ItemCode>5000209145514</ItemCode>
      <ItemType>1</ItemType>
      <ItemName>קולגייט פלקס ירוק 250 מל</ItemName>
      <ManufacturerName>קולגייט-פלמוליב</ManufacturerName>
      <ManufactureCountry>BR</ManufactureCountry>
      <ManufacturerItemDescription>קולגייט פלקס ירוק 250 מל</ManufacturerItemDescription>
      <UnitQty>מיליליטרים</UnitQty>
      <Quantity>250.00</Quantity>
      <bIsWeighted>0</bIsWeighted>
      <UnitOfMeasure>100 מ"ל</UnitOfMeasure>
      <QtyInPackage>0</QtyInPackage>
      <ItemPrice>19.50</ItemPrice>
      <UnitOfMeasurePrice>7.80</UnitOfMeasurePrice>
      <AllowDiscount>1</AllowDiscount>
      <ItemStatus>1</ItemStatus>
    </Item>
    <Item>
      <PriceUpdateDate>2025-11-06 14:33</PriceUpdateDate>
      <ItemCode>50064861</ItemCode>
      <ItemType>1</ItemType>
      <ItemName>וזלין שפתון לחות רוזי</ItemName>
      <ManufacturerName>יוניליוור פולין</ManufacturerName>
      <ManufactureCountry>PL</ManufactureCountry>
      <ManufacturerItemDescription>וזלין שפתון לחות רוזי</ManufacturerItemDescription>
      <UnitQty>יחידה</UnitQty>
      <Quantity>1.00</Quantity>
      <bIsWeighted>0</bIsWeighted>
      <UnitOfMeasure>יחידה</UnitOfMeasure>
      <QtyInPackage>0</QtyInPackage>
      <ItemPrice>14.90</ItemPrice>
      <UnitOfMeasurePrice>14.90</UnitOfMeasurePrice>
      <AllowDiscount>1</AllowDiscount>
      <ItemStatus>1</ItemStatus>
    </Item>
    <Item>
      <PriceUpdateDate>2025-05-27 09:11</PriceUpdateDate>
      <ItemCode>5010415226303</ItemCode>
      <ItemType>1</ItemType>
      <ItemName>זוג בקבוקים 340 מ"ל בנות</ItemName>
      <ManufacturerName>הכי טבעי-הנסיך</ManufacturerName>
      <ManufactureCountry>IL</ManufactureCountry>
      <ManufacturerItemDescription>זוג בקבוקים340מל</ManufacturerItemDescription>
      <UnitQty>יחידה</UnitQty>
      <Quantity>1.00</Quantity>
      <bIsWeighted>0</bIsWeighted>
      <UnitOfMeasure>יחידה</UnitOfMeasure>
      <QtyInPackage>1</QtyInPackage>
      <ItemPrice>100.90</ItemPrice>
      <UnitOfMeasurePrice>100.90</UnitOfMeasurePrice>
      <AllowDiscount>1</AllowDiscount>
      <ItemStatus>1</ItemStatus>
    </Item>
    <Item>
      <PriceUpdateDate>2025-09-05 05:37</PriceUpdateDate>
      <ItemCode>5010724000328</ItemCode>
      <ItemType>1</ItemType>
      <ItemName>מדבקות לפצעונים 24 יח</ItemName>
      <ManufacturerName>---</ManufacturerName>
      <ManufactureCountry>KR</ManufactureCountry>
      <ManufacturerItemDescription>מדבקות לפצעונים 24 יח</ManufacturerItemDescription>
      <UnitQty>יחידה</UnitQty>
      <Quantity>1.00</Quantity>
      <bIsWeighted>0</bIsWeighted>
      <UnitOfMeasure>יחידה</UnitOfMeasure>
      <QtyInPackage>1</QtyInPackage>
      <ItemPrice>44.90</ItemPrice>
      <UnitOfMeasurePrice>44.90</UnitOfMeasurePrice>
      <AllowDiscount>1</AllowDiscount>
      <ItemStatus>1</ItemStatus>
    </Item>
    <Item>
      <PriceUpdateDate>2025-09-05 05:37</PriceUpdateDate>
      <ItemCode>5010724000434</ItemCode>
      <ItemType>1</ItemType>
      <ItemName>מדבקות הידרוקולואיד 24יח</ItemName>
      <ManufacturerName>---</ManufacturerName>
      <ManufactureCountry>KP</ManufactureCountry>
      <ManufacturerItemDescription>מדבקות הידרוקולואיד 24יח</ManufacturerItemDescription>
      <UnitQty>יחידה</UnitQty>
      <Quantity>1.00</Quantity>
      <bIsWeighted>0</bIsWeighted>
      <UnitOfMeasure>יחידה</UnitOfMeasure>
      <QtyInPackage>1</QtyInPackage>
      <ItemPrice>46.90</ItemPrice>
      <UnitOfMeasurePrice>46.90</UnitOfMeasurePrice>
      <AllowDiscount>1</AllowDiscount>
      <ItemStatus>1</ItemStatus>
    </Item>
    <Item>
      <PriceUpdateDate>2025-07-25 10:41</PriceUpdateDate>
      <ItemCode>5010724526798</ItemCode>
      <ItemType>1</ItemType>
      <ItemName>בטיסט בניחוח דובדבן 200מ</ItemName>
      <ManufacturerName>צ'רצ' אנד דיוויט</ManufacturerName>
      <ManufactureCountry>GB</ManufactureCountry>
      <ManufacturerItemDescription>בטיסט בניחוח דובדבן 200מ</ManufacturerItemDescription>
      <UnitQty>מיליליטרים</UnitQty>
      <Quantity>200.00</Quantity>
      <bIsWeighted>0</bIsWeighted>
      <UnitOfMeasure>100 מ"ל</UnitOfMeasure>
      <QtyInPackage>1</QtyInPackage>
      <ItemPrice>36.90</ItemPrice>
      <UnitOfMeasurePrice>18.45</UnitOfMeasurePrice>
      <AllowDiscount>1</AllowDiscount>
      <ItemStatus>1</ItemStatus>
    </Item>
    <Item>
      <PriceUpdateDate>2025-07-25 10:41</PriceUpdateDate>
      <ItemCode>5010724527375</ItemCode>
      <ItemType>1</ItemType>
      <ItemName>בטיסט שמפו פריחהאביב200מ</ItemName>
      <ManufacturerName>צ'רצ' אנד דיוויט</ManufacturerName>
      <ManufactureCountry>GB</ManufactureCountry>
      <ManufacturerItemDescription>בטיסט שמפו פריחהאביב200מ</ManufacturerItemDescription>
      <UnitQty>מיליליטרים</UnitQty>
      <Quantity>200.00</Quantity>
      <bIsWeighted>0</bIsWeighted>
      <UnitOfMeasure>100 מ"ל</UnitOfMeasure>
      <QtyInPackage>1</QtyInPackage>
      <ItemPrice>36.90</ItemPrice>
      <UnitOfMeasurePrice>18.45</UnitOfMeasurePrice>
      <AllowDiscount>1</AllowDiscount>
      <ItemStatus>1</ItemStatus>
    </Item>
    <Item>
      <PriceUpdateDate>2025-11-27 21:30</PriceUpdateDate>
      <ItemCode>5010934001856</ItemCode>
      <ItemType>1</ItemType>
      <ItemName>צבע שיער גבר חום בינוני</ItemName>
      <ManufacturerName>מדיטרנד</ManufacturerName>
      <ManufactureCountry>US</ManufactureCountry>
      <ManufacturerItemDescription>צבע שיער לגבר</ManufacturerItemDescription>
      <UnitQty>יחידה</UnitQty>
      <Quantity>1.00</Quantity>
      <bIsWeighted>0</bIsWeighted>
      <UnitOfMeasure>יחידה</UnitOfMeasure>
      <QtyInPackage>0</QtyInPackage>
      <ItemPrice>59.90</ItemPrice>
      <UnitOfMeasurePrice>59.90</UnitOfMeasurePrice>
      <AllowDiscount>1</AllowDiscount>
      <ItemStatus>1</ItemStatus>
    </Item>
    <Item>
      <PriceUpdateDate>2024-12-23 17:21</PriceUpdateDate>
      <ItemCode>5011321333222</ItemCode>
      <ItemType>1</ItemType>
      <ItemName>הד&amp;שולדרס שמפו קלאסית400</ItemName>
      <ManufacturerName>PROCTER&amp;GAMBLE</ManufacturerName>
      <ManufactureCountry>RO</ManufactureCountry>
      <ManufacturerItemDescription>הד&amp;שולדרס שמפו קלאסית400</ManufacturerItemDescription>
      <UnitQty>מיליליטרים</UnitQty>
      <Quantity>400.00</Quantity>
      <bIsWeighted>0</bIsWeighted>
      <UnitOfMeasure>100 מ"ל</UnitOfMeasure>
      <QtyInPackage>0</QtyInPackage>
      <ItemPrice>19.90</ItemPrice>
      <UnitOfMeasurePrice>4.98</UnitOfMeasurePrice>
      <AllowDiscount>1</AllowDiscount>
      <ItemStatus>1</ItemStatus>
    </Item>
    <Item>
      <PriceUpdateDate>2024-12-23 17:26</PriceUpdateDate>
      <ItemCode>5011408028034</ItemCode>
      <ItemType>1</ItemType>
      <ItemName>ספריי חזק לשיער אלנט</ItemName>
      <ManufacturerName>SOPROCOS</ManufacturerName>
      <ManufactureCountry>FR</ManufactureCountry>
      <ManufacturerItemDescription>ספריי חזק לשיער אלנט</ManufacturerItemDescription>
      <UnitQty>מיליליטרים</UnitQty>
      <Quantity>400.00</Quantity>
      <bIsWeighted>0</bIsWeighted>
      <UnitOfMeasure>100 מ"ל</UnitOfMeasure>
      <QtyInPackage>0</QtyInPackage>
      <ItemPrice>38.90</ItemPrice>
      <UnitOfMeasurePrice>9.73</UnitOfMeasurePrice>
      <AllowDiscount>1</AllowDiscount>
      <ItemStatus>1</ItemStatus>
    </Item>
    <Item>
      <PriceUpdateDate>2025-11-27 19:30</PriceUpdateDate>
      <ItemCode>5011408040791</ItemCode>
      <ItemType>1</ItemType>
      <ItemName>REVITALIFT קרם לילה 50מל</ItemName>
      <ManufacturerName>קרלסרו, גרמניה</ManufacturerName>
      <ManufactureCountry>DE</ManufactureCountry>
      <ManufacturerItemDescription>REVITALIFT קרם לילה 50מל</ManufacturerItemDescription>
      <UnitQty>מיליליטרים</UnitQty>
      <Quantity>50.00</Quantity>
      <bIsWeighted>0</bIsWeighted>
      <UnitOfMeasure>100 מ"ל</UnitOfMeasure>
      <QtyInPackage>0</QtyInPackage>
      <ItemPrice>59.90</ItemPrice>
      <UnitOfMeasurePrice>119.80</UnitOfMeasurePrice>
      <AllowDiscount>1</AllowDiscount>
      <ItemStatus>1</ItemStatus>
    </Item>
    <Item>
      <PriceUpdateDate>2025-11-27 19:40</PriceUpdateDate>
      <ItemCode>5012251012645</ItemCode>
      <ItemType>1</ItemType>
      <ItemName>מדבקות להוצאת שחורים אף</ItemName>
      <ManufacturerName>ביוטי פורמולה</ManufacturerName>
      <ManufactureCountry>GB</ManufactureCountry>
      <ManufacturerItemDescription>מדבקות להוצאת שחורים אף</ManufacturerItemDescription>
      <UnitQty>יחידה</UnitQty>
      <Quantity>1.00</Quantity>
      <bIsWeighted>0</bIsWeighted>
      <UnitOfMeasure>יחידה</UnitOfMeasure>
      <QtyInPackage>1</QtyInPackage>
      <ItemPrice>14.90</ItemPrice>
      <UnitOfMeasurePrice>14.90</UnitOfMeasurePrice>
      <AllowDiscount>1</AllowDiscount>
      <ItemStatus>1</ItemStatus>
    </Item>
    <Item>
      <PriceUpdateDate>2025-01-01 10:05</PriceUpdateDate>
      <ItemCode>5012251012850</ItemCode>
      <ItemType>1</ItemType>
      <ItemName>רטיות זהב הידרו ג'ל 6 יח</ItemName>
      <ManufacturerName>ביוטי פורמולה</ManufacturerName>
      <ManufactureCountry>IL</ManufactureCountry>
      <ManufacturerItemDescription>רטיות זהב הידרו גל 6 יח</ManufacturerItemDescription>
      <UnitQty>יחידה</UnitQty>
      <Quantity>1.00</Quantity>
      <bIsWeighted>0</bIsWeighted>
      <UnitOfMeasure>יחידה</UnitOfMeasure>
      <QtyInPackage>1</QtyInPackage>
      <ItemPrice>30.90</ItemPrice>
      <UnitOfMeasurePrice>30.90</UnitOfMeasurePrice>
      <AllowDiscount>1</AllowDiscount>
      <ItemStatus>1</ItemStatus>
    </Item>
    <Item>
      <PriceUpdateDate>2025-12-01 20:20</PriceUpdateDate>
      <ItemCode>5012583201885</ItemCode>
      <ItemType>1</ItemType>
      <ItemName>גוט טו ספריי הגנה 200מל</ItemName>
      <ManufacturerName>---</ManufacturerName>
      <ManufactureCountry>SI</ManufactureCountry>
      <ManufacturerItemDescription>גוט טו ספריי הגנה 200מל</ManufacturerItemDescription>
      <UnitQty>מיליליטרים</UnitQty>
      <Quantity>200.00</Quantity>
      <bIsWeighted>0</bIsWeighted>
      <UnitOfMeasure>100 מ"ל</UnitOfMeasure>
      <QtyInPackage>1</QtyInPackage>
      <ItemPrice>44.90</ItemPrice>
      <UnitOfMeasurePrice>22.45</UnitOfMeasurePrice>
      <AllowDiscount>1</AllowDiscount>
      <ItemStatus>1</ItemStatus>
    </Item>
    <Item>
      <PriceUpdateDate>2025-12-01 20:20</PriceUpdateDate>
      <ItemCode>5012583210900</ItemCode>
      <ItemType>1</ItemType>
      <ItemName>got2b גל לגבות ולקצוות</ItemName>
      <ManufacturerName>הנקל סוד</ManufacturerName>
      <ManufactureCountry>DE</ManufactureCountry>
      <ManufacturerItemDescription>got2b גל לגבות ולקצוות</ManufacturerItemDescription>
      <UnitQty>מיליליטרים</UnitQty>
      <Quantity>16.00</Quantity>
      <bIsWeighted>0</bIsWeighted>
      <UnitOfMeasure>100 מ"ל</UnitOfMeasure>
      <QtyInPackage>1</QtyInPackage>
      <ItemPrice>44.90</ItemPrice>
      <UnitOfMeasurePrice>280.63</UnitOfMeasurePrice>
      <AllowDiscount>1</AllowDiscount>
      <ItemStatus>1</ItemStatus>
    </Item>
    <Item>
      <PriceUpdateDate>2025-11-27 21:30</PriceUpdateDate>
      <ItemCode>5029053506197</ItemCode>
      <ItemType>1</ItemType>
      <ItemName>קוטקס טמפונים נורמל 16יח</ItemName>
      <ManufacturerName>קימברלי קלארק</ManufacturerName>
      <ManufactureCountry>CZ</ManufactureCountry>
      <ManufacturerItemDescription>קוטקס טמפונים נורמל 16יח</ManufacturerItemDescription>
      <UnitQty>יחידה</UnitQty>
      <Quantity>1.00</Quantity>
      <bIsWeighted>0</bIsWeighted>
      <UnitOfMeasure>יחידה</UnitOfMeasure>
      <QtyInPackage>1</QtyInPackage>
      <ItemPrice>10.00</ItemPrice>
      <UnitOfMeasurePrice>10.00</UnitOfMeasurePrice>
      <AllowDiscount>1</AllowDiscount>
      <ItemStatus>1</ItemStatus>
    </Item>
    <Item>
      <PriceUpdateDate>2025-11-27 21:30</PriceUpdateDate>
      <ItemCode>5029053506203</ItemCode>
      <ItemType>1</ItemType>
      <ItemName>קוטקס טמפונים סופר 16 יח</ItemName>
      <ManufacturerName>קימברלי קלארק</ManufacturerName>
      <ManufactureCountry>CZ</ManufactureCountry>
      <ManufacturerItemDescription>קוטקס טמפונים סופר 16 יח</ManufacturerItemDescription>
      <UnitQty>יחידה</UnitQty>
      <Quantity>1.00</Quantity>
      <bIsWeighted>0</bIsWeighted>
      <UnitOfMeasure>יחידה</UnitOfMeasure>
      <QtyInPackage>1</QtyInPackage>
      <ItemPrice>10.00</ItemPrice>
      <UnitOfMeasurePrice>10.00</UnitOfMeasurePrice>
      <AllowDiscount>1</AllowDiscount>
      <ItemStatus>1</ItemStatus>
    </Item>
    <Item>
      <PriceUpdateDate>2024-12-23 17:18</PriceUpdateDate>
      <ItemCode>5029053510811</ItemCode>
      <ItemType>1</ItemType>
      <ItemName>קוטקס תחבושות נורמל 30יח</ItemName>
      <ManufacturerName>חוגלה קימברלי</ManufacturerName>
      <ManufactureCountry>CZ</ManufactureCountry>
      <ManufacturerItemDescription>קוטקס תחבושות נורמל 30יח</ManufacturerItemDescription>
      <UnitQty>יחידה</UnitQty>
      <Quantity>1.00</Quantity>
      <bIsWeighted>0</bIsWeighted>
      <UnitOfMeasure>יחידה</UnitOfMeasure>
      <QtyInPackage>0</QtyInPackage>
      <ItemPrice>22.90</ItemPrice>
      <UnitOfMeasurePrice>22.90</UnitOfMeasurePrice>
      <AllowDiscount>1</AllowDiscount>
      <ItemStatus>1</ItemStatus>
    </Item>
    <Item>
      <PriceUpdateDate>2024-12-23 17:18</PriceUpdateDate>
      <ItemCode>5029053510828</ItemCode>
      <ItemType>1</ItemType>
      <ItemName>קוטקס תחבושות סופר 22 יח</ItemName>
      <ManufacturerName>חוגלה קימברלי</ManufacturerName>
      <ManufactureCountry>CZ</ManufactureCountry>
      <ManufacturerItemDescription>קוטקס תחבושות סופר 22 יח</ManufacturerItemDescription>
      <UnitQty>יחידה</UnitQty>
      <Quantity>1.00</Quantity>
      <bIsWeighted>0</bIsWeighted>
      <UnitOfMeasure>יחידה</UnitOfMeasure>
      <QtyInPackage>0</QtyInPackage>
      <ItemPrice>22.90</ItemPrice>
      <UnitOfMeasurePrice>22.90</UnitOfMeasurePrice>
      <AllowDiscount>1</AllowDiscount>
      <ItemStatus>1</ItemStatus>
    </Item>
    <Item>
      <PriceUpdateDate>2024-12-23 17:18</PriceUpdateDate>
      <ItemCode>5029053523446</ItemCode>
      <ItemType>1</ItemType>
      <ItemName>קוטקס תחבושות נייט 20 יח</ItemName>
      <ManufacturerName>חוגלה קימברלי</ManufacturerName>
      <ManufactureCountry>CZ</ManufactureCountry>
      <ManufacturerItemDescription>קוטקס תחבושות נייט 20 יח</ManufacturerItemDescription>
      <UnitQty>יחידה</UnitQty>
      <Quantity>1.00</Quantity>
      <bIsWeighted>0</bIsWeighted>
      <UnitOfMeasure>יחידה</UnitOfMeasure>
      <QtyInPackage>0</QtyInPackage>
      <ItemPrice>22.90</ItemPrice>
      <UnitOfMeasurePrice>22.90</UnitOfMeasurePrice>
      <AllowDiscount>1</AllowDiscount>
      <ItemStatus>1</ItemStatus>
    </Item>
    <Item>
      <PriceUpdateDate>2025-12-15 10:00</PriceUpdateDate>
      <ItemCode>5029053527598</ItemCode>
      <ItemType>1</ItemType>
      <ItemName>9תח.ספיגה לילה בנים8-15</ItemName>
      <ManufacturerName>חוגלה קימברלי</ManufacturerName>
      <ManufactureCountry>CZ</ManufactureCountry>
      <ManufacturerItemDescription>תחתוני ספיגה האג</ManufacturerItemDescription>
      <UnitQty>יחידה</UnitQty>
      <Quantity>1.00</Quantity>
      <bIsWeighted>0</bIsWeighted>
      <UnitOfMeasure>יחידה</UnitOfMeasure>
      <QtyInPackage>0</QtyInPackage>
      <ItemPrice>32.90</ItemPrice>
      <UnitOfMeasurePrice>32.90</UnitOfMeasurePrice>
      <AllowDiscount>1</AllowDiscount>
      <ItemStatus>1</ItemStatus>
    </Item>
    <Item>
      <PriceUpdateDate>2025-12-15 10:00</PriceUpdateDate>
      <ItemCode>5029053527604</ItemCode>
      <ItemType>1</ItemType>
      <ItemName>9תח.ספיגה לילה בנות8-13</ItemName>
      <ManufacturerName>חוגלה קימברלי</ManufacturerName>
      <ManufactureCountry>IL</ManufactureCountry>
      <ManufacturerItemDescription>תחתוני ספיגה האג</ManufacturerItemDescription>
      <UnitQty>יחידה</UnitQty>
      <Quantity>1.00</Quantity>
      <bIsWeighted>0</bIsWeighted>
      <UnitOfMeasure>יחידה</UnitOfMeasure>
      <QtyInPackage>0</QtyInPackage>
      <ItemPrice>32.90</ItemPrice>
      <UnitOfMeasurePrice>32.90</UnitOfMeasurePrice>
      <AllowDiscount>1</AllowDiscount>
      <ItemStatus>1</ItemStatus>
    </Item>
    <Item>
      <PriceUpdateDate>2023-11-30 17:52</PriceUpdateDate>
      <ItemCode>5029053534589</ItemCode>
      <ItemType>1</ItemType>
      <ItemName>32 טמפוני קוטקס מיני</ItemName>
      <ManufacturerName>קימברלי קלארק</ManufacturerName>
      <ManufactureCountry>CZ</ManufactureCountry>
      <ManufacturerItemDescription>32 טמפוני קוטקס מיני</ManufacturerItemDescription>
      <UnitQty>יחידה</UnitQty>
      <Quantity>1.00</Quantity>
      <bIsWeighted>0</bIsWeighted>
      <UnitOfMeasure>יחידה</UnitOfMeasure>
      <QtyInPackage>0</QtyInPackage>
      <ItemPrice>29.90</ItemPrice>
      <UnitOfMeasurePrice>29.90</UnitOfMeasurePrice>
      <AllowDiscount>1</AllowDiscount>
      <ItemStatus>1</ItemStatus>
    </Item>
    <Item>
      <PriceUpdateDate>2023-11-30 17:52</PriceUpdateDate>
      <ItemCode>5029053534596</ItemCode>
      <ItemType>1</ItemType>
      <ItemName>32 טמפוני קוטקס נורמל</ItemName>
      <ManufacturerName>קימברלי קלארק</ManufacturerName>
      <ManufactureCountry>CZ</ManufactureCountry>
      <ManufacturerItemDescription>32 טמפוני קוטקס נורמל</ManufacturerItemDescription>
      <UnitQty>יחידה</UnitQty>
      <Quantity>1.00</Quantity>
      <bIsWeighted>0</bIsWeighted>
      <UnitOfMeasure>יחידה</UnitOfMeasure>
      <QtyInPackage>0</QtyInPackage>
      <ItemPrice>29.90</ItemPrice>
      <UnitOfMeasurePrice>29.90</UnitOfMeasurePrice>
      <AllowDiscount>1</AllowDiscount>
      <ItemStatus>1</ItemStatus>
    </Item>
    <Item>
      <PriceUpdateDate>2023-11-30 17:52</PriceUpdateDate>
      <ItemCode>5029053534602</ItemCode>
      <ItemType>1</ItemType>
      <ItemName>32 טמפוני קוטקס סופר</ItemName>
      <ManufacturerName>קימברלי קלארק</ManufacturerName>
      <ManufactureCountry>CZ</ManufactureCountry>
      <ManufacturerItemDescription>32 טמפוני קוטקס סופר</ManufacturerItemDescription>
      <UnitQty>יחידה</UnitQty>
      <Quantity>1.00</Quantity>
      <bIsWeighted>0</bIsWeighted>
      <UnitOfMeasure>יחידה</UnitOfMeasure>
      <QtyInPackage>0</QtyInPackage>
      <ItemPrice>29.90</ItemPrice>
      <UnitOfMeasurePrice>29.90</UnitOfMeasurePrice>
      <AllowDiscount>1</AllowDiscount>
      <ItemStatus>1</ItemStatus>
    </Item>
    <Item>
      <PriceUpdateDate>2023-01-02 14:30</PriceUpdateDate>
      <ItemCode>5029053535227</ItemCode>
      <ItemType>1</ItemType>
      <ItemName>16טמפו.קוטקס מוליך נורמ.</ItemName>
      <ManufacturerName>קימברלי קלארק</ManufacturerName>
      <ManufactureCountry>CZ</ManufactureCountry>
      <ManufacturerItemDescription>טמפוני קוטקס</ManufacturerItemDescription>
      <UnitQty>יחידה</UnitQty>
      <Quantity>1.00</Quantity>
      <bIsWeighted>0</bIsWeighted>
      <UnitOfMeasure>יחידה</UnitOfMeasure>
      <QtyInPackage>0</QtyInPackage>
      <ItemPrice>21.90</ItemPrice>
      <UnitOfMeasurePrice>21.90</UnitOfMeasurePrice>
      <AllowDiscount>1</AllowDiscount>
      <ItemStatus>1</ItemStatus>
    </Item>
    <Item>
      <PriceUpdateDate>2023-01-02 14:30</PriceUpdateDate>
      <ItemCode>5029053535234</ItemCode>
      <ItemType>1</ItemType>
      <ItemName>16טמפונ.קוטקס מוליך סופר</ItemName>
      <ManufacturerName>חוגלה קימברלי</ManufacturerName>
      <ManufactureCountry>CZ</ManufactureCountry>
      <ManufacturerItemDescription>16טמפונ.קוטקס מוליך סופר</ManufacturerItemDescription>
      <UnitQty>יחידה</UnitQty>
      <Quantity>1.00</Quantity>
      <bIsWeighted>0</bIsWeighted>
      <UnitOfMeasure>יחידה</UnitOfMeasure>
      <QtyInPackage>0</QtyInPackage>
      <ItemPrice>21.90</ItemPrice>
      <UnitOfMeasurePrice>21.90</UnitOfMeasurePrice>
      <AllowDiscount>1</AllowDiscount>
      <ItemStatus>1</ItemStatus>
    </Item>
    <Item>
      <PriceUpdateDate>2024-12-23 17:26</PriceUpdateDate>
      <ItemCode>5029053560762</ItemCode>
      <ItemType>1</ItemType>
      <ItemName>קלינקס ממחטות לכיס 8 יח</ItemName>
      <ManufacturerName>קימברלי קלארק</ManufacturerName>
      <ManufactureCountry>IT</ManufactureCountry>
      <ManufacturerItemDescription>קלינקס ממחטות לכיס 8 יח</ManufacturerItemDescription>
      <UnitQty>יחידה</UnitQty>
      <Quantity>1.00</Quantity>
      <bIsWeighted>0</bIsWeighted>
      <UnitOfMeasure>יחידה</UnitOfMeasure>
      <QtyInPackage>1</QtyInPackage>
      <ItemPrice>10.20</ItemPrice>
      <UnitOfMeasurePrice>10.20</UnitOfMeasurePrice>
      <AllowDiscount>1</AllowDiscount>
      <ItemStatus>1</ItemStatus>
    </Item>
    <Item>
      <PriceUpdateDate>2024-12-23 17:20</PriceUpdateDate>
      <ItemCode>5029053574110</ItemCode>
      <ItemType>1</ItemType>
      <ItemName>האגיס פול אפס יום לבנים</ItemName>
      <ManufacturerName>---</ManufacturerName>
      <ManufactureCountry>CZ</ManufactureCountry>
      <ManufacturerItemDescription>האגיס פול אפס יום לבנים</ManufacturerItemDescription>
      <UnitQty>יחידה</UnitQty>
      <Quantity>1.00</Quantity>
      <bIsWeighted>0</bIsWeighted>
      <UnitOfMeasure>יחידה</UnitOfMeasure>
      <QtyInPackage>1</QtyInPackage>
      <ItemPrice>55.90</ItemPrice>
      <UnitOfMeasurePrice>55.90</UnitOfMeasurePrice>
      <AllowDiscount>1</AllowDiscount>
      <ItemStatus>1</ItemStatus>
    </Item>
    <Item>
      <PriceUpdateDate>2025-12-16 22:40</PriceUpdateDate>
      <ItemCode>5029053579986</ItemCode>
      <ItemType>1</ItemType>
      <ItemName>קלינקס טישו לאף 112דף</ItemName>
      <ManufacturerName>---</ManufacturerName>
      <ManufactureCountry>FR</ManufactureCountry>
      <ManufacturerItemDescription>קלינקס טישו לאף 112דף</ManufacturerItemDescription>
      <UnitQty>יחידה</UnitQty>
      <Quantity>1.00</Quantity>
      <bIsWeighted>0</bIsWeighted>
      <UnitOfMeasure>יחידה</UnitOfMeasure>
      <QtyInPackage>1</QtyInPackage>
      <ItemPrice>14.90</ItemPrice>
      <UnitOfMeasurePrice>14.90</UnitOfMeasurePrice>
      <AllowDiscount>1</AllowDiscount>
      <ItemStatus>1</ItemStatus>
    </Item>
    <Item>
      <PriceUpdateDate>2025-05-23 06:22</PriceUpdateDate>
      <ItemCode>5054563204226</ItemCode>
      <ItemType>1</ItemType>
      <ItemName>אקוהפרש לגילאי 6-8 שנים</ItemName>
      <ManufacturerName>---</ManufacturerName>
      <ManufactureCountry>SK</ManufactureCountry>
      <ManufacturerItemDescription>אקוהפרש לגילאי 6-8 שנים</ManufacturerItemDescription>
      <UnitQty>מיליליטרים</UnitQty>
      <Quantity>50.00</Quantity>
      <bIsWeighted>0</bIsWeighted>
      <UnitOfMeasure>100 מ"ל</UnitOfMeasure>
      <QtyInPackage>1</QtyInPackage>
      <ItemPrice>12.90</ItemPrice>
      <UnitOfMeasurePrice>25.80</UnitOfMeasurePrice>
      <AllowDiscount>1</AllowDiscount>
      <ItemStatus>1</ItemStatus>
    </Item>
    <Item>
      <PriceUpdateDate>2025-11-27 21:50</PriceUpdateDate>
      <ItemCode>5054563205667</ItemCode>
      <ItemType>1</ItemType>
      <ItemName>אקוה פרש לשיני חלב 0-5 5</ItemName>
      <ManufacturerName>---</ManufacturerName>
      <ManufactureCountry>SK</ManufactureCountry>
      <ManufacturerItemDescription>אקוה פרש לשיני חלב 0-5 5</ManufacturerItemDescription>
      <UnitQty>מיליליטרים</UnitQty>
      <Quantity>50.00</Quantity>
      <bIsWeighted>0</bIsWeighted>
      <UnitOfMeasure>100 מ"ל</UnitOfMeasure>
      <QtyInPackage>1</QtyInPackage>
      <ItemPrice>10.00</ItemPrice>
      <UnitOfMeasurePrice>20.00</UnitOfMeasurePrice>
      <AllowDiscount>1</AllowDiscount>
      <ItemStatus>1</ItemStatus>
    </Item>
    <Item>
      <PriceUpdateDate>2025-01-03 00:45</PriceUpdateDate>
      <ItemCode>5056267004126</ItemCode>
      <ItemType>1</ItemType>
      <ItemName>ENLIVEN שטיפת פה 500מל</ItemName>
      <ManufacturerName>פארמה דיל</ManufacturerName>
      <ManufactureCountry>GB</ManufactureCountry>
      <ManufacturerItemDescription>ENLIVEN שטיפת פה 500מל</ManufacturerItemDescription>
      <UnitQty>מיליליטרים</UnitQty>
      <Quantity>500.00</Quantity>
      <bIsWeighted>0</bIsWeighted>
      <UnitOfMeasure>100 מ"ל</UnitOfMeasure>
      <QtyInPackage>0</QtyInPackage>
      <ItemPrice>15.90</ItemPrice>
      <UnitOfMeasurePrice>3.18</UnitOfMeasurePrice>
      <AllowDiscount>1</AllowDiscount>
      <ItemStatus>1</ItemStatus>
    </Item>
    <Item>
      <PriceUpdateDate>2025-04-22 15:18</PriceUpdateDate>
      <ItemCode>5060062992588</ItemCode>
      <ItemType>1</ItemType>
      <ItemName>לנסינו שק.לאחסון חלב אם</ItemName>
      <ManufacturerName>ISRAEL INDIVIOR</ManufacturerName>
      <ManufactureCountry>IL</ManufactureCountry>
      <ManufacturerItemDescription>שק.לאחסון חלב אם</ManufacturerItemDescription>
      <UnitQty>יחידה</UnitQty>
      <Quantity>1.00</Quantity>
      <bIsWeighted>0</bIsWeighted>
      <UnitOfMeasure>יחידה</UnitOfMeasure>
      <QtyInPackage>0</QtyInPackage>
      <ItemPrice>59.90</ItemPrice>
      <UnitOfMeasurePrice>59.90</UnitOfMeasurePrice>
      <AllowDiscount>1</AllowDiscount>
      <ItemStatus>1</ItemStatus>
    </Item>
    <Item>
      <PriceUpdateDate>2025-12-01 20:10</PriceUpdateDate>
      <ItemCode>5060152824157</ItemCode>
      <ItemType>1</ItemType>
      <ItemName>גל רחצה לבבות מרשמלו500</ItemName>
      <ManufacturerName>כללי</ManufacturerName>
      <ManufactureCountry>GB</ManufactureCountry>
      <ManufacturerItemDescription>גל רחצה לבבות מרשמלו500</ManufacturerItemDescription>
      <UnitQty>מיליליטרים</UnitQty>
      <Quantity>500.00</Quantity>
      <bIsWeighted>0</bIsWeighted>
      <UnitOfMeasure>100 מ"ל</UnitOfMeasure>
      <QtyInPackage>1</QtyInPackage>
      <ItemPrice>12.90</ItemPrice>
      <UnitOfMeasurePrice>2.58</UnitOfMeasurePrice>
      <AllowDiscount>1</AllowDiscount>
      <ItemStatus>1</ItemStatus>
    </Item>
    <Item>
      <PriceUpdateDate>2025-11-27 21:30</PriceUpdateDate>
      <ItemCode>5060152827097</ItemCode>
      <ItemType>1</ItemType>
      <ItemName>Brazilianתחליב לחות250מל</ItemName>
      <ManufacturerName>בלו אורנג'</ManufacturerName>
      <ManufactureCountry>GB</ManufactureCountry>
      <ManufacturerItemDescription>Brazilianתחליב לחות250מל</ManufacturerItemDescription>
      <UnitQty>מיליליטרים</UnitQty>
      <Quantity>250.00</Quantity>
      <bIsWeighted>0</bIsWeighted>
      <UnitOfMeasure>100 מ"ל</UnitOfMeasure>
      <QtyInPackage>1</QtyInPackage>
      <ItemPrice>24.90</ItemPrice>
      <UnitOfMeasurePrice>9.96</UnitOfMeasurePrice>
      <AllowDiscount>1</AllowDiscount>
      <ItemStatus>1</ItemStatus>
    </Item>
    <Item>
      <PriceUpdateDate>2025-12-01 20:10</PriceUpdateDate>
      <ItemCode>5060152827271</ItemCode>
      <ItemType>1</ItemType>
      <ItemName>פילינג גוף דובדבן 225מ"ל</ItemName>
      <ManufacturerName>---</ManufacturerName>
      <ManufactureCountry>GB</ManufactureCountry>
      <ManufacturerItemDescription>פילינג גוף דובדבן 225מ"ל</ManufacturerItemDescription>
      <UnitQty>מיליליטרים</UnitQty>
      <Quantity>225.00</Quantity>
      <bIsWeighted>0</bIsWeighted>
      <UnitOfMeasure>100 מ"ל</UnitOfMeasure>
      <QtyInPackage>1</QtyInPackage>
      <ItemPrice>18.90</ItemPrice>
      <UnitOfMeasurePrice>8.40</UnitOfMeasurePrice>
      <AllowDiscount>1</AllowDiscount>
      <ItemStatus>1</ItemStatus>
    </Item>
    <Item>
      <PriceUpdateDate>2025-04-02 15:38</PriceUpdateDate>
      <ItemCode>5060426150098</ItemCode>
      <ItemType>1</ItemType>
      <ItemName>קרם גוף רך 200 מ"ל מתנה</ItemName>
      <ManufacturerName>CRM TRADING</ManufacturerName>
      <ManufactureCountry>GB</ManufactureCountry>
      <ManufacturerItemDescription>קרם גוף רך 200 מ"ל מתנה</ManufacturerItemDescription>
      <UnitQty>מיליליטרים</UnitQty>
      <Quantity>200.00</Quantity>
      <bIsWeighted>0</bIsWeighted>
      <UnitOfMeasure>100 מ"ל</UnitOfMeasure>
      <QtyInPackage>1</QtyInPackage>
      <ItemPrice>49.90</ItemPrice>
      <UnitOfMeasurePrice>24.95</UnitOfMeasurePrice>
      <AllowDiscount>1</AllowDiscount>
      <ItemStatus>1</ItemStatus>
    </Item>
    <Item>
      <PriceUpdateDate>2025-11-06 14:33</PriceUpdateDate>
      <ItemCode>5099802150117</ItemCode>
      <ItemType>1</ItemType>
      <ItemName>וזלין שפתון לחות כחול</ItemName>
      <ManufacturerName>יוניליוור פולין</ManufacturerName>
      <ManufactureCountry>PL</ManufactureCountry>
      <ManufacturerItemDescription>וזלין שפתון לחות כחול</ManufacturerItemDescription>
      <UnitQty>יחידה</UnitQty>
      <Quantity>1.00</Quantity>
      <bIsWeighted>0</bIsWeighted>
      <UnitOfMeasure>יחידה</UnitOfMeasure>
      <QtyInPackage>0</QtyInPackage>
      <ItemPrice>14.90</ItemPrice>
      <UnitOfMeasurePrice>14.90</UnitOfMeasurePrice>
      <AllowDiscount>1</AllowDiscount>
      <ItemStatus>1</ItemStatus>
    </Item>
    <Item>
      <PriceUpdateDate>2025-12-01 20:20</PriceUpdateDate>
      <ItemCode>5201143757461</ItemCode>
      <ItemType>1</ItemType>
      <ItemName>מסיכה לשיער צבוע 400 מ"ל</ItemName>
      <ManufacturerName>הנקל שוורצקופף</ManufacturerName>
      <ManufactureCountry>SI</ManufactureCountry>
      <ManufacturerItemDescription>מסיכה לשיער צבוע 400 מ"ל</ManufacturerItemDescription>
      <UnitQty>מיליליטרים</UnitQty>
      <Quantity>400.00</Quantity>
      <bIsWeighted>0</bIsWeighted>
      <UnitOfMeasure>100 מ"ל</UnitOfMeasure>
      <QtyInPackage>1</QtyInPackage>
      <ItemPrice>29.90</ItemPrice>
      <UnitOfMeasurePrice>7.48</UnitOfMeasurePrice>
      <AllowDiscount>1</AllowDiscount>
      <ItemStatus>1</ItemStatus>
    </Item>
    <Item>
      <PriceUpdateDate>2025-12-01 20:20</PriceUpdateDate>
      <ItemCode>5201178801030</ItemCode>
      <ItemType>1</ItemType>
      <ItemName>קרם ניוואה רב"ש 75 מ"ל</ItemName>
      <ManufacturerName>HELLAS BEIERSDORF</ManufacturerName>
      <ManufactureCountry>DE</ManufactureCountry>
      <ManufacturerItemDescription>קרם ניוואה רב"ש 75 מ"ל</ManufacturerItemDescription>
      <UnitQty>מיליליטרים</UnitQty>
      <Quantity>75.00</Quantity>
      <bIsWeighted>0</bIsWeighted>
      <UnitOfMeasure>100 מ"ל</UnitOfMeasure>
      <QtyInPackage>0</QtyInPackage>
      <ItemPrice>10.00</ItemPrice>
      <UnitOfMeasurePrice>13.33</UnitOfMeasurePrice>
      <AllowDiscount>1</AllowDiscount>
      <ItemStatus>1</ItemStatus>
    </Item>
    <Item>
      <PriceUpdateDate>2024-12-10 10:20</PriceUpdateDate>
      <ItemCode>5201263001536</ItemCode>
      <ItemType>1</ItemType>
      <ItemName>DAY EVERY מגן תחתוןXL 24</ItemName>
      <ManufacturerName>---</ManufacturerName>
      <ManufactureCountry>GR</ManufactureCountry>
      <ManufacturerItemDescription>מגני תחתון XL</ManufacturerItemDescription>
      <UnitQty>יחידה</UnitQty>
      <Quantity>1.00</Quantity>
      <bIsWeighted>0</bIsWeighted>
      <UnitOfMeasure>יחידה</UnitOfMeasure>
      <QtyInPackage>1</QtyInPackage>
      <ItemPrice>16.50</ItemPrice>
      <UnitOfMeasurePrice>16.50</UnitOfMeasurePrice>
      <AllowDiscount>1</AllowDiscount>
      <ItemStatus>1</ItemStatus>
    </Item>
    <Item>
      <PriceUpdateDate>2025-01-01 10:06</PriceUpdateDate>
      <ItemCode>5201263001765</ItemCode>
      <ItemType>1</ItemType>
      <ItemName>DAY EVERYמגן תחתון לארג</ItemName>
      <ManufacturerName>MEGA</ManufacturerName>
      <ManufactureCountry>CN</ManufactureCountry>
      <ManufacturerItemDescription>מגני תחתון לארג</ManufacturerItemDescription>
      <UnitQty>יחידה</UnitQty>
      <Quantity>1.00</Quantity>
      <bIsWeighted>0</bIsWeighted>
      <UnitOfMeasure>יחידה</UnitOfMeasure>
      <QtyInPackage>1</QtyInPackage>
      <ItemPrice>15.20</ItemPrice>
      <UnitOfMeasurePrice>15.20</UnitOfMeasurePrice>
      <AllowDiscount>1</AllowDiscount>
      <ItemStatus>1</ItemStatus>
    </Item>
    <Item>
      <PriceUpdateDate>2025-01-01 10:06</PriceUpdateDate>
      <ItemCode>5201263006364</ItemCode>
      <ItemType>1</ItemType>
      <ItemName>DAY EVERYתחבושות מקסי18י</ItemName>
      <ManufacturerName>---</ManufacturerName>
      <ManufactureCountry>GR</ManufactureCountry>
      <ManufacturerItemDescription>תחבושות מקסי</ManufacturerItemDescription>
      <UnitQty>יחידה</UnitQty>
      <Quantity>1.00</Quantity>
      <bIsWeighted>0</bIsWeighted>
      <UnitOfMeasure>יחידה</UnitOfMeasure>
      <QtyInPackage>1</QtyInPackage>
      <ItemPrice>16.20</ItemPrice>
      <UnitOfMeasurePrice>16.20</UnitOfMeasurePrice>
      <AllowDiscount>1</AllowDiscount>
      <ItemStatus>1</ItemStatus>
    </Item>
    <Item>
      <PriceUpdateDate>2025-08-20 13:38</PriceUpdateDate>
      <ItemCode>5201314180340</ItemCode>
      <ItemType>1</ItemType>
      <ItemName>גל שיזוף אינט גולד150מל</ItemName>
      <ManufacturerName>CARROTEN</ManufacturerName>
      <ManufactureCountry>GR</ManufactureCountry>
      <ManufacturerItemDescription>גל שיזוף אינט גולד150מל</ManufacturerItemDescription>
      <UnitQty>מיליליטרים</UnitQty>
      <Quantity>150.00</Quantity>
      <bIsWeighted>0</bIsWeighted>
      <UnitOfMeasure>100 מ"ל</UnitOfMeasure>
      <QtyInPackage>1</QtyInPackage>
      <ItemPrice>71.90</ItemPrice>
      <UnitOfMeasurePrice>47.93</UnitOfMeasurePrice>
      <AllowDiscount>1</AllowDiscount>
      <ItemStatus>1</ItemStatus>
    </Item>
    <Item>
      <PriceUpdateDate>2025-12-01 20:20</PriceUpdateDate>
      <ItemCode>5202300043182</ItemCode>
      <ItemType>1</ItemType>
      <ItemName>קולסטון 5/0 חום בהיר</ItemName>
      <ManufacturerName>HFC פרסטיג'</ManufacturerName>
      <ManufactureCountry>DE</ManufactureCountry>
      <ManufacturerItemDescription>קולסטון 5/0 חום בהיר</ManufacturerItemDescription>
      <UnitQty>יחידה</UnitQty>
      <Quantity>1.00</Quantity>
      <bIsWeighted>0</bIsWeighted>
      <UnitOfMeasure>יחידה</UnitOfMeasure>
      <QtyInPackage>0</QtyInPackage>
      <ItemPrice>22.90</ItemPrice>
      <UnitOfMeasurePrice>22.90</UnitOfMeasurePrice>
      <AllowDiscount>1</AllowDiscount>
      <ItemStatus>1</ItemStatus>
    </Item>
    <Item>
      <PriceUpdateDate>2025-12-01 20:20</PriceUpdateDate>
      <ItemCode>5202300043199</ItemCode>
      <ItemType>1</ItemType>
      <ItemName>קולסטון 4/0 חום בינוני</ItemName>
      <ManufacturerName>HFC פרסטיג'</ManufacturerName>
      <ManufactureCountry>DE</ManufactureCountry>
      <ManufacturerItemDescription>קולסטון 4/0 חום בינוני</ManufacturerItemDescription>
      <UnitQty>יחידה</UnitQty>
      <Quantity>1.00</Quantity>
      <bIsWeighted>0</bIsWeighted>
      <UnitOfMeasure>יחידה</UnitOfMeasure>
      <QtyInPackage>0</QtyInPackage>
      <ItemPrice>22.90</ItemPrice>
      <UnitOfMeasurePrice>22.90</UnitOfMeasurePrice>
      <AllowDiscount>1</AllowDiscount>
      <ItemStatus>1</ItemStatus>
    </Item>
    <Item>
      <PriceUpdateDate>2025-12-01 20:20</PriceUpdateDate>
      <ItemCode>5202300043205</ItemCode>
      <ItemType>1</ItemType>
      <ItemName>קולסטון 3/0 חום כהה</ItemName>
      <ManufacturerName>HFC פרסטיג'</ManufacturerName>
      <ManufactureCountry>DE</ManufactureCountry>
      <ManufacturerItemDescription>קולסטון 3/0 חום כהה</ManufacturerItemDescription>
      <UnitQty>יחידה</UnitQty>
      <Quantity>1.00</Quantity>
      <bIsWeighted>0</bIsWeighted>
      <UnitOfMeasure>יחידה</UnitOfMeasure>
      <QtyInPackage>0</QtyInPackage>
      <ItemPrice>22.90</ItemPrice>
      <UnitOfMeasurePrice>22.90</UnitOfMeasurePrice>
      <AllowDiscount>1</AllowDiscount>
      <ItemStatus>1</ItemStatus>
    </Item>
    <Item>
      <PriceUpdateDate>2025-12-01 20:20</PriceUpdateDate>
      <ItemCode>5202300043281</ItemCode>
      <ItemType>1</ItemType>
      <ItemName>קולסטון 7/1 בלונד אפרפר</ItemName>
      <ManufacturerName>HFC פרסטיג'</ManufacturerName>
      <ManufactureCountry>DE</ManufactureCountry>
      <ManufacturerItemDescription>קולסטון 7/1 בלונד אפרפר</ManufacturerItemDescription>
      <UnitQty>יחידה</UnitQty>
      <Quantity>1.00</Quantity>
      <bIsWeighted>0</bIsWeighted>
      <UnitOfMeasure>יחידה</UnitOfMeasure>
      <QtyInPackage>0</QtyInPackage>
      <ItemPrice>22.90</ItemPrice>
      <UnitOfMeasurePrice>22.90</UnitOfMeasurePrice>
      <AllowDiscount>1</AllowDiscount>
      <ItemStatus>1</ItemStatus>
    </Item>
    <Item>
      <PriceUpdateDate>2025-05-09 12:16</PriceUpdateDate>
      <ItemCode>5391523057936</ItemCode>
      <ItemType>1</ItemType>
      <ItemName>סימילאק גולד שלב 2 700 ג</ItemName>
      <ManufacturerName>ABBOT</ManufacturerName>
      <ManufactureCountry>IE</ManufactureCountry>
      <ManufacturerItemDescription>סימילאק גולד שלב 2 700 ג</ManufacturerItemDescription>
      <UnitQty>גרמים</UnitQty>
      <Quantity>700.00</Quantity>
      <bIsWeighted>0</bIsWeighted>
      <UnitOfMeasure>100 גרם</UnitOfMeasure>
      <QtyInPackage>1</QtyInPackage>
      <ItemPrice>69.90</ItemPrice>
      <UnitOfMeasurePrice>9.99</UnitOfMeasurePrice>
      <AllowDiscount>1</AllowDiscount>
      <ItemStatus>1</ItemStatus>
    </Item>
    <Item>
      <PriceUpdateDate>2024-12-23 17:20</PriceUpdateDate>
      <ItemCode>5410091678005</ItemCode>
      <ItemType>1</ItemType>
      <ItemName>ספריי סאיוס ווליום 400מל</ItemName>
      <ManufacturerName>שוורצקוף והנקל\t</ManufacturerName>
      <ManufactureCountry>DE</ManufactureCountry>
      <ManufacturerItemDescription>ספריי סאיוס ווליום 400מל</ManufacturerItemDescription>
      <UnitQty>מיליליטרים</UnitQty>
      <Quantity>400.00</Quantity>
      <bIsWeighted>0</bIsWeighted>
      <UnitOfMeasure>100 מ"ל</UnitOfMeasure>
      <QtyInPackage>0</QtyInPackage>
      <ItemPrice>48.90</ItemPrice>
      <UnitOfMeasurePrice>12.23</UnitOfMeasurePrice>
      <AllowDiscount>1</AllowDiscount>
      <ItemStatus>1</ItemStatus>
    </Item>
    <Item>
      <PriceUpdateDate>2024-12-23 17:20</PriceUpdateDate>
      <ItemCode>5410091678043</ItemCode>
      <ItemType>1</ItemType>
      <ItemName>מוס סאיוס שיער מתותל 250</ItemName>
      <ManufacturerName>שוורצקוף והנקל\t</ManufacturerName>
      <ManufactureCountry>DE</ManufactureCountry>
      <ManufacturerItemDescription>מוס סאיוס שיער מתותל 250</ManufacturerItemDescription>
      <UnitQty>מיליליטרים</UnitQty>
      <Quantity>250.00</Quantity>
      <bIsWeighted>0</bIsWeighted>
      <UnitOfMeasure>100 מ"ל</UnitOfMeasure>
      <QtyInPackage>0</QtyInPackage>
      <ItemPrice>36.90</ItemPrice>
      <UnitOfMeasurePrice>14.76</UnitOfMeasurePrice>
      <AllowDiscount>1</AllowDiscount>
      <ItemStatus>1</ItemStatus>
    </Item>
    <Item>
      <PriceUpdateDate>2024-12-23 17:20</PriceUpdateDate>
      <ItemCode>5410091708955</ItemCode>
      <ItemType>1</ItemType>
      <ItemName>ספריי סאיוס ווליום 400מל</ItemName>
      <ManufacturerName>שוורצקוף והנקל</ManufacturerName>
      <ManufactureCountry>DE</ManufactureCountry>
      <ManufacturerItemDescription>ספריי סאיוס ווליום 400מל</ManufacturerItemDescription>
      <UnitQty>מיליליטרים</UnitQty>
      <Quantity>400.00</Quantity>
      <bIsWeighted>0</bIsWeighted>
      <UnitOfMeasure>100 מ"ל</UnitOfMeasure>
      <QtyInPackage>0</QtyInPackage>
      <ItemPrice>48.90</ItemPrice>
      <UnitOfMeasurePrice>12.23</UnitOfMeasurePrice>
      <AllowDiscount>1</AllowDiscount>
      <ItemStatus>1</ItemStatus>
    </Item>
    <Item>
      <PriceUpdateDate>2025-12-01 20:20</PriceUpdateDate>
      <ItemCode>5410091709716</ItemCode>
      <ItemType>1</ItemType>
      <ItemName>ווקס 75 מ"ל</ItemName>
      <ManufacturerName>הנקל סוד</ManufacturerName>
      <ManufactureCountry>DE</ManufactureCountry>
      <ManufacturerItemDescription>ווקס 75 מ"ל</ManufacturerItemDescription>
      <UnitQty>מיליליטרים</UnitQty>
      <Quantity>75.00</Quantity>
      <bIsWeighted>0</bIsWeighted>
      <UnitOfMeasure>100 מ"ל</UnitOfMeasure>
      <QtyInPackage>1</QtyInPackage>
      <ItemPrice>29.90</ItemPrice>
      <UnitOfMeasurePrice>39.87</UnitOfMeasurePrice>
      <AllowDiscount>1</AllowDiscount>
      <ItemStatus>1</ItemStatus>
    </Item>
    <Item>
      <PriceUpdateDate>2025-05-18 10:19</PriceUpdateDate>
      <ItemCode>5413548280189</ItemCode>
      <ItemType>1</ItemType>
      <ItemName>קינדר שוקובונס 125 גרם</ItemName>
      <ManufacturerName>פררו אס.פי.אי</ManufacturerName>
      <ManufactureCountry>BE</ManufactureCountry>
      <ManufacturerItemDescription>קינדר שוקובונס 125 גרם</ManufacturerItemDescription>
      <UnitQty>גרמים</UnitQty>
      <Quantity>125.00</Quantity>
      <bIsWeighted>0</bIsWeighted>
      <UnitOfMeasure>100 גרם</UnitOfMeasure>
      <QtyInPackage>0</QtyInPackage>
      <ItemPrice>18.90</ItemPrice>
      <UnitOfMeasurePrice>15.12</UnitOfMeasurePrice>
      <AllowDiscount>1</AllowDiscount>
      <ItemStatus>1</ItemStatus>
    </Item>
    <Item>
      <PriceUpdateDate>2024-12-23 17:18</PriceUpdateDate>
      <ItemCode>5601036205541</ItemCode>
      <ItemType>1</ItemType>
      <ItemName>צבע לשיער מס3 חום כהה</ItemName>
      <ManufacturerName>ליברמו</ManufacturerName>
      <ManufactureCountry>BE</ManufactureCountry>
      <ManufacturerItemDescription>צבע לשיער מס3 חום כהה</ManufacturerItemDescription>
      <UnitQty>יחידה</UnitQty>
      <Quantity>1.00</Quantity>
      <bIsWeighted>0</bIsWeighted>
      <UnitOfMeasure>יחידה</UnitOfMeasure>
      <QtyInPackage>0</QtyInPackage>
      <ItemPrice>43.50</ItemPrice>
      <UnitOfMeasurePrice>43.50</UnitOfMeasurePrice>
      <AllowDiscount>1</AllowDiscount>
      <ItemStatus>1</ItemStatus>
    </Item>
    <Item>
      <PriceUpdateDate>2024-12-23 17:18</PriceUpdateDate>
      <ItemCode>5601036205589</ItemCode>
      <ItemType>1</ItemType>
      <ItemName>צבע שיער אקסלנס 5 חום</ItemName>
      <ManufacturerName>לוריאל פריז</ManufacturerName>
      <ManufactureCountry>BE</ManufactureCountry>
      <ManufacturerItemDescription>צבע שיער אקסלנס 5 חום</ManufacturerItemDescription>
      <UnitQty>יחידה</UnitQty>
      <Quantity>1.00</Quantity>
      <bIsWeighted>0</bIsWeighted>
      <UnitOfMeasure>יחידה</UnitOfMeasure>
      <QtyInPackage>0</QtyInPackage>
      <ItemPrice>43.50</ItemPrice>
      <UnitOfMeasurePrice>43.50</UnitOfMeasurePrice>
      <AllowDiscount>1</AllowDiscount>
      <ItemStatus>1</ItemStatus>
    </Item>
    <Item>
      <PriceUpdateDate>2024-12-23 17:18</PriceUpdateDate>
      <ItemCode>5601036205626</ItemCode>
      <ItemType>1</ItemType>
      <ItemName>צבע שיער 6 בלונד כהה</ItemName>
      <ManufacturerName>ליברמו</ManufacturerName>
      <ManufactureCountry>BE</ManufactureCountry>
      <ManufacturerItemDescription>צבע שיער 6 בלונד כהה</ManufacturerItemDescription>
      <UnitQty>יחידה</UnitQty>
      <Quantity>1.00</Quantity>
      <bIsWeighted>0</bIsWeighted>
      <UnitOfMeasure>יחידה</UnitOfMeasure>
      <QtyInPackage>0</QtyInPackage>
      <ItemPrice>43.50</ItemPrice>
      <UnitOfMeasurePrice>43.50</UnitOfMeasurePrice>
      <AllowDiscount>1</AllowDiscount>
      <ItemStatus>1</ItemStatus>
    </Item>
    <Item>
      <PriceUpdateDate>2024-12-23 17:18</PriceUpdateDate>
      <ItemCode>5601036205664</ItemCode>
      <ItemType>1</ItemType>
      <ItemName>צבע שיער אקסלנס 7.1</ItemName>
      <ManufacturerName>לוריאל פריז</ManufacturerName>
      <ManufactureCountry>BE</ManufactureCountry>
      <ManufacturerItemDescription>צבע שיער אקסלנס 7.1</ManufacturerItemDescription>
      <UnitQty>יחידה</UnitQty>
      <Quantity>1.00</Quantity>
      <bIsWeighted>0</bIsWeighted>
      <UnitOfMeasure>יחידה</UnitOfMeasure>
      <QtyInPackage>0</QtyInPackage>
      <ItemPrice>43.50</ItemPrice>
      <UnitOfMeasurePrice>43.50</UnitOfMeasurePrice>
      <AllowDiscount>1</AllowDiscount>
      <ItemStatus>1</ItemStatus>
    </Item>
    <Item>
      <PriceUpdateDate>2024-12-23 17:26</PriceUpdateDate>
      <ItemCode>5900020015174</ItemCode>
      <ItemType>1</ItemType>
      <ItemName>פיטנס חטיף דגנים שוק.6יח</ItemName>
      <ManufacturerName>סי. פי. פולין</ManufacturerName>
      <ManufactureCountry>PL</ManufactureCountry>
      <ManufacturerItemDescription>פיטנס חטיף דגנים שוק.6יח</ManufacturerItemDescription>
      <UnitQty>גרמים</UnitQty>
      <Quantity>141.00</Quantity>
      <bIsWeighted>0</bIsWeighted>
      <UnitOfMeasure>100 גרם</UnitOfMeasure>
      <QtyInPackage>0</QtyInPackage>
      <ItemPrice>19.50</ItemPrice>
      <UnitOfMeasurePrice>13.83</UnitOfMeasurePrice>
      <AllowDiscount>1</AllowDiscount>
      <ItemStatus>1</ItemStatus>
    </Item>
    <Item>
      <PriceUpdateDate>2024-12-23 17:26</PriceUpdateDate>
      <ItemCode>5900020018908</ItemCode>
      <ItemType>1</ItemType>
      <ItemName>פיטנס חט.דגנים ק.עוגיות6</ItemName>
      <ManufacturerName>סי. פי. פולין</ManufacturerName>
      <ManufactureCountry>PL</ManufactureCountry>
      <ManufacturerItemDescription>פיטנס חט.דגנים ק.עוגיות6</ManufacturerItemDescription>
      <UnitQty>גרמים</UnitQty>
      <Quantity>141.00</Quantity>
      <bIsWeighted>0</bIsWeighted>
      <UnitOfMeasure>100 גרם</UnitOfMeasure>
      <QtyInPackage>0</QtyInPackage>
      <ItemPrice>19.50</ItemPrice>
      <UnitOfMeasurePrice>13.83</UnitOfMeasurePrice>
      <AllowDiscount>1</AllowDiscount>
      <ItemStatus>1</ItemStatus>
    </Item>
    <Item>
      <PriceUpdateDate>2025-10-24 05:40</PriceUpdateDate>
      <ItemCode>5901691890497</ItemCode>
      <ItemType>1</ItemType>
      <ItemName>זוג מוצצי פריים6-18 כחול</ItemName>
      <ManufacturerName>CANPOOL BABYS</ManufacturerName>
      <ManufactureCountry>PL</ManufactureCountry>
      <ManufacturerItemDescription>זוג מוצצי פריים6-18 כחול</ManufacturerItemDescription>
      <UnitQty>יחידה</UnitQty>
      <Quantity>1.00</Quantity>
      <bIsWeighted>0</bIsWeighted>
      <UnitOfMeasure>יחידה</UnitOfMeasure>
      <QtyInPackage>1</QtyInPackage>
      <ItemPrice>69.90</ItemPrice>
      <UnitOfMeasurePrice>69.90</UnitOfMeasurePrice>
      <AllowDiscount>1</AllowDiscount>
      <ItemStatus>1</ItemStatus>
    </Item>
    <Item>
      <PriceUpdateDate>2024-12-10 10:20</PriceUpdateDate>
      <ItemCode>5901887001737</ItemCode>
      <ItemType>1</ItemType>
      <ItemName>קרם פנים ליום 50 מ"ל</ItemName>
      <ManufacturerName>PRODUKC ZAKLAD LTD ZIAJA</ManufacturerName>
      <ManufactureCountry>PL</ManufactureCountry>
      <ManufacturerItemDescription>קרם פנים ליום</ManufacturerItemDescription>
      <UnitQty>מיליליטרים</UnitQty>
      <Quantity>50.00</Quantity>
      <bIsWeighted>0</bIsWeighted>
      <UnitOfMeasure>100 מ"ל</UnitOfMeasure>
      <QtyInPackage>1</QtyInPackage>
      <ItemPrice>23.90</ItemPrice>
      <UnitOfMeasurePrice>47.80</UnitOfMeasurePrice>
      <AllowDiscount>1</AllowDiscount>
      <ItemStatus>1</ItemStatus>
    </Item>
    <Item>
      <PriceUpdateDate>2025-01-01 10:05</PriceUpdateDate>
      <ItemCode>5901887007982</ItemCode>
      <ItemType>1</ItemType>
      <ItemName>OIL -OLIVEחמאת גוף200מל</ItemName>
      <ManufacturerName>PRODUKC ZAKLAD LTD ZIAJA</ManufacturerName>
      <ManufactureCountry>PL</ManufactureCountry>
      <ManufacturerItemDescription>חמאת גוף</ManufacturerItemDescription>
      <UnitQty>מיליליטרים</UnitQty>
      <Quantity>200.00</Quantity>
      <bIsWeighted>0</bIsWeighted>
      <UnitOfMeasure>100 מ"ל</UnitOfMeasure>
      <QtyInPackage>0</QtyInPackage>
      <ItemPrice>27.90</ItemPrice>
      <UnitOfMeasurePrice>13.95</UnitOfMeasurePrice>
      <AllowDiscount>1</AllowDiscount>
      <ItemStatus>1</ItemStatus>
    </Item>
    <Item>
      <PriceUpdateDate>2024-12-23 17:20</PriceUpdateDate>
      <ItemCode>5901887010326</ItemCode>
      <ItemType>1</ItemType>
      <ItemName>קרם פנים לילה 50 מ"ל</ItemName>
      <ManufacturerName>PRODUKC ZAKLAD LTD ZIAJA</ManufacturerName>
      <ManufactureCountry>PL</ManufactureCountry>
      <ManufacturerItemDescription>קרם פנים לילה</ManufacturerItemDescription>
      <UnitQty>מיליליטרים</UnitQty>
      <Quantity>50.00</Quantity>
      <bIsWeighted>0</bIsWeighted>
      <UnitOfMeasure>100 מ"ל</UnitOfMeasure>
      <QtyInPackage>1</QtyInPackage>
      <ItemPrice>23.90</ItemPrice>
      <UnitOfMeasurePrice>47.80</UnitOfMeasurePrice>
      <AllowDiscount>1</AllowDiscount>
      <ItemStatus>1</ItemStatus>
    </Item>
    <Item>
      <PriceUpdateDate>2025-01-01 10:05</PriceUpdateDate>
      <ItemCode>5901887016915</ItemCode>
      <ItemType>1</ItemType>
      <ItemName>OIL OLIVEק. נגד קמטים50מ</ItemName>
      <ManufacturerName>PRODUKC ZAKLAD LTD ZIAJA</ManufacturerName>
      <ManufactureCountry>PL</ManufactureCountry>
      <ManufacturerItemDescription>קרם נגד קמטים</ManufacturerItemDescription>
      <UnitQty>מיליליטרים</UnitQty>
      <Quantity>50.00</Quantity>
      <bIsWeighted>0</bIsWeighted>
      <UnitOfMeasure>100 מ"ל</UnitOfMeasure>
      <QtyInPackage>0</QtyInPackage>
      <ItemPrice>25.60</ItemPrice>
      <UnitOfMeasurePrice>51.20</UnitOfMeasurePrice>
      <AllowDiscount>1</AllowDiscount>
      <ItemStatus>1</ItemStatus>
    </Item>
    <Item>
      <PriceUpdateDate>2025-01-01 10:05</PriceUpdateDate>
      <ItemCode>5901887018223</ItemCode>
      <ItemType>1</ItemType>
      <ItemName>קרם גוף חלב עיזים 400 מל</ItemName>
      <ManufacturerName>PRODUKC ZAKLAD LTD ZIAJA</ManufacturerName>
      <ManufactureCountry>PL</ManufactureCountry>
      <ManufacturerItemDescription>קרם גוף חלב עיזי</ManufacturerItemDescription>
      <UnitQty>מיליליטרים</UnitQty>
      <Quantity>400.00</Quantity>
      <bIsWeighted>0</bIsWeighted>
      <UnitOfMeasure>100 מ"ל</UnitOfMeasure>
      <QtyInPackage>1</QtyInPackage>
      <ItemPrice>22.50</ItemPrice>
      <UnitOfMeasurePrice>5.63</UnitOfMeasurePrice>
      <AllowDiscount>1</AllowDiscount>
      <ItemStatus>1</ItemStatus>
    </Item>
    <Item>
      <PriceUpdateDate>2025-01-01 10:05</PriceUpdateDate>
      <ItemCode>5901887018230</ItemCode>
      <ItemType>1</ItemType>
      <ItemName>חמאת גוף חלב עיזים 200מל</ItemName>
      <ManufacturerName>PRODUKC ZAKLAD LTD ZIAJA</ManufacturerName>
      <ManufactureCountry>PL</ManufactureCountry>
      <ManufacturerItemDescription>חמאת גוף חלב עיז</ManufacturerItemDescription>
      <UnitQty>מיליליטרים</UnitQty>
      <Quantity>200.00</Quantity>
      <bIsWeighted>0</bIsWeighted>
      <UnitOfMeasure>100 מ"ל</UnitOfMeasure>
      <QtyInPackage>1</QtyInPackage>
      <ItemPrice>25.60</ItemPrice>
      <UnitOfMeasurePrice>12.80</UnitOfMeasurePrice>
      <AllowDiscount>1</AllowDiscount>
      <ItemStatus>1</ItemStatus>
    </Item>
    <Item>
      <PriceUpdateDate>2024-12-10 10:20</PriceUpdateDate>
      <ItemCode>5901887026778</ItemCode>
      <ItemType>1</ItemType>
      <ItemName>קרם יום גיל+50יסמין30מל</ItemName>
      <ManufacturerName>PRODUKC ZAKLAD LTD ZIAJA</ManufacturerName>
      <ManufactureCountry>PL</ManufactureCountry>
      <ManufacturerItemDescription>יסמין קרם יום</ManufacturerItemDescription>
      <UnitQty>מיליליטרים</UnitQty>
      <Quantity>30.00</Quantity>
      <bIsWeighted>0</bIsWeighted>
      <UnitOfMeasure>100 מ"ל</UnitOfMeasure>
      <QtyInPackage>1</QtyInPackage>
      <ItemPrice>28.90</ItemPrice>
      <UnitOfMeasurePrice>96.33</UnitOfMeasurePrice>
      <AllowDiscount>1</AllowDiscount>
      <ItemStatus>1</ItemStatus>
    </Item>
    <Item>
      <PriceUpdateDate>2024-12-10 10:20</PriceUpdateDate>
      <ItemCode>5901887026785</ItemCode>
      <ItemType>1</ItemType>
      <ItemName>יסמין ק.לילה גיל+50 50מל</ItemName>
      <ManufacturerName>PRODUKC ZAKLAD LTD ZIAJA</ManufacturerName>
      <ManufactureCountry>PL</ManufactureCountry>
      <ManufacturerItemDescription>יסמין ק.לילה</ManufacturerItemDescription>
      <UnitQty>מיליליטרים</UnitQty>
      <Quantity>50.00</Quantity>
      <bIsWeighted>0</bIsWeighted>
      <UnitOfMeasure>100 מ"ל</UnitOfMeasure>
      <QtyInPackage>1</QtyInPackage>
      <ItemPrice>28.90</ItemPrice>
      <UnitOfMeasurePrice>57.80</UnitOfMeasurePrice>
      <AllowDiscount>1</AllowDiscount>
      <ItemStatus>1</ItemStatus>
    </Item>
    <Item>
      <PriceUpdateDate>2025-01-01 10:05</PriceUpdateDate>
      <ItemCode>5901887026792</ItemCode>
      <ItemType>1</ItemType>
      <ItemName>יסמין סרום לגיל +50 30 מ</ItemName>
      <ManufacturerName>PRODUKC ZAKLAD LTD ZIAJA</ManufacturerName>
      <ManufactureCountry>PL</ManufactureCountry>
      <ManufacturerItemDescription>יסמין סרום לגיל</ManufacturerItemDescription>
      <UnitQty>מיליליטרים</UnitQty>
      <Quantity>30.00</Quantity>
      <bIsWeighted>0</bIsWeighted>
      <UnitOfMeasure>100 מ"ל</UnitOfMeasure>
      <QtyInPackage>1</QtyInPackage>
      <ItemPrice>28.90</ItemPrice>
      <UnitOfMeasurePrice>96.33</UnitOfMeasurePrice>
      <AllowDiscount>1</AllowDiscount>
      <ItemStatus>1</ItemStatus>
    </Item>
    <Item>
      <PriceUpdateDate>2024-12-23 17:35</PriceUpdateDate>
      <ItemCode>5901887029656</ItemCode>
      <ItemType>1</ItemType>
      <ItemName>מנוקה גל ניקוי פנים200מל</ItemName>
      <ManufacturerName>PRODUKC ZAKLAD LTD ZIAJA</ManufacturerName>
      <ManufactureCountry>PL</ManufactureCountry>
      <ManufacturerItemDescription>מנוקה ג'ל לניקוי</ManufacturerItemDescription>
      <UnitQty>מיליליטרים</UnitQty>
      <Quantity>200.00</Quantity>
      <bIsWeighted>0</bIsWeighted>
      <UnitOfMeasure>100 מ"ל</UnitOfMeasure>
      <QtyInPackage>1</QtyInPackage>
      <ItemPrice>19.50</ItemPrice>
      <UnitOfMeasurePrice>9.75</UnitOfMeasurePrice>
      <AllowDiscount>1</AllowDiscount>
      <ItemStatus>1</ItemStatus>
    </Item>
    <Item>
      <PriceUpdateDate>2025-01-01 10:05</PriceUpdateDate>
      <ItemCode>5901887034995</ItemCode>
      <ItemType>1</ItemType>
      <ItemName>קרם ידיים שמן ארגן 100מל</ItemName>
      <ManufacturerName>PRODUKC ZAKLAD LTD ZIAJA</ManufacturerName>
      <ManufactureCountry>PL</ManufactureCountry>
      <ManufacturerItemDescription>קרם ידיים שמן אר</ManufacturerItemDescription>
      <UnitQty>מיליליטרים</UnitQty>
      <Quantity>100.00</Quantity>
      <bIsWeighted>0</bIsWeighted>
      <UnitOfMeasure>100 מ"ל</UnitOfMeasure>
      <QtyInPackage>1</QtyInPackage>
      <ItemPrice>13.20</ItemPrice>
      <UnitOfMeasurePrice>13.20</UnitOfMeasurePrice>
      <AllowDiscount>1</AllowDiscount>
      <ItemStatus>1</ItemStatus>
    </Item>
    <Item>
      <PriceUpdateDate>2025-01-01 10:06</PriceUpdateDate>
      <ItemCode>5901887042051</ItemCode>
      <ItemType>1</ItemType>
      <ItemName>מסיכה לשיער חזק ורך 200מ</ItemName>
      <ManufacturerName>PRODUKC ZAKLAD LTD ZIAJA</ManufacturerName>
      <ManufactureCountry>PL</ManufactureCountry>
      <ManufacturerItemDescription>מסיכה לשיער ארגן</ManufacturerItemDescription>
      <UnitQty>מיליליטרים</UnitQty>
      <Quantity>200.00</Quantity>
      <bIsWeighted>0</bIsWeighted>
      <UnitOfMeasure>100 מ"ל</UnitOfMeasure>
      <QtyInPackage>1</QtyInPackage>
      <ItemPrice>20.50</ItemPrice>
      <UnitOfMeasurePrice>10.25</UnitOfMeasurePrice>
      <AllowDiscount>1</AllowDiscount>
      <ItemStatus>1</ItemStatus>
    </Item>
    <Item>
      <PriceUpdateDate>2025-01-01 10:05</PriceUpdateDate>
      <ItemCode>5901887042242</ItemCode>
      <ItemType>1</ItemType>
      <ItemName>BERRY ACAIמים מיסלרי200מ</ItemName>
      <ManufacturerName>PRODUKC ZAKLAD LTD ZIAJA</ManufacturerName>
      <ManufactureCountry>PL</ManufactureCountry>
      <ManufacturerItemDescription>ACAI BERRYמים מיסלרי200מ</ManufacturerItemDescription>
      <UnitQty>מיליליטרים</UnitQty>
      <Quantity>200.00</Quantity>
      <bIsWeighted>0</bIsWeighted>
      <UnitOfMeasure>100 מ"ל</UnitOfMeasure>
      <QtyInPackage>1</QtyInPackage>
      <ItemPrice>20.50</ItemPrice>
      <UnitOfMeasurePrice>10.25</UnitOfMeasurePrice>
      <AllowDiscount>1</AllowDiscount>
      <ItemStatus>1</ItemStatus>
    </Item>
    <Item>
      <PriceUpdateDate>2025-01-01 10:05</PriceUpdateDate>
      <ItemCode>5901887043768</ItemCode>
      <ItemType>1</ItemType>
      <ItemName>תרחיץ ג'ל לפנים 200 מ"ל</ItemName>
      <ManufacturerName>PRODUKC ZAKLAD LTD ZIAJA</ManufacturerName>
      <ManufactureCountry>PL</ManufactureCountry>
      <ManufacturerItemDescription>תרחיץ ג'ל לפנים</ManufacturerItemDescription>
      <UnitQty>מיליליטרים</UnitQty>
      <Quantity>200.00</Quantity>
      <bIsWeighted>0</bIsWeighted>
      <UnitOfMeasure>100 מ"ל</UnitOfMeasure>
      <QtyInPackage>1</QtyInPackage>
      <ItemPrice>15.20</ItemPrice>
      <UnitOfMeasurePrice>7.60</UnitOfMeasurePrice>
      <AllowDiscount>1</AllowDiscount>
      <ItemStatus>1</ItemStatus>
    </Item>
    <Item>
      <PriceUpdateDate>2025-01-01 10:06</PriceUpdateDate>
      <ItemCode>5901887044581</ItemCode>
      <ItemType>1</ItemType>
      <ItemName>מרכך שיער ללא שטיפה125מל</ItemName>
      <ManufacturerName>PRODUKC ZAKLAD LTD ZIAJA</ManufacturerName>
      <ManufactureCountry>PL</ManufactureCountry>
      <ManufacturerItemDescription>מרכך שיער</ManufacturerItemDescription>
      <UnitQty>מיליליטרים</UnitQty>
      <Quantity>125.00</Quantity>
      <bIsWeighted>0</bIsWeighted>
      <UnitOfMeasure>100 מ"ל</UnitOfMeasure>
      <QtyInPackage>1</QtyInPackage>
      <ItemPrice>25.60</ItemPrice>
      <UnitOfMeasurePrice>20.48</UnitOfMeasurePrice>
      <AllowDiscount>1</AllowDiscount>
      <ItemStatus>1</ItemStatus>
    </Item>
    <Item>
      <PriceUpdateDate>2025-01-01 10:05</PriceUpdateDate>
      <ItemCode>5901887049258</ItemCode>
      <ItemType>1</ItemType>
      <ItemName>תרסיס טיפוח עור/שיער60מל</ItemName>
      <ManufacturerName>PRODUKC ZAKLAD LTD ZIAJA</ManufacturerName>
      <ManufactureCountry>PL</ManufactureCountry>
      <ManufacturerItemDescription>תרסיס לטיפוח עור</ManufacturerItemDescription>
      <UnitQty>מיליליטרים</UnitQty>
      <Quantity>90.00</Quantity>
      <bIsWeighted>0</bIsWeighted>
      <UnitOfMeasure>100 מ"ל</UnitOfMeasure>
      <QtyInPackage>1</QtyInPackage>
      <ItemPrice>27.90</ItemPrice>
      <UnitOfMeasurePrice>31.00</UnitOfMeasurePrice>
      <AllowDiscount>1</AllowDiscount>
      <ItemStatus>1</ItemStatus>
    </Item>
    <Item>
      <PriceUpdateDate>2025-01-01 10:05</PriceUpdateDate>
      <ItemCode>5901887054634</ItemCode>
      <ItemType>1</ItemType>
      <ItemName>סרום גוף אקטיבי 400 מ"ל</ItemName>
      <ManufacturerName>PRODUKC ZAKLAD LTD ZIAJA</ManufacturerName>
      <ManufactureCountry>PL</ManufactureCountry>
      <ManufacturerItemDescription>סרום גוף אקטיבי</ManufacturerItemDescription>
      <UnitQty>מיליליטרים</UnitQty>
      <Quantity>400.00</Quantity>
      <bIsWeighted>0</bIsWeighted>
      <UnitOfMeasure>100 מ"ל</UnitOfMeasure>
      <QtyInPackage>1</QtyInPackage>
      <ItemPrice>37.90</ItemPrice>
      <UnitOfMeasurePrice>9.48</UnitOfMeasurePrice>
      <AllowDiscount>1</AllowDiscount>
      <ItemStatus>1</ItemStatus>
    </Item>
    <Item>
      <PriceUpdateDate>2025-01-01 10:05</PriceUpdateDate>
      <ItemCode>5901887056232</ItemCode>
      <ItemType>1</ItemType>
      <ItemName>פילינג ויטמיןC זאיה100מל</ItemName>
      <ManufacturerName>PRODUKC ZAKLAD LTD ZIAJA</ManufacturerName>
      <ManufactureCountry>PL</ManufactureCountry>
      <ManufacturerItemDescription>פילינג ויטמינים</ManufacturerItemDescription>
      <UnitQty>מיליליטרים</UnitQty>
      <Quantity>100.00</Quantity>
      <bIsWeighted>0</bIsWeighted>
      <UnitOfMeasure>100 מ"ל</UnitOfMeasure>
      <QtyInPackage>1</QtyInPackage>
      <ItemPrice>24.50</ItemPrice>
      <UnitOfMeasurePrice>24.50</UnitOfMeasurePrice>
      <AllowDiscount>1</AllowDiscount>
      <ItemStatus>1</ItemStatus>
    </Item>
    <Item>
      <PriceUpdateDate>2024-12-23 17:17</PriceUpdateDate>
      <ItemCode>5902198160403</ItemCode>
      <ItemType>1</ItemType>
      <ItemName>משקה אנרגיה XL TEN</ItemName>
      <ManufacturerName>טמפו משקאות בע\"מ</ManufacturerName>
      <ManufactureCountry>IL</ManufactureCountry>
      <ManufacturerItemDescription>משקה אנרגיה XL TEN</ManufacturerItemDescription>
      <UnitQty>מיליליטרים</UnitQty>
      <Quantity>250.00</Quantity>
      <bIsWeighted>0</bIsWeighted>
      <UnitOfMeasure>100 מ"ל</UnitOfMeasure>
      <QtyInPackage>1</QtyInPackage>
      <ItemPrice>7.20</ItemPrice>
      <UnitOfMeasurePrice>2.88</UnitOfMeasurePrice>
      <AllowDiscount>1</AllowDiscount>
      <ItemStatus>1</ItemStatus>
    </Item>
    <Item>
      <PriceUpdateDate>2025-11-27 19:40</PriceUpdateDate>
      <ItemCode>5906750815930</ItemCode>
      <ItemType>1</ItemType>
      <ItemName>ערכת צביעה לגבות חום</ItemName>
      <ManufacturerName>כללי</ManufacturerName>
      <ManufactureCountry>CN</ManufactureCountry>
      <ManufacturerItemDescription>ערכת צביעה לגבות חום</ManufacturerItemDescription>
      <UnitQty>יחידה</UnitQty>
      <Quantity>1.00</Quantity>
      <bIsWeighted>0</bIsWeighted>
      <UnitOfMeasure>יחידה</UnitOfMeasure>
      <QtyInPackage>1</QtyInPackage>
      <ItemPrice>24.90</ItemPrice>
      <UnitOfMeasurePrice>24.90</UnitOfMeasurePrice>
      <AllowDiscount>1</AllowDiscount>
      <ItemStatus>1</ItemStatus>
    </Item>
    <Item>
      <PriceUpdateDate>2025-12-01 20:10</PriceUpdateDate>
      <ItemCode>59095453</ItemCode>
      <ItemType>1</ItemType>
      <ItemName>דאודורנט רול אינויזיבל50</ItemName>
      <ManufacturerName>יוניליוור  אנגליה</ManufacturerName>
      <ManufactureCountry>GB</ManufactureCountry>
      <ManufacturerItemDescription>דאודורנט רול אינויזיבל50</ManufacturerItemDescription>
      <UnitQty>מיליליטרים</UnitQty>
      <Quantity>50.00</Quantity>
      <bIsWeighted>0</bIsWeighted>
      <UnitOfMeasure>100 מ"ל</UnitOfMeasure>
      <QtyInPackage>1</QtyInPackage>
      <ItemPrice>15.00</ItemPrice>
      <UnitOfMeasurePrice>30.00</UnitOfMeasurePrice>
      <AllowDiscount>1</AllowDiscount>
      <ItemStatus>1</ItemStatus>
    </Item>
    <Item>
      <PriceUpdateDate>2024-12-23 17:18</PriceUpdateDate>
      <ItemCode>5997321770307</ItemCode>
      <ItemType>1</ItemType>
      <ItemName>ויט 12 רצועות לעור רגיש</ItemName>
      <ManufacturerName>רקיט בנקיזר</ManufacturerName>
      <ManufactureCountry>FR</ManufactureCountry>
      <ManufacturerItemDescription>ויט 12 רצועות לעור רגיש</ManufacturerItemDescription>
      <UnitQty>יחידה</UnitQty>
      <Quantity>1.00</Quantity>
      <bIsWeighted>0</bIsWeighted>
      <UnitOfMeasure>יחידה</UnitOfMeasure>
      <QtyInPackage>1</QtyInPackage>
      <ItemPrice>46.90</ItemPrice>
      <UnitOfMeasurePrice>46.90</UnitOfMeasurePrice>
      <AllowDiscount>1</AllowDiscount>
      <ItemStatus>1</ItemStatus>
    </Item>
    <Item>
      <PriceUpdateDate>2025-12-01 20:20</PriceUpdateDate>
      <ItemCode>6001067390015</ItemCode>
      <ItemType>1</ItemType>
      <ItemName>מברשות שיניים360סופט זוג</ItemName>
      <ManufacturerName>קולגייט-פלמוליב</ManufacturerName>
      <ManufactureCountry>CN</ManufactureCountry>
      <ManufacturerItemDescription>מברשות שיניים360סופט זוג</ManufacturerItemDescription>
      <UnitQty>יחידה</UnitQty>
      <Quantity>1.00</Quantity>
      <bIsWeighted>0</bIsWeighted>
      <UnitOfMeasure>יחידה</UnitOfMeasure>
      <QtyInPackage>1</QtyInPackage>
      <ItemPrice>25.00</ItemPrice>
      <UnitOfMeasurePrice>25.00</UnitOfMeasurePrice>
      <AllowDiscount>1</AllowDiscount>
      <ItemStatus>1</ItemStatus>
    </Item>
    <Item>
      <PriceUpdateDate>2025-12-21 15:30</PriceUpdateDate>
      <ItemCode>60017505</ItemCode>
      <ItemType>1</ItemType>
      <ItemName>דאב רול און מלפפון 50מ"ל</ItemName>
      <ManufacturerName>יוניליוור ישראל מזון</ManufacturerName>
      <ManufactureCountry>ZA</ManufactureCountry>
      <ManufacturerItemDescription>דאב רול און מלפפון 50מ"ל</ManufacturerItemDescription>
      <UnitQty>מיליליטרים</UnitQty>
      <Quantity>50.00</Quantity>
      <bIsWeighted>0</bIsWeighted>
      <UnitOfMeasure>100 מ"ל</UnitOfMeasure>
      <QtyInPackage>1</QtyInPackage>
      <ItemPrice>9.90</ItemPrice>
      <UnitOfMeasurePrice>19.80</UnitOfMeasurePrice>
      <AllowDiscount>1</AllowDiscount>
      <ItemStatus>1</ItemStatus>
    </Item>
    <Item>
      <PriceUpdateDate>2025-12-21 15:30</PriceUpdateDate>
      <ItemCode>60017512</ItemCode>
      <ItemType>1</ItemType>
      <ItemName>דאב רול און אשכולית 50מל</ItemName>
      <ManufacturerName>יוניליוור ישראל מזון</ManufacturerName>
      <ManufactureCountry>ZA</ManufactureCountry>
      <ManufacturerItemDescription>דאב רול און אשכולית 50מל</ManufacturerItemDescription>
      <UnitQty>מיליליטרים</UnitQty>
      <Quantity>50.00</Quantity>
      <bIsWeighted>0</bIsWeighted>
      <UnitOfMeasure>100 מ"ל</UnitOfMeasure>
      <QtyInPackage>1</QtyInPackage>
      <ItemPrice>9.90</ItemPrice>
      <UnitOfMeasurePrice>19.80</UnitOfMeasurePrice>
      <AllowDiscount>1</AllowDiscount>
      <ItemStatus>1</ItemStatus>
    </Item>
    <Item>
      <PriceUpdateDate>2025-12-21 15:30</PriceUpdateDate>
      <ItemCode>60098740</ItemCode>
      <ItemType>1</ItemType>
      <ItemName>דאב רול און רגיש 50 מ"ל</ItemName>
      <ManufacturerName>יוניליוור ישראל מזון</ManufacturerName>
      <ManufactureCountry>ZA</ManufactureCountry>
      <ManufacturerItemDescription>דאב רול און רגיש 50 מ"ל</ManufacturerItemDescription>
      <UnitQty>מיליליטרים</UnitQty>
      <Quantity>50.00</Quantity>
      <bIsWeighted>0</bIsWeighted>
      <UnitOfMeasure>100 מ"ל</UnitOfMeasure>
      <QtyInPackage>0</QtyInPackage>
      <ItemPrice>9.90</ItemPrice>
      <UnitOfMeasurePrice>19.80</UnitOfMeasurePrice>
      <AllowDiscount>1</AllowDiscount>
      <ItemStatus>1</ItemStatus>
    </Item>
    <Item>
      <PriceUpdateDate>2025-12-21 15:30</PriceUpdateDate>
      <ItemCode>60098764</ItemCode>
      <ItemType>1</ItemType>
      <ItemName>דאב רול און אורגינל 50מל</ItemName>
      <ManufacturerName>יוניליוור ישראל מזון</ManufacturerName>
      <ManufactureCountry>ZA</ManufactureCountry>
      <ManufacturerItemDescription>דאב רול און אורגינל 50מל</ManufacturerItemDescription>
      <UnitQty>מיליליטרים</UnitQty>
      <Quantity>50.00</Quantity>
      <bIsWeighted>0</bIsWeighted>
      <UnitOfMeasure>100 מ"ל</UnitOfMeasure>
      <QtyInPackage>0</QtyInPackage>
      <ItemPrice>9.90</ItemPrice>
      <UnitOfMeasurePrice>19.80</UnitOfMeasurePrice>
      <AllowDiscount>1</AllowDiscount>
      <ItemStatus>1</ItemStatus>
    </Item>
    <Item>
      <PriceUpdateDate>2025-12-18 19:40</PriceUpdateDate>
      <ItemCode>6085010094151</ItemCode>
      <ItemType>1</ItemType>
      <ItemName>קלאב דה נואי אדפ אשה105מ</ItemName>
      <ManufacturerName>כללי</ManufacturerName>
      <ManufactureCountry>FR</ManufactureCountry>
      <ManufacturerItemDescription>קלאב דה נואי אדפ אשה105מ</ManufacturerItemDescription>
      <UnitQty>מיליליטרים</UnitQty>
      <Quantity>105.00</Quantity>
      <bIsWeighted>0</bIsWeighted>
      <UnitOfMeasure>100 מ"ל</UnitOfMeasure>
      <QtyInPackage>1</QtyInPackage>
      <ItemPrice>89.00</ItemPrice>
      <UnitOfMeasurePrice>84.76</UnitOfMeasurePrice>
      <AllowDiscount>1</AllowDiscount>
      <ItemStatus>1</ItemStatus>
    </Item>
    <Item>
      <PriceUpdateDate>2025-01-01 10:05</PriceUpdateDate>
      <ItemCode>608940579572</ItemCode>
      <ItemType>1</ItemType>
      <ItemName>פלטינום פרגרנס מיסט236מל</ItemName>
      <ManufacturerName>כללי</ManufacturerName>
      <ManufactureCountry>US</ManufactureCountry>
      <ManufacturerItemDescription>פלטינום פרגרנס מיסט236מל</ManufacturerItemDescription>
      <UnitQty>מיליליטרים</UnitQty>
      <Quantity>236.00</Quantity>
      <bIsWeighted>0</bIsWeighted>
      <UnitOfMeasure>100 מ"ל</UnitOfMeasure>
      <QtyInPackage>0</QtyInPackage>
      <ItemPrice>51.50</ItemPrice>
      <UnitOfMeasurePrice>21.82</UnitOfMeasurePrice>
      <AllowDiscount>1</AllowDiscount>
      <ItemStatus>1</ItemStatus>
    </Item>
    <Item>
      <PriceUpdateDate>2025-11-27 21:00</PriceUpdateDate>
      <ItemCode>608940582206</ItemCode>
      <ItemType>1</ItemType>
      <ItemName>בילי אייליש אדפ 100מל</ItemName>
      <ManufacturerName>כללי</ManufacturerName>
      <ManufactureCountry>US</ManufactureCountry>
      <ManufacturerItemDescription>בילי אייליש אדפ 100מל</ManufacturerItemDescription>
      <UnitQty>מיליליטרים</UnitQty>
      <Quantity>100.00</Quantity>
      <bIsWeighted>0</bIsWeighted>
      <UnitOfMeasure>100 מ"ל</UnitOfMeasure>
      <QtyInPackage>0</QtyInPackage>
      <ItemPrice>279.00</ItemPrice>
      <UnitOfMeasurePrice>279.00</UnitOfMeasurePrice>
      <AllowDiscount>1</AllowDiscount>
      <ItemStatus>1</ItemStatus>
    </Item>
    <Item>
      <PriceUpdateDate>2025-07-24 12:56</PriceUpdateDate>
      <ItemCode>6281001101192</ItemCode>
      <ItemType>1</ItemType>
      <ItemName>משחת שיניים וויט 100מ"ל</ItemName>
      <ManufacturerName>קולגייט-פלמוליב</ManufacturerName>
      <ManufactureCountry>SA</ManufactureCountry>
      <ManufacturerItemDescription>משחת שיניים וויט 100מ"ל</ManufacturerItemDescription>
      <UnitQty>מיליליטרים</UnitQty>
      <Quantity>100.00</Quantity>
      <bIsWeighted>0</bIsWeighted>
      <UnitOfMeasure>100 מ"ל</UnitOfMeasure>
      <QtyInPackage>1</QtyInPackage>
      <ItemPrice>16.90</ItemPrice>
      <UnitOfMeasurePrice>16.90</UnitOfMeasurePrice>
      <AllowDiscount>1</AllowDiscount>
      <ItemStatus>1</ItemStatus>
    </Item>
    <Item>
      <PriceUpdateDate>2025-11-27 20:10</PriceUpdateDate>
      <ItemCode>6290360379043</ItemCode>
      <ItemType>1</ItemType>
      <ItemName>וונטי  אדפ יוניסקס100מ"ל</ItemName>
      <ManufacturerName>FRAGRANCE WORLD</ManufacturerName>
      <ManufactureCountry>AE</ManufactureCountry>
      <ManufacturerItemDescription>וונטי  אדפ יוניסקס100מ"ל</ManufacturerItemDescription>
      <UnitQty>מיליליטרים</UnitQty>
      <Quantity>100.00</Quantity>
      <bIsWeighted>0</bIsWeighted>
      <UnitOfMeasure>100 מ"ל</UnitOfMeasure>
      <QtyInPackage>1</QtyInPackage>
      <ItemPrice>89.00</ItemPrice>
      <UnitOfMeasurePrice>89.00</UnitOfMeasurePrice>
      <AllowDiscount>1</AllowDiscount>
      <ItemStatus>1</ItemStatus>
    </Item>
    <Item>
      <PriceUpdateDate>2025-11-27 20:10</PriceUpdateDate>
      <ItemCode>6291106480375</ItemCode>
      <ItemType>1</ItemType>
      <ItemName>אדור אדפ לאשה 100 מ"ל</ItemName>
      <ManufacturerName>FRAGRANCE WORLD</ManufacturerName>
      <ManufactureCountry>AE</ManufactureCountry>
      <ManufacturerItemDescription>אדור אדפ לאשה 100 מ"ל</ManufacturerItemDescription>
      <UnitQty>מיליליטרים</UnitQty>
      <Quantity>100.00</Quantity>
      <bIsWeighted>0</bIsWeighted>
      <UnitOfMeasure>100 מ"ל</UnitOfMeasure>
      <QtyInPackage>1</QtyInPackage>
      <ItemPrice>89.00</ItemPrice>
      <UnitOfMeasurePrice>89.00</UnitOfMeasurePrice>
      <AllowDiscount>1</AllowDiscount>
      <ItemStatus>1</ItemStatus>
    </Item>
    <Item>
      <PriceUpdateDate>2025-11-27 20:20</PriceUpdateDate>
      <ItemCode>6291106480467</ItemCode>
      <ItemType>1</ItemType>
      <ItemName>אבנטוס אדפ לגבר 100 מ"ל</ItemName>
      <ManufacturerName>FRAGRANCE WORLD</ManufacturerName>
      <ManufactureCountry>AE</ManufactureCountry>
      <ManufacturerItemDescription>אבנטוס אדפ לגבר 100 מ"ל</ManufacturerItemDescription>
      <UnitQty>מיליליטרים</UnitQty>
      <Quantity>100.00</Quantity>
      <bIsWeighted>0</bIsWeighted>
      <UnitOfMeasure>100 מ"ל</UnitOfMeasure>
      <QtyInPackage>1</QtyInPackage>
      <ItemPrice>89.00</ItemPrice>
      <UnitOfMeasurePrice>89.00</UnitOfMeasurePrice>
      <AllowDiscount>1</AllowDiscount>
      <ItemStatus>1</ItemStatus>
    </Item>
    <Item>
      <PriceUpdateDate>2025-11-27 20:00</PriceUpdateDate>
      <ItemCode>6291106488203</ItemCode>
      <ItemType>1</ItemType>
      <ItemName>בראקאת רוג' אדפ אשה100מל</ItemName>
      <ManufacturerName>WORLD FRAGRANCE</ManufacturerName>
      <ManufactureCountry>AE</ManufactureCountry>
      <ManufacturerItemDescription>בראקאת רוג אדפ אשה100מל</ManufacturerItemDescription>
      <UnitQty>מיליליטרים</UnitQty>
      <Quantity>100.00</Quantity>
      <bIsWeighted>0</bIsWeighted>
      <UnitOfMeasure>100 מ"ל</UnitOfMeasure>
      <QtyInPackage>1</QtyInPackage>
      <ItemPrice>89.00</ItemPrice>
      <UnitOfMeasurePrice>89.00</UnitOfMeasurePrice>
      <AllowDiscount>1</AllowDiscount>
      <ItemStatus>1</ItemStatus>
    </Item>
    <Item>
      <PriceUpdateDate>2025-11-27 20:50</PriceUpdateDate>
      <ItemCode>6291107456041</ItemCode>
      <ItemType>1</ItemType>
      <ItemName>לטאפה פאקר אדפ לאישה 100</ItemName>
      <ManufacturerName>LATTAFA</ManufacturerName>
      <ManufactureCountry>AE</ManufactureCountry>
      <ManufacturerItemDescription>לטאפה פאקר אדפ א</ManufacturerItemDescription>
      <UnitQty>מיליליטרים</UnitQty>
      <Quantity>100.00</Quantity>
      <bIsWeighted>0</bIsWeighted>
      <UnitOfMeasure>100 מ"ל</UnitOfMeasure>
      <QtyInPackage>1</QtyInPackage>
      <ItemPrice>119.00</ItemPrice>
      <UnitOfMeasurePrice>119.00</UnitOfMeasurePrice>
      <AllowDiscount>1</AllowDiscount>
      <ItemStatus>1</ItemStatus>
    </Item>
    <Item>
      <PriceUpdateDate>2025-11-27 20:20</PriceUpdateDate>
      <ItemCode>6291108321034</ItemCode>
      <ItemType>1</ItemType>
      <ItemName>סוואבה אדפ לגבר 100 מ"ל</ItemName>
      <ManufacturerName>FRAGRANCE WORLD</ManufacturerName>
      <ManufactureCountry>AE</ManufactureCountry>
      <ManufacturerItemDescription>סוואבה אדפ לגבר 100 מ"ל</ManufacturerItemDescription>
      <UnitQty>מיליליטרים</UnitQty>
      <Quantity>100.00</Quantity>
      <bIsWeighted>0</bIsWeighted>
      <UnitOfMeasure>100 מ"ל</UnitOfMeasure>
      <QtyInPackage>1</QtyInPackage>
      <ItemPrice>89.00</ItemPrice>
      <UnitOfMeasurePrice>89.00</UnitOfMeasurePrice>
      <AllowDiscount>1</AllowDiscount>
      <ItemStatus>1</ItemStatus>
    </Item>
    <Item>
      <PriceUpdateDate>2025-11-27 20:20</PriceUpdateDate>
      <ItemCode>6291108322635</ItemCode>
      <ItemType>1</ItemType>
      <ItemName>שלינה רויאל אדפ 100מל</ItemName>
      <ManufacturerName>FRAGRANCE WORLD</ManufacturerName>
      <ManufactureCountry>AE</ManufactureCountry>
      <ManufacturerItemDescription>שלינה רויאל אדפ 100מל</ManufacturerItemDescription>
      <UnitQty>מיליליטרים</UnitQty>
      <Quantity>100.00</Quantity>
      <bIsWeighted>0</bIsWeighted>
      <UnitOfMeasure>100 מ"ל</UnitOfMeasure>
      <QtyInPackage>1</QtyInPackage>
      <ItemPrice>89.00</ItemPrice>
      <UnitOfMeasurePrice>89.00</UnitOfMeasurePrice>
      <AllowDiscount>1</AllowDiscount>
      <ItemStatus>1</ItemStatus>
    </Item>
    <Item>
      <PriceUpdateDate>2025-11-27 20:00</PriceUpdateDate>
      <ItemCode>6291108326763</ItemCode>
      <ItemType>1</ItemType>
      <ItemName>אימפריום אדפ יוניסקס100מ</ItemName>
      <ManufacturerName>FRAGRANCE WORLD</ManufacturerName>
      <ManufactureCountry>AE</ManufactureCountry>
      <ManufacturerItemDescription>אימפריום אדפ יוניסקס100מ</ManufacturerItemDescription>
      <UnitQty>מיליליטרים</UnitQty>
      <Quantity>100.00</Quantity>
      <bIsWeighted>0</bIsWeighted>
      <UnitOfMeasure>100 מ"ל</UnitOfMeasure>
      <QtyInPackage>0</QtyInPackage>
      <ItemPrice>89.00</ItemPrice>
      <UnitOfMeasurePrice>89.00</UnitOfMeasurePrice>
      <AllowDiscount>1</AllowDiscount>
      <ItemStatus>1</ItemStatus>
    </Item>
    <Item>
      <PriceUpdateDate>2025-11-27 20:20</PriceUpdateDate>
      <ItemCode>6291108327630</ItemCode>
      <ItemType>1</ItemType>
      <ItemName>אקווה דה קלאסיק אדפ 80מל</ItemName>
      <ManufacturerName>WORLD FRAGRANCE</ManufacturerName>
      <ManufactureCountry>AE</ManufactureCountry>
      <ManufacturerItemDescription>אקווה דה קלאסיק אדפ 80מל</ManufacturerItemDescription>
      <UnitQty>מיליליטרים</UnitQty>
      <Quantity>80.00</Quantity>
      <bIsWeighted>0</bIsWeighted>
      <UnitOfMeasure>100 מ"ל</UnitOfMeasure>
      <QtyInPackage>1</QtyInPackage>
      <ItemPrice>89.00</ItemPrice>
      <UnitOfMeasurePrice>111.25</UnitOfMeasurePrice>
      <AllowDiscount>1</AllowDiscount>
      <ItemStatus>1</ItemStatus>
    </Item>
    <Item>
      <PriceUpdateDate>2025-11-27 20:20</PriceUpdateDate>
      <ItemCode>6291108730515</ItemCode>
      <ItemType>1</ItemType>
      <ItemName>לטאפה יארה אדפ לאישה 100</ItemName>
      <ManufacturerName>LATTAFA</ManufacturerName>
      <ManufactureCountry>AE</ManufactureCountry>
      <ManufacturerItemDescription>לטאפה יארה אדפ א</ManufacturerItemDescription>
      <UnitQty>מיליליטרים</UnitQty>
      <Quantity>100.00</Quantity>
      <bIsWeighted>0</bIsWeighted>
      <UnitOfMeasure>100 מ"ל</UnitOfMeasure>
      <QtyInPackage>1</QtyInPackage>
      <ItemPrice>109.00</ItemPrice>
      <UnitOfMeasurePrice>109.00</UnitOfMeasurePrice>
      <AllowDiscount>1</AllowDiscount>
      <ItemStatus>1</ItemStatus>
    </Item>
    <Item>
      <PriceUpdateDate>2025-11-27 20:20</PriceUpdateDate>
      <ItemCode>6298042000216</ItemCode>
      <ItemType>1</ItemType>
      <ItemName>הרמוני קוד אדפ 100 מ"ל</ItemName>
      <ManufacturerName>FRAGRANCE WORLD</ManufacturerName>
      <ManufactureCountry>AE</ManufactureCountry>
      <ManufacturerItemDescription>הרמוני קוד אדפ 100 מ"ל</ManufacturerItemDescription>
      <UnitQty>מיליליטרים</UnitQty>
      <Quantity>100.00</Quantity>
      <bIsWeighted>0</bIsWeighted>
      <UnitOfMeasure>100 מ"ל</UnitOfMeasure>
      <QtyInPackage>1</QtyInPackage>
      <ItemPrice>89.00</ItemPrice>
      <UnitOfMeasurePrice>89.00</UnitOfMeasurePrice>
      <AllowDiscount>1</AllowDiscount>
      <ItemStatus>1</ItemStatus>
    </Item>
    <Item>
      <PriceUpdateDate>2024-12-23 17:20</PriceUpdateDate>
      <ItemCode>651080161510</ItemCode>
      <ItemType>1</ItemType>
      <ItemName>35 קיסם עם חוט ג'ורדן</ItemName>
      <ManufacturerName>קלרו</ManufacturerName>
      <ManufactureCountry>CN</ManufactureCountry>
      <ManufacturerItemDescription>קיסם עם חוט</ManufacturerItemDescription>
      <UnitQty>יחידה</UnitQty>
      <Quantity>1.00</Quantity>
      <bIsWeighted>0</bIsWeighted>
      <UnitOfMeasure>יחידה</UnitOfMeasure>
      <QtyInPackage>1</QtyInPackage>
      <ItemPrice>15.50</ItemPrice>
      <UnitOfMeasurePrice>15.50</UnitOfMeasurePrice>
      <AllowDiscount>1</AllowDiscount>
      <ItemStatus>1</ItemStatus>
    </Item>
    <Item>
      <PriceUpdateDate>2024-12-23 17:20</PriceUpdateDate>
      <ItemCode>651080647519</ItemCode>
      <ItemType>1</ItemType>
      <ItemName>36קיסם +חוט מנטה גורדן</ItemName>
      <ManufacturerName>קלרו</ManufacturerName>
      <ManufactureCountry>US</ManufactureCountry>
      <ManufacturerItemDescription>36קיסם +חוט מנטה גורדן</ManufacturerItemDescription>
      <UnitQty>יחידה</UnitQty>
      <Quantity>1.00</Quantity>
      <bIsWeighted>0</bIsWeighted>
      <UnitOfMeasure>יחידה</UnitOfMeasure>
      <QtyInPackage>1</QtyInPackage>
      <ItemPrice>15.50</ItemPrice>
      <UnitOfMeasurePrice>15.50</UnitOfMeasurePrice>
      <AllowDiscount>1</AllowDiscount>
      <ItemStatus>1</ItemStatus>
    </Item>
    <Item>
      <PriceUpdateDate>2025-06-13 06:24</PriceUpdateDate>
      <ItemCode>667556804416</ItemCode>
      <ItemType>1</ItemType>
      <ItemName>מבשם גוף 236מל</ItemName>
      <ManufacturerName>WORKS BATH&amp;BODY</ManufacturerName>
      <ManufactureCountry>US</ManufactureCountry>
      <ManufacturerItemDescription>מבשם גוף 236מל</ManufacturerItemDescription>
      <UnitQty>מיליליטרים</UnitQty>
      <Quantity>236.00</Quantity>
      <bIsWeighted>0</bIsWeighted>
      <UnitOfMeasure>100 מ"ל</UnitOfMeasure>
      <QtyInPackage>1</QtyInPackage>
      <ItemPrice>64.90</ItemPrice>
      <UnitOfMeasurePrice>27.50</UnitOfMeasurePrice>
      <AllowDiscount>1</AllowDiscount>
      <ItemStatus>1</ItemStatus>
    </Item>
    <Item>
      <PriceUpdateDate>2025-06-13 06:24</PriceUpdateDate>
      <ItemCode>667558205136</ItemCode>
      <ItemType>1</ItemType>
      <ItemName>מבשם גוף אוריינטלי 236מל</ItemName>
      <ManufacturerName>WORKS BATH&amp;BODY</ManufacturerName>
      <ManufactureCountry>US</ManufactureCountry>
      <ManufacturerItemDescription>מבשם גוף אוריינטלי 236מל</ManufacturerItemDescription>
      <UnitQty>מיליליטרים</UnitQty>
      <Quantity>236.00</Quantity>
      <bIsWeighted>0</bIsWeighted>
      <UnitOfMeasure>100 מ"ל</UnitOfMeasure>
      <QtyInPackage>1</QtyInPackage>
      <ItemPrice>64.90</ItemPrice>
      <UnitOfMeasurePrice>27.50</UnitOfMeasurePrice>
      <AllowDiscount>1</AllowDiscount>
      <ItemStatus>1</ItemStatus>
    </Item>
    <Item>
      <PriceUpdateDate>2025-12-16 12:40</PriceUpdateDate>
      <ItemCode>667558437674</ItemCode>
      <ItemType>1</ItemType>
      <ItemName>ולווט פטאל קרם גוף236מ"ל</ItemName>
      <ManufacturerName>ויקטוריה סיקרט</ManufacturerName>
      <ManufactureCountry>US</ManufactureCountry>
      <ManufacturerItemDescription>ולווט פטאל קרם גוף236מ"ל</ManufacturerItemDescription>
      <UnitQty>מיליליטרים</UnitQty>
      <Quantity>236.00</Quantity>
      <bIsWeighted>0</bIsWeighted>
      <UnitOfMeasure>100 מ"ל</UnitOfMeasure>
      <QtyInPackage>1</QtyInPackage>
      <ItemPrice>69.00</ItemPrice>
      <UnitOfMeasurePrice>29.24</UnitOfMeasurePrice>
      <AllowDiscount>1</AllowDiscount>
      <ItemStatus>1</ItemStatus>
    </Item>
    <Item>
      <PriceUpdateDate>2025-06-13 06:24</PriceUpdateDate>
      <ItemCode>667558513163</ItemCode>
      <ItemType>1</ItemType>
      <ItemName>מבשם גוף חלומי 236מל</ItemName>
      <ManufacturerName>WORKS BATH&amp;BODY</ManufacturerName>
      <ManufactureCountry>US</ManufactureCountry>
      <ManufacturerItemDescription>מבשם גוף חלומי 236מל</ManufacturerItemDescription>
      <UnitQty>מיליליטרים</UnitQty>
      <Quantity>236.00</Quantity>
      <bIsWeighted>0</bIsWeighted>
      <UnitOfMeasure>100 מ"ל</UnitOfMeasure>
      <QtyInPackage>1</QtyInPackage>
      <ItemPrice>64.90</ItemPrice>
      <UnitOfMeasurePrice>27.50</UnitOfMeasurePrice>
      <AllowDiscount>1</AllowDiscount>
      <ItemStatus>1</ItemStatus>
    </Item>
    <Item>
      <PriceUpdateDate>2025-12-01 20:20</PriceUpdateDate>
      <ItemCode>6920354824845</ItemCode>
      <ItemType>1</ItemType>
      <ItemName>מ.שיניים מקס ווייט 100מל</ItemName>
      <ManufacturerName>קולגייט-פלמוליב</ManufacturerName>
      <ManufactureCountry>IN</ManufactureCountry>
      <ManufacturerItemDescription>מ.שיניים מקס ווייט 100מל</ManufacturerItemDescription>
      <UnitQty>מיליליטרים</UnitQty>
      <Quantity>100.00</Quantity>
      <bIsWeighted>0</bIsWeighted>
      <UnitOfMeasure>100 מ"ל</UnitOfMeasure>
      <QtyInPackage>1</QtyInPackage>
      <ItemPrice>10.00</ItemPrice>
      <UnitOfMeasurePrice>10.00</UnitOfMeasurePrice>
      <AllowDiscount>1</AllowDiscount>
      <ItemStatus>1</ItemStatus>
    </Item>
    <Item>
      <PriceUpdateDate>2025-12-01 20:10</PriceUpdateDate>
      <ItemCode>6974549384959</ItemCode>
      <ItemType>1</ItemType>
      <ItemName>מיי גוף חלב קוקוס 100מ"ל</ItemName>
      <ManufacturerName>HEALTH&amp;BEYOND</ManufacturerName>
      <ManufactureCountry>CN</ManufactureCountry>
      <ManufacturerItemDescription>מיי גוף חלב קוקוס 100מ"ל</ManufacturerItemDescription>
      <UnitQty>מיליליטרים</UnitQty>
      <Quantity>100.00</Quantity>
      <bIsWeighted>0</bIsWeighted>
      <UnitOfMeasure>100 מ"ל</UnitOfMeasure>
      <QtyInPackage>1</QtyInPackage>
      <ItemPrice>19.90</ItemPrice>
      <UnitOfMeasurePrice>19.90</UnitOfMeasurePrice>
      <AllowDiscount>1</AllowDiscount>
      <ItemStatus>1</ItemStatus>
    </Item>
    <Item>
      <PriceUpdateDate>2021-05-09 13:16</PriceUpdateDate>
      <ItemCode>7046110064016</ItemCode>
      <ItemType>1</ItemType>
      <ItemName>2מברשות ג'ורדן לילדים3-5</ItemName>
      <ManufacturerName>קלרו</ManufacturerName>
      <ManufactureCountry>MY</ManufactureCountry>
      <ManufacturerItemDescription>2מברשות גורדן לילדים3-5</ManufacturerItemDescription>
      <UnitQty>יחידה</UnitQty>
      <Quantity>1.00</Quantity>
      <bIsWeighted>0</bIsWeighted>
      <UnitOfMeasure>יחידה</UnitOfMeasure>
      <QtyInPackage>0</QtyInPackage>
      <ItemPrice>19.90</ItemPrice>
      <UnitOfMeasurePrice>19.90</UnitOfMeasurePrice>
      <AllowDiscount>1</AllowDiscount>
      <ItemStatus>1</ItemStatus>
    </Item>
    <Item>
      <PriceUpdateDate>2025-11-27 21:30</PriceUpdateDate>
      <ItemCode>7046110070192</ItemCode>
      <ItemType>1</ItemType>
      <ItemName>3 מברשות שיניים ג'ורדן</ItemName>
      <ManufacturerName>ג'ורדן</ManufacturerName>
      <ManufactureCountry>MY</ManufactureCountry>
      <ManufacturerItemDescription>3 מברשות שיניים</ManufacturerItemDescription>
      <UnitQty>יחידה</UnitQty>
      <Quantity>1.00</Quantity>
      <bIsWeighted>0</bIsWeighted>
      <UnitOfMeasure>יחידה</UnitOfMeasure>
      <QtyInPackage>0</QtyInPackage>
      <ItemPrice>10.00</ItemPrice>
      <UnitOfMeasurePrice>10.00</UnitOfMeasurePrice>
      <AllowDiscount>1</AllowDiscount>
      <ItemStatus>1</ItemStatus>
    </Item>
    <Item>
      <PriceUpdateDate>2025-03-14 10:55</PriceUpdateDate>
      <ItemCode>717334215092</ItemCode>
      <ItemType>1</ItemType>
      <ItemName>קרם לחות עור זוהר50מ"ל</ItemName>
      <ManufacturerName>LTD LABORATORIES WHITMAN</ManufacturerName>
      <ManufactureCountry>GB</ManufactureCountry>
      <ManufacturerItemDescription>ק.לחות עור זוהר</ManufacturerItemDescription>
      <UnitQty>מיליליטרים</UnitQty>
      <Quantity>50.00</Quantity>
      <bIsWeighted>0</bIsWeighted>
      <UnitOfMeasure>100 מ"ל</UnitOfMeasure>
      <QtyInPackage>0</QtyInPackage>
      <ItemPrice>335.00</ItemPrice>
      <UnitOfMeasurePrice>670.00</UnitOfMeasurePrice>
      <AllowDiscount>1</AllowDiscount>
      <ItemStatus>1</ItemStatus>
    </Item>
    <Item>
      <PriceUpdateDate>2023-08-22 14:34</PriceUpdateDate>
      <ItemCode>717334249905</ItemCode>
      <ItemType>1</ItemType>
      <ItemName>ניקוי פנים מקציף 15 מ"ל</ItemName>
      <ManufacturerName>LTD LABORATORIES WHITMAN</ManufacturerName>
      <ManufactureCountry>US</ManufactureCountry>
      <ManufacturerItemDescription>ניקוי פנים מקציף</ManufacturerItemDescription>
      <UnitQty>מיליליטרים</UnitQty>
      <Quantity>15.00</Quantity>
      <bIsWeighted>0</bIsWeighted>
      <UnitOfMeasure>100 מ"ל</UnitOfMeasure>
      <QtyInPackage>1</QtyInPackage>
      <ItemPrice>29.90</ItemPrice>
      <UnitOfMeasurePrice>199.33</UnitOfMeasurePrice>
      <AllowDiscount>1</AllowDiscount>
      <ItemStatus>1</ItemStatus>
    </Item>
    <Item>
      <PriceUpdateDate>2025-03-14 10:55</PriceUpdateDate>
      <ItemCode>717334264700</ItemCode>
      <ItemType>1</ItemType>
      <ItemName>ניקוי פנים מסיר איפו150מ</ItemName>
      <ManufacturerName>אסתי לאודר</ManufacturerName>
      <ManufactureCountry>US</ManufactureCountry>
      <ManufacturerItemDescription>ניקוי פנים ומסיר</ManufacturerItemDescription>
      <UnitQty>מיליליטרים</UnitQty>
      <Quantity>150.00</Quantity>
      <bIsWeighted>0</bIsWeighted>
      <UnitOfMeasure>100 מ"ל</UnitOfMeasure>
      <QtyInPackage>1</QtyInPackage>
      <ItemPrice>140.00</ItemPrice>
      <UnitOfMeasurePrice>93.33</UnitOfMeasurePrice>
      <AllowDiscount>1</AllowDiscount>
      <ItemStatus>1</ItemStatus>
    </Item>
    <Item>
      <PriceUpdateDate>2025-03-14 10:55</PriceUpdateDate>
      <ItemCode>717334267336</ItemCode>
      <ItemType>1</ItemType>
      <ItemName>מסכת לחות ללילה75מ"ל</ItemName>
      <ManufacturerName>אסתי לאודר</ManufacturerName>
      <ManufactureCountry>US</ManufactureCountry>
      <ManufacturerItemDescription>מסכת לחות ללילה75מ"ל</ManufacturerItemDescription>
      <UnitQty>מיליליטרים</UnitQty>
      <Quantity>75.00</Quantity>
      <bIsWeighted>0</bIsWeighted>
      <UnitOfMeasure>100 מ"ל</UnitOfMeasure>
      <QtyInPackage>0</QtyInPackage>
      <ItemPrice>135.00</ItemPrice>
      <UnitOfMeasurePrice>180.00</UnitOfMeasurePrice>
      <AllowDiscount>1</AllowDiscount>
      <ItemStatus>1</ItemStatus>
    </Item>
    <Item>
      <PriceUpdateDate>2025-11-28 19:20</PriceUpdateDate>
      <ItemCode>719565513565</ItemCode>
      <ItemType>1</ItemType>
      <ItemName>סטיץ מארז מראהו4 גלוסים</ItemName>
      <ManufacturerName>TOWNLEY</ManufacturerName>
      <ManufactureCountry>CN</ManufactureCountry>
      <ManufacturerItemDescription>סטיץ מארז מראהו4 גלוסים</ManufacturerItemDescription>
      <UnitQty>יחידה</UnitQty>
      <Quantity>1.00</Quantity>
      <bIsWeighted>0</bIsWeighted>
      <UnitOfMeasure>יחידה</UnitOfMeasure>
      <QtyInPackage>0</QtyInPackage>
      <ItemPrice>39.90</ItemPrice>
      <UnitOfMeasurePrice>39.90</UnitOfMeasurePrice>
      <AllowDiscount>1</AllowDiscount>
      <ItemStatus>1</ItemStatus>
    </Item>
    <Item>
      <PriceUpdateDate>2025-06-22 12:23</PriceUpdateDate>
      <ItemCode>7290000066141</ItemCode>
      <ItemType>1</ItemType>
      <ItemName>ביסלי גריל 70 גרם</ItemName>
      <ManufacturerName>אסם תעשיות מזון בע"מ</ManufacturerName>
      <ManufactureCountry>IL</ManufactureCountry>
      <ManufacturerItemDescription>ביסלי גריל 70 גרם</ManufacturerItemDescription>
      <UnitQty>גרמים</UnitQty>
      <Quantity>70.00</Quantity>
      <bIsWeighted>0</bIsWeighted>
      <UnitOfMeasure>100 גרם</UnitOfMeasure>
      <QtyInPackage>0</QtyInPackage>
      <ItemPrice>6.90</ItemPrice>
      <UnitOfMeasurePrice>9.86</UnitOfMeasurePrice>
      <AllowDiscount>1</AllowDiscount>
      <ItemStatus>1</ItemStatus>
    </Item>
    <Item>
      <PriceUpdateDate>2024-12-23 17:26</PriceUpdateDate>
      <ItemCode>7290000066264</ItemCode>
      <ItemType>1</ItemType>
      <ItemName>חטיף דובונים 40 גרם</ItemName>
      <ManufacturerName>אסם תעשיות מזון בע"מ</ManufacturerName>
      <ManufactureCountry>IL</ManufactureCountry>
      <ManufacturerItemDescription>חטיף דובונים 40 גרם</ManufacturerItemDescription>
      <UnitQty>גרמים</UnitQty>
      <Quantity>40.00</Quantity>
      <bIsWeighted>0</bIsWeighted>
      <UnitOfMeasure>100 גרם</UnitOfMeasure>
      <QtyInPackage>0</QtyInPackage>
      <ItemPrice>7.00</ItemPrice>
      <UnitOfMeasurePrice>17.50</UnitOfMeasurePrice>
      <AllowDiscount>1</AllowDiscount>
      <ItemStatus>1</ItemStatus>
    </Item>
    <Item>
      <PriceUpdateDate>2022-12-15 10:28</PriceUpdateDate>
      <ItemCode>7290000066318</ItemCode>
      <ItemType>1</ItemType>
      <ItemName>במבה 80 גרם</ItemName>
      <ManufacturerName>אסם תעשיות מזון בע"מ</ManufacturerName>
      <ManufactureCountry>IL</ManufactureCountry>
      <ManufacturerItemDescription>במבה 80 גרם</ManufacturerItemDescription>
      <UnitQty>גרמים</UnitQty>
      <Quantity>80.00</Quantity>
      <bIsWeighted>0</bIsWeighted>
      <UnitOfMeasure>100 גרם</UnitOfMeasure>
      <QtyInPackage>0</QtyInPackage>
      <ItemPrice>6.90</ItemPrice>
      <UnitOfMeasurePrice>8.63</UnitOfMeasurePrice>
      <AllowDiscount>1</AllowDiscount>
      <ItemStatus>1</ItemStatus>
    </Item>
    <Item>
      <PriceUpdateDate>2022-12-21 13:22</PriceUpdateDate>
      <ItemCode>7290000066332</ItemCode>
      <ItemType>1</ItemType>
      <ItemName>אפרופו 50 גרם</ItemName>
      <ManufacturerName>אסם תעשיות מזון בע"מ</ManufacturerName>
      <ManufactureCountry>IL</ManufactureCountry>
      <ManufacturerItemDescription>אפרופו 50 גרם</ManufacturerItemDescription>
      <UnitQty>גרמים</UnitQty>
      <Quantity>50.00</Quantity>
      <bIsWeighted>0</bIsWeighted>
      <UnitOfMeasure>100 גרם</UnitOfMeasure>
      <QtyInPackage>0</QtyInPackage>
      <ItemPrice>6.90</ItemPrice>
      <UnitOfMeasurePrice>13.80</UnitOfMeasurePrice>
      <AllowDiscount>1</AllowDiscount>
      <ItemStatus>1</ItemStatus>
    </Item>
    <Item>
      <PriceUpdateDate>2025-06-22 12:23</PriceUpdateDate>
      <ItemCode>7290000072753</ItemCode>
      <ItemType>1</ItemType>
      <ItemName>קפה נמס טסטרס צויס200ג</ItemName>
      <ManufacturerName>לוטה נסטלה קוריאה</ManufacturerName>
      <ManufactureCountry>KR</ManufactureCountry>
      <ManufacturerItemDescription>קפה נמס טסטרס צויס200ג</ManufacturerItemDescription>
      <UnitQty>גרמים</UnitQty>
      <Quantity>200.00</Quantity>
      <bIsWeighted>0</bIsWeighted>
      <UnitOfMeasure>100 גרם</UnitOfMeasure>
      <QtyInPackage>0</QtyInPackage>
      <ItemPrice>39.90</ItemPrice>
      <UnitOfMeasurePrice>19.95</UnitOfMeasurePrice>
      <AllowDiscount>1</AllowDiscount>
      <ItemStatus>1</ItemStatus>
    </Item>
    <Item>
      <PriceUpdateDate>2025-11-27 21:50</PriceUpdateDate>
      <ItemCode>7290000073750</ItemCode>
      <ItemType>1</ItemType>
      <ItemName>מנה חמה נודלס בטעם עוף71</ItemName>
      <ManufacturerName>PUB FOODS PRESIDENT THAI</ManufacturerName>
      <ManufactureCountry>TH</ManufactureCountry>
      <ManufacturerItemDescription>מנה חמה נודלס בטעם עוף71</ManufacturerItemDescription>
      <UnitQty>גרמים</UnitQty>
      <Quantity>71.00</Quantity>
      <bIsWeighted>0</bIsWeighted>
      <UnitOfMeasure>100 גרם</UnitOfMeasure>
      <QtyInPackage>0</QtyInPackage>
      <ItemPrice>7.90</ItemPrice>
      <UnitOfMeasurePrice>11.12</UnitOfMeasurePrice>
      <AllowDiscount>1</AllowDiscount>
      <ItemStatus>1</ItemStatus>
    </Item>
    <Item>
      <PriceUpdateDate>2025-11-27 21:50</PriceUpdateDate>
      <ItemCode>7290000073767</ItemCode>
      <ItemType>1</ItemType>
      <ItemName>מנה חמה נודלס בטעם בקר71</ItemName>
      <ManufacturerName>THAI PRESIDENT FOODS PUB</ManufacturerName>
      <ManufactureCountry>TH</ManufactureCountry>
      <ManufacturerItemDescription>מנה חמה נודלס בטעם בקר71</ManufacturerItemDescription>
      <UnitQty>גרמים</UnitQty>
      <Quantity>71.00</Quantity>
      <bIsWeighted>0</bIsWeighted>
      <UnitOfMeasure>100 גרם</UnitOfMeasure>
      <QtyInPackage>0</QtyInPackage>
      <ItemPrice>7.90</ItemPrice>
      <UnitOfMeasurePrice>11.12</UnitOfMeasurePrice>
      <AllowDiscount>1</AllowDiscount>
      <ItemStatus>1</ItemStatus>
    </Item>
    <Item>
      <PriceUpdateDate>2024-12-23 17:26</PriceUpdateDate>
      <ItemCode>7290000074184</ItemCode>
      <ItemType>1</ItemType>
      <ItemName>ביסקוויט פתי בר 500 גרם</ItemName>
      <ManufacturerName>אסם תעשיות מזון בע"מ</ManufacturerName>
      <ManufactureCountry>IL</ManufactureCountry>
      <ManufacturerItemDescription>ביסקוויט פתי בר 500 גרם</ManufacturerItemDescription>
      <UnitQty>גרמים</UnitQty>
      <Quantity>500.00</Quantity>
      <bIsWeighted>0</bIsWeighted>
      <UnitOfMeasure>100 גרם</UnitOfMeasure>
      <QtyInPackage>0</QtyInPackage>
      <ItemPrice>15.20</ItemPrice>
      <UnitOfMeasurePrice>3.04</UnitOfMeasurePrice>
      <AllowDiscount>1</AllowDiscount>
      <ItemStatus>1</ItemStatus>
    </Item>
    <Item>
      <PriceUpdateDate>2024-12-23 17:26</PriceUpdateDate>
      <ItemCode>7290000074245</ItemCode>
      <ItemType>1</ItemType>
      <ItemName>קרם קרקר 250 גרם</ItemName>
      <ManufacturerName>אסם תעשיות מזון בע"מ</ManufacturerName>
      <ManufactureCountry>IL</ManufactureCountry>
      <ManufacturerItemDescription>קרם קרקר 250 גרם</ManufacturerItemDescription>
      <UnitQty>גרמים</UnitQty>
      <Quantity>250.00</Quantity>
      <bIsWeighted>0</bIsWeighted>
      <UnitOfMeasure>100 גרם</UnitOfMeasure>
      <QtyInPackage>0</QtyInPackage>
      <ItemPrice>12.20</ItemPrice>
      <UnitOfMeasurePrice>4.88</UnitOfMeasurePrice>
      <AllowDiscount>1</AllowDiscount>
      <ItemStatus>1</ItemStatus>
    </Item>
    <Item>
      <PriceUpdateDate>2025-06-22 12:28</PriceUpdateDate>
      <ItemCode>7290000076126</ItemCode>
      <ItemType>1</ItemType>
      <ItemName>בייגלה שמיניות קטנות80גר</ItemName>
      <ManufacturerName>אסם תעשיות מזון בע"מ</ManufacturerName>
      <ManufactureCountry>IL</ManufactureCountry>
      <ManufacturerItemDescription>בייגלה שמיניות קטנות80גר</ManufacturerItemDescription>
      <UnitQty>גרמים</UnitQty>
      <Quantity>80.00</Quantity>
      <bIsWeighted>0</bIsWeighted>
      <UnitOfMeasure>100 גרם</UnitOfMeasure>
      <QtyInPackage>0</QtyInPackage>
      <ItemPrice>4.90</ItemPrice>
      <UnitOfMeasurePrice>6.13</UnitOfMeasurePrice>
      <AllowDiscount>1</AllowDiscount>
      <ItemStatus>1</ItemStatus>
    </Item>
    <Item>
      <PriceUpdateDate>2024-12-23 17:26</PriceUpdateDate>
      <ItemCode>7290000110851</ItemCode>
      <ItemType>1</ItemType>
      <ItemName>חטיף כיפלי בטעם בצל 70גר</ItemName>
      <ManufacturerName>יוניליוור ישראל מזון</ManufacturerName>
      <ManufactureCountry>IL</ManufactureCountry>
      <ManufacturerItemDescription>חטיף כיפלי בטעם בצל 70גר</ManufacturerItemDescription>
      <UnitQty>גרמים</UnitQty>
      <Quantity>70.00</Quantity>
      <bIsWeighted>0</bIsWeighted>
      <UnitOfMeasure>100 גרם</UnitOfMeasure>
      <QtyInPackage>0</QtyInPackage>
      <ItemPrice>8.20</ItemPrice>
      <UnitOfMeasurePrice>11.71</UnitOfMeasurePrice>
      <AllowDiscount>1</AllowDiscount>
      <ItemStatus>1</ItemStatus>
    </Item>
    <Item>
      <PriceUpdateDate>2024-12-23 17:26</PriceUpdateDate>
      <ItemCode>7290000112220</ItemCode>
      <ItemType>1</ItemType>
      <ItemName>טחינה גולמית 100% 500 גר</ItemName>
      <ManufacturerName>רושדי תעשיות מזון</ManufacturerName>
      <ManufactureCountry>IL</ManufactureCountry>
      <ManufacturerItemDescription>טחינה גולמית 100% 500 גר</ManufacturerItemDescription>
      <UnitQty>גרמים</UnitQty>
      <Quantity>500.00</Quantity>
      <bIsWeighted>0</bIsWeighted>
      <UnitOfMeasure>100 גרם</UnitOfMeasure>
      <QtyInPackage>0</QtyInPackage>
      <ItemPrice>18.50</ItemPrice>
      <UnitOfMeasurePrice>3.70</UnitOfMeasurePrice>
      <AllowDiscount>1</AllowDiscount>
      <ItemStatus>1</ItemStatus>
    </Item>
    <Item>
      <PriceUpdateDate>2024-12-23 17:17</PriceUpdateDate>
      <ItemCode>7290000135045</ItemCode>
      <ItemType>1</ItemType>
      <ItemName>XL TEN בטעם תפוח 250 מ"ל</ItemName>
      <ManufacturerName>טמפו משקאות בע\"מ</ManufacturerName>
      <ManufactureCountry>IL</ManufactureCountry>
      <ManufacturerItemDescription>XL TEN בטעם תפוח 250 מ"ל</ManufacturerItemDescription>
      <UnitQty>מיליליטרים</UnitQty>
      <Quantity>250.00</Quantity>
      <bIsWeighted>0</bIsWeighted>
      <UnitOfMeasure>100 מ"ל</UnitOfMeasure>
      <QtyInPackage>1</QtyInPackage>
      <ItemPrice>7.20</ItemPrice>
      <UnitOfMeasurePrice>2.88</UnitOfMeasurePrice>
      <AllowDiscount>1</AllowDiscount>
      <ItemStatus>1</ItemStatus>
    </Item>
    <Item>
      <PriceUpdateDate>2024-12-23 17:17</PriceUpdateDate>
      <ItemCode>7290000135052</ItemCode>
      <ItemType>1</ItemType>
      <ItemName>XL TEN בטעם מנגו 250 מ"ל</ItemName>
      <ManufacturerName>טמפו משקאות בע\"מ</ManufacturerName>
      <ManufactureCountry>IL</ManufactureCountry>
      <ManufacturerItemDescription>XL TEN בטעם מנגו 250 מ"ל</ManufacturerItemDescription>
      <UnitQty>מיליליטרים</UnitQty>
      <Quantity>250.00</Quantity>
      <bIsWeighted>0</bIsWeighted>
      <UnitOfMeasure>100 מ"ל</UnitOfMeasure>
      <QtyInPackage>1</QtyInPackage>
      <ItemPrice>7.20</ItemPrice>
      <UnitOfMeasurePrice>2.88</UnitOfMeasurePrice>
      <AllowDiscount>1</AllowDiscount>
      <ItemStatus>1</ItemStatus>
    </Item>
    <Item>
      <PriceUpdateDate>2024-12-23 17:17</PriceUpdateDate>
      <ItemCode>7290000135113</ItemCode>
      <ItemType>1</ItemType>
      <ItemName>XL TEN נענע ליים ללתס250</ItemName>
      <ManufacturerName>טמפו משקאות בע\"מ</ManufacturerName>
      <ManufactureCountry>IL</ManufactureCountry>
      <ManufacturerItemDescription>XL TEN נענע ליים ללתס250</ManufacturerItemDescription>
      <UnitQty>מיליליטרים</UnitQty>
      <Quantity>250.00</Quantity>
      <bIsWeighted>0</bIsWeighted>
      <UnitOfMeasure>100 מ"ל</UnitOfMeasure>
      <QtyInPackage>1</QtyInPackage>
      <ItemPrice>7.20</ItemPrice>
      <UnitOfMeasurePrice>2.88</UnitOfMeasurePrice>
      <AllowDiscount>1</AllowDiscount>
      <ItemStatus>1</ItemStatus>
    </Item>
    <Item>
      <PriceUpdateDate>2024-12-23 17:17</PriceUpdateDate>
      <ItemCode>7290000135151</ItemCode>
      <ItemType>1</ItemType>
      <ItemName>סודה נגיעות למון ליים275</ItemName>
      <ManufacturerName>טמפו משקאות בע"מ</ManufacturerName>
      <ManufactureCountry>IL</ManufactureCountry>
      <ManufacturerItemDescription>סודה נגיעות למון ליים275</ManufacturerItemDescription>
      <UnitQty>מיליליטרים</UnitQty>
      <Quantity>275.00</Quantity>
      <bIsWeighted>0</bIsWeighted>
      <UnitOfMeasure>100 מ"ל</UnitOfMeasure>
      <QtyInPackage>1</QtyInPackage>
      <ItemPrice>6.20</ItemPrice>
      <UnitOfMeasurePrice>2.25</UnitOfMeasurePrice>
      <AllowDiscount>1</AllowDiscount>
      <ItemStatus>1</ItemStatus>
    </Item>
    <Item>
      <PriceUpdateDate>2024-12-23 17:26</PriceUpdateDate>
      <ItemCode>7290000146928</ItemCode>
      <ItemType>1</ItemType>
      <ItemName>משחת טום וגרי ענבים 50מ</ItemName>
      <ManufacturerName>טרופיקל דגיל</ManufacturerName>
      <ManufactureCountry>IL</ManufactureCountry>
      <ManufacturerItemDescription>משחת טום וגרי ענבים 50מ</ManufacturerItemDescription>
      <UnitQty>מיליליטרים</UnitQty>
      <Quantity>50.00</Quantity>
      <bIsWeighted>0</bIsWeighted>
      <UnitOfMeasure>100 מ"ל</UnitOfMeasure>
      <QtyInPackage>0</QtyInPackage>
      <ItemPrice>10.50</ItemPrice>
      <UnitOfMeasurePrice>21.00</UnitOfMeasurePrice>
      <AllowDiscount>1</AllowDiscount>
      <ItemStatus>1</ItemStatus>
    </Item>
    <Item>
      <PriceUpdateDate>2024-12-23 17:26</PriceUpdateDate>
      <ItemCode>7290000146997</ItemCode>
      <ItemType>1</ItemType>
      <ItemName>משחת טום וגרי מסטיק 50מ</ItemName>
      <ManufacturerName>טרופיקל דגיל</ManufacturerName>
      <ManufactureCountry>IL</ManufactureCountry>
      <ManufacturerItemDescription>משחת טום וגרי מסטיק 50מ</ManufacturerItemDescription>
      <UnitQty>מיליליטרים</UnitQty>
      <Quantity>50.00</Quantity>
      <bIsWeighted>0</bIsWeighted>
      <UnitOfMeasure>100 מ"ל</UnitOfMeasure>
      <QtyInPackage>0</QtyInPackage>
      <ItemPrice>10.50</ItemPrice>
      <UnitOfMeasurePrice>21.00</UnitOfMeasurePrice>
      <AllowDiscount>1</AllowDiscount>
      <ItemStatus>1</ItemStatus>
    </Item>
    <Item>
      <PriceUpdateDate>2025-07-25 10:43</PriceUpdateDate>
      <ItemCode>7290000170053</ItemCode>
      <ItemType>1</ItemType>
      <ItemName>שוקולד פרה חלב 100ג עלית</ItemName>
      <ManufacturerName>עלית</ManufacturerName>
      <ManufactureCountry>IL</ManufactureCountry>
      <ManufacturerItemDescription>שוקולד פרה חלב 100ג עלית</ManufacturerItemDescription>
      <UnitQty>גרמים</UnitQty>
      <Quantity>100.00</Quantity>
      <bIsWeighted>0</bIsWeighted>
      <UnitOfMeasure>100 גרם</UnitOfMeasure>
      <QtyInPackage>0</QtyInPackage>
      <ItemPrice>10.90</ItemPrice>
      <UnitOfMeasurePrice>10.90</UnitOfMeasurePrice>
      <AllowDiscount>1</AllowDiscount>
      <ItemStatus>1</ItemStatus>
    </Item>
    <Item>
      <PriceUpdateDate>2025-07-24 10:58</PriceUpdateDate>
      <ItemCode>7290000176062</ItemCode>
      <ItemType>1</ItemType>
      <ItemName>קפה טורקי צלופן100ג עלית</ItemName>
      <ManufacturerName>שטראוס קפה בי.וי.</ManufacturerName>
      <ManufactureCountry>IL</ManufactureCountry>
      <ManufacturerItemDescription>קפה טורקי צלופן100ג עלית</ManufacturerItemDescription>
      <UnitQty>גרמים</UnitQty>
      <Quantity>100.00</Quantity>
      <bIsWeighted>0</bIsWeighted>
      <UnitOfMeasure>100 גרם</UnitOfMeasure>
      <QtyInPackage>0</QtyInPackage>
      <ItemPrice>13.90</ItemPrice>
      <UnitOfMeasurePrice>13.90</UnitOfMeasurePrice>
      <AllowDiscount>1</AllowDiscount>
      <ItemStatus>1</ItemStatus>
    </Item>
    <Item>
      <PriceUpdateDate>2024-12-23 17:17</PriceUpdateDate>
      <ItemCode>7290000178707</ItemCode>
      <ItemType>1</ItemType>
      <ItemName>תפוציפס בטעם טבעי 50 גר</ItemName>
      <ManufacturerName>שטראוס פריטו ליי בע"מ</ManufacturerName>
      <ManufactureCountry>IL</ManufactureCountry>
      <ManufacturerItemDescription>תפוציפס בטעם טבעי 50 גר</ManufacturerItemDescription>
      <UnitQty>גרמים</UnitQty>
      <Quantity>50.00</Quantity>
      <bIsWeighted>0</bIsWeighted>
      <UnitOfMeasure>100 גרם</UnitOfMeasure>
      <QtyInPackage>0</QtyInPackage>
      <ItemPrice>6.30</ItemPrice>
      <UnitOfMeasurePrice>12.60</UnitOfMeasurePrice>
      <AllowDiscount>1</AllowDiscount>
      <ItemStatus>1</ItemStatus>
    </Item>
    <Item>
      <PriceUpdateDate>2025-01-09 12:06</PriceUpdateDate>
      <ItemCode>7290000181103</ItemCode>
      <ItemType>1</ItemType>
      <ItemName>עד חצות שוק.חלב200ג עלית</ItemName>
      <ManufacturerName>שטראוס גרופ בע"מ</ManufacturerName>
      <ManufactureCountry>IL</ManufactureCountry>
      <ManufacturerItemDescription>עד חצות שוק.חלב200ג עלית</ManufacturerItemDescription>
      <UnitQty>גרמים</UnitQty>
      <Quantity>200.00</Quantity>
      <bIsWeighted>0</bIsWeighted>
      <UnitOfMeasure>100 גרם</UnitOfMeasure>
      <QtyInPackage>0</QtyInPackage>
      <ItemPrice>19.90</ItemPrice>
      <UnitOfMeasurePrice>9.95</UnitOfMeasurePrice>
      <AllowDiscount>1</AllowDiscount>
      <ItemStatus>1</ItemStatus>
    </Item>
    <Item>
      <PriceUpdateDate>2025-06-03 12:12</PriceUpdateDate>
      <ItemCode>7290000186030</ItemCode>
      <ItemType>1</ItemType>
      <ItemName>מגבונ.לחים עם תחליב4*56י</ItemName>
      <ManufacturerName>האגיס-מגבונים</ManufacturerName>
      <ManufactureCountry>IL</ManufactureCountry>
      <ManufacturerItemDescription>מגבונ.לחים עם תחליב4*56י</ManufacturerItemDescription>
      <UnitQty>יחידה</UnitQty>
      <Quantity>1.00</Quantity>
      <bIsWeighted>0</bIsWeighted>
      <UnitOfMeasure>יחידה</UnitOfMeasure>
      <QtyInPackage>0</QtyInPackage>
      <ItemPrice>29.90</ItemPrice>
      <UnitOfMeasurePrice>29.90</UnitOfMeasurePrice>
      <AllowDiscount>1</AllowDiscount>
      <ItemStatus>1</ItemStatus>
    </Item>
    <Item>
      <PriceUpdateDate>2025-12-21 15:30</PriceUpdateDate>
      <ItemCode>7290000187938</ItemCode>
      <ItemType>1</ItemType>
      <ItemName>נייר טואלט לילי פסטל32גל</ItemName>
      <ManufacturerName>חוגלה קימברלי</ManufacturerName>
      <ManufactureCountry>IL</ManufactureCountry>
      <ManufacturerItemDescription>נייר טואלט לילי פסטל32גל</ManufacturerItemDescription>
      <UnitQty>מטרים</UnitQty>
      <Quantity>552.00</Quantity>
      <bIsWeighted>0</bIsWeighted>
      <UnitOfMeasure>100 מטר</UnitOfMeasure>
      <QtyInPackage>0</QtyInPackage>
      <ItemPrice>39.90</ItemPrice>
      <UnitOfMeasurePrice>7.23</UnitOfMeasurePrice>
      <AllowDiscount>1</AllowDiscount>
      <ItemStatus>1</ItemStatus>
    </Item>
    <Item>
      <PriceUpdateDate>2024-12-23 17:21</PriceUpdateDate>
      <ItemCode>7290000188591</ItemCode>
      <ItemType>1</ItemType>
      <ItemName>קוטקס מגן תחתון יאנג</ItemName>
      <ManufacturerName>חוגלה קימברלי</ManufacturerName>
      <ManufactureCountry>CN</ManufactureCountry>
      <ManufacturerItemDescription>קוטקס מגן תחתון יאנג</ManufacturerItemDescription>
      <UnitQty>יחידה</UnitQty>
      <Quantity>1.00</Quantity>
      <bIsWeighted>0</bIsWeighted>
      <UnitOfMeasure>יחידה</UnitOfMeasure>
      <QtyInPackage>0</QtyInPackage>
      <ItemPrice>21.90</ItemPrice>
      <UnitOfMeasurePrice>21.90</UnitOfMeasurePrice>
      <AllowDiscount>1</AllowDiscount>
      <ItemStatus>1</ItemStatus>
    </Item>
    <Item>
      <PriceUpdateDate>2024-12-23 17:18</PriceUpdateDate>
      <ItemCode>7290000190853</ItemCode>
      <ItemType>1</ItemType>
      <ItemName>נייר טואלט לילי פיור30גל</ItemName>
      <ManufacturerName>חוגלה קימברלי</ManufacturerName>
      <ManufactureCountry>IL</ManufactureCountry>
      <ManufacturerItemDescription>נייר טואלט לילי פיור30גל</ManufacturerItemDescription>
      <UnitQty>מטרים</UnitQty>
      <Quantity>517.00</Quantity>
      <bIsWeighted>0</bIsWeighted>
      <UnitOfMeasure>100 מטר</UnitOfMeasure>
      <QtyInPackage>0</QtyInPackage>
      <ItemPrice>45.90</ItemPrice>
      <UnitOfMeasurePrice>8.88</UnitOfMeasurePrice>
      <AllowDiscount>1</AllowDiscount>
      <ItemStatus>1</ItemStatus>
    </Item>
    <Item>
      <PriceUpdateDate>2022-12-21 13:22</PriceUpdateDate>
      <ItemCode>7290000191539</ItemCode>
      <ItemType>1</ItemType>
      <ItemName>מגבוני אף לילי צבעוני</ItemName>
      <ManufacturerName>חוגלה קימברלי</ManufacturerName>
      <ManufactureCountry>IL</ManufactureCountry>
      <ManufacturerItemDescription>מגבוני אף לילי צבעוני</ManufacturerItemDescription>
      <UnitQty>יחידה</UnitQty>
      <Quantity>1.00</Quantity>
      <bIsWeighted>0</bIsWeighted>
      <UnitOfMeasure>יחידה</UnitOfMeasure>
      <QtyInPackage>0</QtyInPackage>
      <ItemPrice>19.90</ItemPrice>
      <UnitOfMeasurePrice>19.90</UnitOfMeasurePrice>
      <AllowDiscount>1</AllowDiscount>
      <ItemStatus>1</ItemStatus>
    </Item>
    <Item>
      <PriceUpdateDate>2025-12-21 15:30</PriceUpdateDate>
      <ItemCode>7290000191652</ItemCode>
      <ItemType>1</ItemType>
      <ItemName>קלינקס מעוצב 90*3 יחידות</ItemName>
      <ManufacturerName>חוגלה קימברלי</ManufacturerName>
      <ManufactureCountry>IL</ManufactureCountry>
      <ManufacturerItemDescription>קלינקס מעוצב 3*90 יחידות</ManufacturerItemDescription>
      <UnitQty>יחידה</UnitQty>
      <Quantity>1.00</Quantity>
      <bIsWeighted>0</bIsWeighted>
      <UnitOfMeasure>יחידה</UnitOfMeasure>
      <QtyInPackage>0</QtyInPackage>
      <ItemPrice>10.00</ItemPrice>
      <UnitOfMeasurePrice>10.00</UnitOfMeasurePrice>
      <AllowDiscount>1</AllowDiscount>
      <ItemStatus>1</ItemStatus>
    </Item>
    <Item>
      <PriceUpdateDate>2024-12-23 17:20</PriceUpdateDate>
      <ItemCode>7290000193649</ItemCode>
      <ItemType>1</ItemType>
      <ItemName>24 תחבושות לילי נורמל+</ItemName>
      <ManufacturerName>חוגלה קימברלי</ManufacturerName>
      <ManufactureCountry>ES</ManufactureCountry>
      <ManufacturerItemDescription>24 תחבושות לילי נורמל+</ManufacturerItemDescription>
      <UnitQty>יחידה</UnitQty>
      <Quantity>1.00</Quantity>
      <bIsWeighted>0</bIsWeighted>
      <UnitOfMeasure>יחידה</UnitOfMeasure>
      <QtyInPackage>0</QtyInPackage>
      <ItemPrice>15.50</ItemPrice>
      <UnitOfMeasurePrice>15.50</UnitOfMeasurePrice>
      <AllowDiscount>1</AllowDiscount>
      <ItemStatus>1</ItemStatus>
    </Item>
    <Item>
      <PriceUpdateDate>2025-05-12 17:43</PriceUpdateDate>
      <ItemCode>7290000194288</ItemCode>
      <ItemType>1</ItemType>
      <ItemName>משטח החתלה 10 יחידות</ItemName>
      <ManufacturerName>אונטקס</ManufacturerName>
      <ManufactureCountry>BE</ManufactureCountry>
      <ManufacturerItemDescription>משטח החתלה 10 יחידות</ManufacturerItemDescription>
      <UnitQty>יחידה</UnitQty>
      <Quantity>1.00</Quantity>
      <bIsWeighted>0</bIsWeighted>
      <UnitOfMeasure>יחידה</UnitOfMeasure>
      <QtyInPackage>0</QtyInPackage>
      <ItemPrice>19.90</ItemPrice>
      <UnitOfMeasurePrice>19.90</UnitOfMeasurePrice>
      <AllowDiscount>1</AllowDiscount>
      <ItemStatus>1</ItemStatus>
    </Item>
    <Item>
      <PriceUpdateDate>2025-02-17 18:10</PriceUpdateDate>
      <ItemCode>7290000194905</ItemCode>
      <ItemType>1</ItemType>
      <ItemName>שקמה מכנסון סופר נייט M</ItemName>
      <ManufacturerName>חוגלה קימברלי</ManufacturerName>
      <ManufactureCountry>IL</ManufactureCountry>
      <ManufacturerItemDescription>מכנסוני שקמה</ManufacturerItemDescription>
      <UnitQty>יחידה</UnitQty>
      <Quantity>1.00</Quantity>
      <bIsWeighted>0</bIsWeighted>
      <UnitOfMeasure>יחידה</UnitOfMeasure>
      <QtyInPackage>1</QtyInPackage>
      <ItemPrice>74.90</ItemPrice>
      <UnitOfMeasurePrice>74.90</UnitOfMeasurePrice>
      <AllowDiscount>1</AllowDiscount>
      <ItemStatus>1</ItemStatus>
    </Item>
    <Item>
      <PriceUpdateDate>2025-12-21 15:30</PriceUpdateDate>
      <ItemCode>7290000195537</ItemCode>
      <ItemType>1</ItemType>
      <ItemName>מגב.האגיס ללא בישום 56*4</ItemName>
      <ManufacturerName>חוגלה קימברלי</ManufacturerName>
      <ManufactureCountry>IL</ManufactureCountry>
      <ManufacturerItemDescription>מגב.האגיס ללא בישום 4*56</ManufacturerItemDescription>
      <UnitQty>יחידה</UnitQty>
      <Quantity>1.00</Quantity>
      <bIsWeighted>0</bIsWeighted>
      <UnitOfMeasure>יחידה</UnitOfMeasure>
      <QtyInPackage>0</QtyInPackage>
      <ItemPrice>18.90</ItemPrice>
      <UnitOfMeasurePrice>18.90</UnitOfMeasurePrice>
      <AllowDiscount>1</AllowDiscount>
      <ItemStatus>1</ItemStatus>
    </Item>
    <Item>
      <PriceUpdateDate>2025-12-21 15:30</PriceUpdateDate>
      <ItemCode>7290000195773</ItemCode>
      <ItemType>1</ItemType>
      <ItemName>מגבוני האגיס אלוורה 4*56</ItemName>
      <ManufacturerName>חוגלה קימברלי</ManufacturerName>
      <ManufactureCountry>IL</ManufactureCountry>
      <ManufacturerItemDescription>מגבוני האגיס אלוורה 4*56</ManufacturerItemDescription>
      <UnitQty>יחידה</UnitQty>
      <Quantity>1.00</Quantity>
      <bIsWeighted>0</bIsWeighted>
      <UnitOfMeasure>יחידה</UnitOfMeasure>
      <QtyInPackage>0</QtyInPackage>
      <ItemPrice>18.90</ItemPrice>
      <UnitOfMeasurePrice>18.90</UnitOfMeasurePrice>
      <AllowDiscount>1</AllowDiscount>
      <ItemStatus>1</ItemStatus>
    </Item>
    <Item>
      <PriceUpdateDate>2025-05-09 12:16</PriceUpdateDate>
      <ItemCode>7290000197425</ItemCode>
      <ItemType>1</ItemType>
      <ItemName>האגיס פרידום דריי מידה3</ItemName>
      <ManufacturerName>חוגלה קימברלי</ManufacturerName>
      <ManufactureCountry>IL</ManufactureCountry>
      <ManufacturerItemDescription>האגיס פרידום דריי מידה3</ManufacturerItemDescription>
      <UnitQty>יחידה</UnitQty>
      <Quantity>1.00</Quantity>
      <bIsWeighted>0</bIsWeighted>
      <UnitOfMeasure>יחידה</UnitOfMeasure>
      <QtyInPackage>0</QtyInPackage>
      <ItemPrice>43.90</ItemPrice>
      <UnitOfMeasurePrice>43.90</UnitOfMeasurePrice>
      <AllowDiscount>1</AllowDiscount>
      <ItemStatus>1</ItemStatus>
    </Item>
    <Item>
      <PriceUpdateDate>2025-05-09 12:16</PriceUpdateDate>
      <ItemCode>7290000197548</ItemCode>
      <ItemType>1</ItemType>
      <ItemName>האגיס פרידום דריי מידה 5</ItemName>
      <ManufacturerName>חוגלה קימברלי</ManufacturerName>
      <ManufactureCountry>IL</ManufactureCountry>
      <ManufacturerItemDescription>האגיס פרידום דריי מידה 5</ManufacturerItemDescription>
      <UnitQty>יחידה</UnitQty>
      <Quantity>1.00</Quantity>
      <bIsWeighted>0</bIsWeighted>
      <UnitOfMeasure>יחידה</UnitOfMeasure>
      <QtyInPackage>0</QtyInPackage>
      <ItemPrice>43.90</ItemPrice>
      <UnitOfMeasurePrice>43.90</UnitOfMeasurePrice>
      <AllowDiscount>1</AllowDiscount>
      <ItemStatus>1</ItemStatus>
    </Item>
    <Item>
      <PriceUpdateDate>2025-05-09 12:16</PriceUpdateDate>
      <ItemCode>7290000197678</ItemCode>
      <ItemType>1</ItemType>
      <ItemName>האגיס פרידום דריי מידה 6</ItemName>
      <ManufacturerName>חוגלה קימברלי</ManufacturerName>
      <ManufactureCountry>IL</ManufactureCountry>
      <ManufacturerItemDescription>האגיס פרידום דריי מידה 6</ManufacturerItemDescription>
      <UnitQty>יחידה</UnitQty>
      <Quantity>1.00</Quantity>
      <bIsWeighted>0</bIsWeighted>
      <UnitOfMeasure>יחידה</UnitOfMeasure>
      <QtyInPackage>0</QtyInPackage>
      <ItemPrice>43.90</ItemPrice>
      <UnitOfMeasurePrice>43.90</UnitOfMeasurePrice>
      <AllowDiscount>1</AllowDiscount>
      <ItemStatus>1</ItemStatus>
    </Item>
    <Item>
      <PriceUpdateDate>2024-12-23 17:18</PriceUpdateDate>
      <ItemCode>7290000199313</ItemCode>
      <ItemType>1</ItemType>
      <ItemName>תחבושות קוטקס יאנג 28 יח</ItemName>
      <ManufacturerName>חוגלה קימברלי</ManufacturerName>
      <ManufactureCountry>CZ</ManufactureCountry>
      <ManufacturerItemDescription>תחבושות קוטקס יאנג 28 יח</ManufacturerItemDescription>
      <UnitQty>יחידה</UnitQty>
      <Quantity>1.00</Quantity>
      <bIsWeighted>0</bIsWeighted>
      <UnitOfMeasure>יחידה</UnitOfMeasure>
      <QtyInPackage>0</QtyInPackage>
      <ItemPrice>22.90</ItemPrice>
      <UnitOfMeasurePrice>22.90</UnitOfMeasurePrice>
      <AllowDiscount>1</AllowDiscount>
      <ItemStatus>1</ItemStatus>
    </Item>
    <Item>
      <PriceUpdateDate>2024-12-23 17:18</PriceUpdateDate>
      <ItemCode>7290000201863</ItemCode>
      <ItemType>1</ItemType>
      <ItemName>32טיטולים פרימיום שלב 5</ItemName>
      <ManufacturerName>חוגלה קימברלי</ManufacturerName>
      <ManufactureCountry>IL</ManufactureCountry>
      <ManufacturerItemDescription>32טיטולים פרימיום שלב 5</ManufacturerItemDescription>
      <UnitQty>יחידה</UnitQty>
      <Quantity>1.00</Quantity>
      <bIsWeighted>0</bIsWeighted>
      <UnitOfMeasure>יחידה</UnitOfMeasure>
      <QtyInPackage>1</QtyInPackage>
      <ItemPrice>34.50</ItemPrice>
      <UnitOfMeasurePrice>34.50</UnitOfMeasurePrice>
      <AllowDiscount>1</AllowDiscount>
      <ItemStatus>1</ItemStatus>
    </Item>
    <Item>
      <PriceUpdateDate>2024-12-23 17:18</PriceUpdateDate>
      <ItemCode>7290000201870</ItemCode>
      <ItemType>1</ItemType>
      <ItemName>29 טיטולים פרימיום שלב 6</ItemName>
      <ManufacturerName>---</ManufacturerName>
      <ManufactureCountry>IL</ManufactureCountry>
      <ManufacturerItemDescription>29 טיטולים פרימיום שלב 6</ManufacturerItemDescription>
      <UnitQty>יחידה</UnitQty>
      <Quantity>1.00</Quantity>
      <bIsWeighted>0</bIsWeighted>
      <UnitOfMeasure>יחידה</UnitOfMeasure>
      <QtyInPackage>1</QtyInPackage>
      <ItemPrice>34.50</ItemPrice>
      <UnitOfMeasurePrice>34.50</UnitOfMeasurePrice>
      <AllowDiscount>1</AllowDiscount>
      <ItemStatus>1</ItemStatus>
    </Item>
    <Item>
      <PriceUpdateDate>2025-05-09 12:16</PriceUpdateDate>
      <ItemCode>7290000205915</ItemCode>
      <ItemType>1</ItemType>
      <ItemName>האגיס אקסטרה קר מידה 4</ItemName>
      <ManufacturerName>חוגלה קימברלי</ManufacturerName>
      <ManufactureCountry>CZ</ManufactureCountry>
      <ManufacturerItemDescription>האגיס אקסטרה קר מידה 4</ManufacturerItemDescription>
      <UnitQty>יחידה</UnitQty>
      <Quantity>1.00</Quantity>
      <bIsWeighted>0</bIsWeighted>
      <UnitOfMeasure>יחידה</UnitOfMeasure>
      <QtyInPackage>1</QtyInPackage>
      <ItemPrice>54.90</ItemPrice>
      <UnitOfMeasurePrice>54.90</UnitOfMeasurePrice>
      <AllowDiscount>1</AllowDiscount>
      <ItemStatus>1</ItemStatus>
    </Item>
    <Item>
      <PriceUpdateDate>2025-11-27 21:40</PriceUpdateDate>
      <ItemCode>7290000244143</ItemCode>
      <ItemType>1</ItemType>
      <ItemName>קרם הוואי לאחר גילוח120מ</ItemName>
      <ManufacturerName>טרופיקל דגיל</ManufacturerName>
      <ManufactureCountry>IL</ManufactureCountry>
      <ManufacturerItemDescription>קרם הוואי לאחר גילוח120מ</ManufacturerItemDescription>
      <UnitQty>מיליליטרים</UnitQty>
      <Quantity>120.00</Quantity>
      <bIsWeighted>0</bIsWeighted>
      <UnitOfMeasure>100 מ"ל</UnitOfMeasure>
      <QtyInPackage>0</QtyInPackage>
      <ItemPrice>16.90</ItemPrice>
      <UnitOfMeasurePrice>14.08</UnitOfMeasurePrice>
      <AllowDiscount>1</AllowDiscount>
      <ItemStatus>1</ItemStatus>
    </Item>
    <Item>
      <PriceUpdateDate>2025-01-01 10:06</PriceUpdateDate>
      <ItemCode>7290000244761</ItemCode>
      <ItemType>1</ItemType>
      <ItemName>קרם ידיים ולווטה 100 מ"ל</ItemName>
      <ManufacturerName>טרופיקל דגיל</ManufacturerName>
      <ManufactureCountry>IL</ManufactureCountry>
      <ManufacturerItemDescription>קרם ידיים ולווטה 100 מ"ל</ManufacturerItemDescription>
      <UnitQty>מיליליטרים</UnitQty>
      <Quantity>100.00</Quantity>
      <bIsWeighted>0</bIsWeighted>
      <UnitOfMeasure>100 מ"ל</UnitOfMeasure>
      <QtyInPackage>0</QtyInPackage>
      <ItemPrice>10.20</ItemPrice>
      <UnitOfMeasurePrice>10.20</UnitOfMeasurePrice>
      <AllowDiscount>1</AllowDiscount>
      <ItemStatus>1</ItemStatus>
    </Item>
    <Item>
      <PriceUpdateDate>2025-05-09 12:16</PriceUpdateDate>
      <ItemCode>7290000262413</ItemCode>
      <ItemType>1</ItemType>
      <ItemName>האגיס אקסטרה קר מידה 5</ItemName>
      <ManufacturerName>חוגלה קימברלי</ManufacturerName>
      <ManufactureCountry>CZ</ManufactureCountry>
      <ManufacturerItemDescription>האגיס אקסטרה קר מידה 5</ManufacturerItemDescription>
      <UnitQty>יחידה</UnitQty>
      <Quantity>1.00</Quantity>
      <bIsWeighted>0</bIsWeighted>
      <UnitOfMeasure>יחידה</UnitOfMeasure>
      <QtyInPackage>1</QtyInPackage>
      <ItemPrice>54.90</ItemPrice>
      <UnitOfMeasurePrice>54.90</UnitOfMeasurePrice>
      <AllowDiscount>1</AllowDiscount>
      <ItemStatus>1</ItemStatus>
    </Item>
    <Item>
      <PriceUpdateDate>2025-05-09 12:16</PriceUpdateDate>
      <ItemCode>7290000263359</ItemCode>
      <ItemType>1</ItemType>
      <ItemName>האגיס אקסטרה קר שלב1</ItemName>
      <ManufacturerName>חוגלה קימברלי</ManufacturerName>
      <ManufactureCountry>IL</ManufactureCountry>
      <ManufacturerItemDescription>חיתולי האגיס</ManufacturerItemDescription>
      <UnitQty>יחידה</UnitQty>
      <Quantity>1.00</Quantity>
      <bIsWeighted>0</bIsWeighted>
      <UnitOfMeasure>יחידה</UnitOfMeasure>
      <QtyInPackage>0</QtyInPackage>
      <ItemPrice>32.90</ItemPrice>
      <UnitOfMeasurePrice>32.90</UnitOfMeasurePrice>
      <AllowDiscount>1</AllowDiscount>
      <ItemStatus>1</ItemStatus>
    </Item>
    <Item>
      <PriceUpdateDate>2024-12-23 17:26</PriceUpdateDate>
      <ItemCode>7290000288109</ItemCode>
      <ItemType>1</ItemType>
      <ItemName>אבקת מקסימה ג'אבל 1.25קג</ItemName>
      <ManufacturerName>סנו</ManufacturerName>
      <ManufactureCountry>IL</ManufactureCountry>
      <ManufacturerItemDescription>אבקת מקסימה גאבל 1.25קג</ManufacturerItemDescription>
      <UnitQty>קילוגרמים</UnitQty>
      <Quantity>1.25</Quantity>
      <bIsWeighted>0</bIsWeighted>
      <UnitOfMeasure>ק"ג</UnitOfMeasure>
      <QtyInPackage>0</QtyInPackage>
      <ItemPrice>17.50</ItemPrice>
      <UnitOfMeasurePrice>14.00</UnitOfMeasurePrice>
      <AllowDiscount>1</AllowDiscount>
      <ItemStatus>1</ItemStatus>
    </Item>
    <Item>
      <PriceUpdateDate>2022-01-13 10:05</PriceUpdateDate>
      <ItemCode>7290000289069</ItemCode>
      <ItemType>1</ItemType>
      <ItemName>סנו ג'אוול מרסס לימון 1ל</ItemName>
      <ManufacturerName>סנו</ManufacturerName>
      <ManufactureCountry>IL</ManufactureCountry>
      <ManufacturerItemDescription>סנו גאוול מרסס לימון 1ל</ManufacturerItemDescription>
      <UnitQty>ליטרים</UnitQty>
      <Quantity>1.00</Quantity>
      <bIsWeighted>0</bIsWeighted>
      <UnitOfMeasure>ליטר</UnitOfMeasure>
      <QtyInPackage>0</QtyInPackage>
      <ItemPrice>19.90</ItemPrice>
      <UnitOfMeasurePrice>19.90</UnitOfMeasurePrice>
      <AllowDiscount>1</AllowDiscount>
      <ItemStatus>1</ItemStatus>
    </Item>
    <Item>
      <PriceUpdateDate>2024-12-23 17:26</PriceUpdateDate>
      <ItemCode>7290000289595</ItemCode>
      <ItemType>1</ItemType>
      <ItemName>אורביטול קיד תות 145 גרם</ItemName>
      <ManufacturerName>טרופיקל דגיל תעשיות קוסמ</ManufacturerName>
      <ManufactureCountry>IL</ManufactureCountry>
      <ManufacturerItemDescription>אורביטול קיד תות 145 גרם</ManufacturerItemDescription>
      <UnitQty>גרמים</UnitQty>
      <Quantity>145.00</Quantity>
      <bIsWeighted>0</bIsWeighted>
      <UnitOfMeasure>100 גרם</UnitOfMeasure>
      <QtyInPackage>0</QtyInPackage>
      <ItemPrice>12.20</ItemPrice>
      <UnitOfMeasurePrice>8.41</UnitOfMeasurePrice>
      <AllowDiscount>1</AllowDiscount>
      <ItemStatus>1</ItemStatus>
    </Item>
    <Item>
      <PriceUpdateDate>2025-12-15 10:00</PriceUpdateDate>
      <ItemCode>7290000297187</ItemCode>
      <ItemType>1</ItemType>
      <ItemName>קמיל אל סבון אלוורה750מל</ItemName>
      <ManufacturerName>פישר מעבדות פרמצבטיות בע</ManufacturerName>
      <ManufactureCountry>IL</ManufactureCountry>
      <ManufacturerItemDescription>קמיל אל סבון אלוורה750מל</ManufacturerItemDescription>
      <UnitQty>מיליליטרים</UnitQty>
      <Quantity>750.00</Quantity>
      <bIsWeighted>0</bIsWeighted>
      <UnitOfMeasure>100 מ"ל</UnitOfMeasure>
      <QtyInPackage>1</QtyInPackage>
      <ItemPrice>19.90</ItemPrice>
      <UnitOfMeasurePrice>2.66</UnitOfMeasurePrice>
      <AllowDiscount>1</AllowDiscount>
      <ItemStatus>1</ItemStatus>
    </Item>
    <Item>
      <PriceUpdateDate>2025-12-15 10:00</PriceUpdateDate>
      <ItemCode>7290000297286</ItemCode>
      <ItemType>1</ItemType>
      <ItemName>קמיל אל סבון ש.שועל750מל</ItemName>
      <ManufacturerName>פישר מעבדות פרמצבטיות בע</ManufacturerName>
      <ManufactureCountry>IL</ManufactureCountry>
      <ManufacturerItemDescription>קמיל אל סבון ש.שועל750מל</ManufacturerItemDescription>
      <UnitQty>מיליליטרים</UnitQty>
      <Quantity>750.00</Quantity>
      <bIsWeighted>0</bIsWeighted>
      <UnitOfMeasure>100 מ"ל</UnitOfMeasure>
      <QtyInPackage>1</QtyInPackage>
      <ItemPrice>19.90</ItemPrice>
      <UnitOfMeasurePrice>2.66</UnitOfMeasurePrice>
      <AllowDiscount>1</AllowDiscount>
      <ItemStatus>1</ItemStatus>
    </Item>
    <Item>
      <PriceUpdateDate>2024-12-23 17:26</PriceUpdateDate>
      <ItemCode>7290000341071</ItemCode>
      <ItemType>1</ItemType>
      <ItemName>בדין מרכך כביסה בייבי 2ל</ItemName>
      <ManufacturerName>יוניליוור ישראל טיפוח</ManufacturerName>
      <ManufactureCountry>IL</ManufactureCountry>
      <ManufacturerItemDescription>בדין מרכך כביסה בייבי 2ל</ManufacturerItemDescription>
      <UnitQty>ליטרים</UnitQty>
      <Quantity>2.00</Quantity>
      <bIsWeighted>0</bIsWeighted>
      <UnitOfMeasure>ליטר</UnitOfMeasure>
      <QtyInPackage>0</QtyInPackage>
      <ItemPrice>24.50</ItemPrice>
      <UnitOfMeasurePrice>12.25</UnitOfMeasurePrice>
      <AllowDiscount>1</AllowDiscount>
      <ItemStatus>1</ItemStatus>
    </Item>
    <Item>
      <PriceUpdateDate>2024-12-23 17:26</PriceUpdateDate>
      <ItemCode>7290000346205</ItemCode>
      <ItemType>1</ItemType>
      <ItemName>הגן הקסום חליטת קמומיל25</ItemName>
      <ManufacturerName>ויסוצקי</ManufacturerName>
      <ManufactureCountry>IL</ManufactureCountry>
      <ManufacturerItemDescription>הגן הקסום חליטת קמומיל25</ManufacturerItemDescription>
      <UnitQty>גרמים</UnitQty>
      <Quantity>37.00</Quantity>
      <bIsWeighted>0</bIsWeighted>
      <UnitOfMeasure>100 גרם</UnitOfMeasure>
      <QtyInPackage>0</QtyInPackage>
      <ItemPrice>26.90</ItemPrice>
      <UnitOfMeasurePrice>72.70</UnitOfMeasurePrice>
      <AllowDiscount>1</AllowDiscount>
      <ItemStatus>1</ItemStatus>
    </Item>
    <Item>
      <PriceUpdateDate>2024-12-23 17:26</PriceUpdateDate>
      <ItemCode>7290000347738</ItemCode>
      <ItemType>1</ItemType>
      <ItemName>תה ירוק נענע 25 שק*1.5גר</ItemName>
      <ManufacturerName>ויסוצקי</ManufacturerName>
      <ManufactureCountry>IL</ManufactureCountry>
      <ManufacturerItemDescription>תה ירוק נענע 25 שק*1.5גר</ManufacturerItemDescription>
      <UnitQty>גרמים</UnitQty>
      <Quantity>37.00</Quantity>
      <bIsWeighted>0</bIsWeighted>
      <UnitOfMeasure>100 גרם</UnitOfMeasure>
      <QtyInPackage>0</QtyInPackage>
      <ItemPrice>26.90</ItemPrice>
      <UnitOfMeasurePrice>72.70</UnitOfMeasurePrice>
      <AllowDiscount>1</AllowDiscount>
      <ItemStatus>1</ItemStatus>
    </Item>
    <Item>
      <PriceUpdateDate>2024-12-23 17:26</PriceUpdateDate>
      <ItemCode>7290000347752</ItemCode>
      <ItemType>1</ItemType>
      <ItemName>תה ירוק לימונ.ולואיזה25ש</ItemName>
      <ManufacturerName>ויסוצקי</ManufacturerName>
      <ManufactureCountry>IL</ManufactureCountry>
      <ManufacturerItemDescription>תה ירוק לימונ.ולואיזה25ש</ManufacturerItemDescription>
      <UnitQty>גרמים</UnitQty>
      <Quantity>37.00</Quantity>
      <bIsWeighted>0</bIsWeighted>
      <UnitOfMeasure>100 גרם</UnitOfMeasure>
      <QtyInPackage>0</QtyInPackage>
      <ItemPrice>26.90</ItemPrice>
      <UnitOfMeasurePrice>72.70</UnitOfMeasurePrice>
      <AllowDiscount>1</AllowDiscount>
      <ItemStatus>1</ItemStatus>
    </Item>
    <Item>
      <PriceUpdateDate>2025-11-27 21:30</PriceUpdateDate>
      <ItemCode>7290000560533</ItemCode>
      <ItemType>1</ItemType>
      <ItemName>ג'ל גילוח לגבר 198ג אדג'</ItemName>
      <ManufacturerName>LTD SWALLOWFIELD KDC/ONE</ManufacturerName>
      <ManufactureCountry>GB</ManufactureCountry>
      <ManufacturerItemDescription>גל גילוח לגבר 198ג אדג</ManufacturerItemDescription>
      <UnitQty>גרמים</UnitQty>
      <Quantity>198.00</Quantity>
      <bIsWeighted>0</bIsWeighted>
      <UnitOfMeasure>100 גרם</UnitOfMeasure>
      <QtyInPackage>0</QtyInPackage>
      <ItemPrice>15.90</ItemPrice>
      <UnitOfMeasurePrice>8.03</UnitOfMeasurePrice>
      <AllowDiscount>1</AllowDiscount>
      <ItemStatus>1</ItemStatus>
    </Item>
    <Item>
      <PriceUpdateDate>2025-11-27 21:30</PriceUpdateDate>
      <ItemCode>7290000560540</ItemCode>
      <ItemType>1</ItemType>
      <ItemName>ג'ל גילוח לעור רגיש198ג</ItemName>
      <ManufacturerName>LTD SWALLOWFIELD KDC/ONE</ManufacturerName>
      <ManufactureCountry>GB</ManufactureCountry>
      <ManufacturerItemDescription>גל גילוח לעור רגיש198ג</ManufacturerItemDescription>
      <UnitQty>גרמים</UnitQty>
      <Quantity>198.00</Quantity>
      <bIsWeighted>0</bIsWeighted>
      <UnitOfMeasure>100 גרם</UnitOfMeasure>
      <QtyInPackage>0</QtyInPackage>
      <ItemPrice>15.90</ItemPrice>
      <UnitOfMeasurePrice>8.03</UnitOfMeasurePrice>
      <AllowDiscount>1</AllowDiscount>
      <ItemStatus>1</ItemStatus>
    </Item>
    <Item>
      <PriceUpdateDate>2025-11-27 21:30</PriceUpdateDate>
      <ItemCode>7290000679167</ItemCode>
      <ItemType>1</ItemType>
      <ItemName>קרם ידיים לעור רגיל150מל</ItemName>
      <ManufacturerName>פישר מעבדות פרמצבטיות בע</ManufacturerName>
      <ManufactureCountry>IL</ManufactureCountry>
      <ManufacturerItemDescription>קרם ידיים לעור רגיל150מל</ManufacturerItemDescription>
      <UnitQty>גרמים</UnitQty>
      <Quantity>150.00</Quantity>
      <bIsWeighted>0</bIsWeighted>
      <UnitOfMeasure>100 גרם</UnitOfMeasure>
      <QtyInPackage>1</QtyInPackage>
      <ItemPrice>10.00</ItemPrice>
      <UnitOfMeasurePrice>6.67</UnitOfMeasurePrice>
      <AllowDiscount>1</AllowDiscount>
      <ItemStatus>1</ItemStatus>
    </Item>
    <Item>
      <PriceUpdateDate>2025-01-17 05:47</PriceUpdateDate>
      <ItemCode>7290000679402</ItemCode>
      <ItemType>1</ItemType>
      <ItemName>אל סבון מועשר בלחות 1ליט</ItemName>
      <ManufacturerName>פישר מעבדות פרמצבטיות בע</ManufacturerName>
      <ManufactureCountry>IL</ManufactureCountry>
      <ManufacturerItemDescription>אל סבון מועשר בלחות 1ליט</ManufacturerItemDescription>
      <UnitQty>ליטרים</UnitQty>
      <Quantity>1.00</Quantity>
      <bIsWeighted>0</bIsWeighted>
      <UnitOfMeasure>ליטר</UnitOfMeasure>
      <QtyInPackage>0</QtyInPackage>
      <ItemPrice>28.90</ItemPrice>
      <UnitOfMeasurePrice>28.90</UnitOfMeasurePrice>
      <AllowDiscount>1</AllowDiscount>
      <ItemStatus>1</ItemStatus>
    </Item>
    <Item>
      <PriceUpdateDate>2025-11-27 21:40</PriceUpdateDate>
      <ItemCode>7290001439074</ItemCode>
      <ItemType>1</ItemType>
      <ItemName>שלישיית ספוגי ליפה לרחצה</ItemName>
      <ManufacturerName>KING LAND NINGBO</ManufacturerName>
      <ManufactureCountry>CN</ManufactureCountry>
      <ManufacturerItemDescription>שלישיית ספוגי ליפה לרחצה</ManufacturerItemDescription>
      <UnitQty>יחידה</UnitQty>
      <Quantity>1.00</Quantity>
      <bIsWeighted>0</bIsWeighted>
      <UnitOfMeasure>יחידה</UnitOfMeasure>
      <QtyInPackage>0</QtyInPackage>
      <ItemPrice>10.00</ItemPrice>
      <UnitOfMeasurePrice>10.00</UnitOfMeasurePrice>
      <AllowDiscount>1</AllowDiscount>
      <ItemStatus>1</ItemStatus>
    </Item>
    <Item>
      <PriceUpdateDate>2024-12-23 17:26</PriceUpdateDate>
      <ItemCode>7290001817728</ItemCode>
      <ItemType>1</ItemType>
      <ItemName>חטיף ציטוס בטעם קטשופ55</ItemName>
      <ManufacturerName>שטראוס פריטו ליי בע"מ</ManufacturerName>
      <ManufactureCountry>IL</ManufactureCountry>
      <ManufacturerItemDescription>חטיף ציטוס בטעם קטשופ55</ManufacturerItemDescription>
      <UnitQty>גרמים</UnitQty>
      <Quantity>55.00</Quantity>
      <bIsWeighted>0</bIsWeighted>
      <UnitOfMeasure>100 גרם</UnitOfMeasure>
      <QtyInPackage>0</QtyInPackage>
      <ItemPrice>5.00</ItemPrice>
      <UnitOfMeasurePrice>9.09</UnitOfMeasurePrice>
      <AllowDiscount>1</AllowDiscount>
      <ItemStatus>1</ItemStatus>
    </Item>
    <Item>
      <PriceUpdateDate>2024-12-23 17:35</PriceUpdateDate>
      <ItemCode>7290001865439</ItemCode>
      <ItemType>1</ItemType>
      <ItemName>סבון פמלי לבן +משאבה 1ל'</ItemName>
      <ManufacturerName>טאהא קימיה</ManufacturerName>
      <ManufactureCountry>IL</ManufactureCountry>
      <ManufacturerItemDescription>סבון פמלי לבן +משאבה 1ל</ManufacturerItemDescription>
      <UnitQty>ליטרים</UnitQty>
      <Quantity>1.00</Quantity>
      <bIsWeighted>0</bIsWeighted>
      <UnitOfMeasure>ליטר</UnitOfMeasure>
      <QtyInPackage>0</QtyInPackage>
      <ItemPrice>13.20</ItemPrice>
      <UnitOfMeasurePrice>13.20</UnitOfMeasurePrice>
      <AllowDiscount>1</AllowDiscount>
      <ItemStatus>1</ItemStatus>
    </Item>
    <Item>
      <PriceUpdateDate>2025-05-11 15:27</PriceUpdateDate>
      <ItemCode>7290001973233</ItemCode>
      <ItemType>1</ItemType>
      <ItemName>מגבונים מילוי+דיספנסר120</ItemName>
      <ManufacturerName>פישר מעבדות פרמצבטיות בע</ManufacturerName>
      <ManufactureCountry>IL</ManufactureCountry>
      <ManufacturerItemDescription>מגבונים מילוי+דיספנסר120</ManufacturerItemDescription>
      <UnitQty>יחידה</UnitQty>
      <Quantity>1.00</Quantity>
      <bIsWeighted>0</bIsWeighted>
      <UnitOfMeasure>יחידה</UnitOfMeasure>
      <QtyInPackage>0</QtyInPackage>
      <ItemPrice>10.00</ItemPrice>
      <UnitOfMeasurePrice>10.00</UnitOfMeasurePrice>
      <AllowDiscount>1</AllowDiscount>
      <ItemStatus>1</ItemStatus>
    </Item>
    <Item>
      <PriceUpdateDate>2025-01-01 10:06</PriceUpdateDate>
      <ItemCode>7290002000143</ItemCode>
      <ItemType>1</ItemType>
      <ItemName>פנג'ל קרם ידיים 80 מ"ל</ItemName>
      <ManufacturerName>אינטרקוסמא</ManufacturerName>
      <ManufactureCountry>IL</ManufactureCountry>
      <ManufacturerItemDescription>פנגל קרם ידיים 80 מ"ל</ManufacturerItemDescription>
      <UnitQty>מיליליטרים</UnitQty>
      <Quantity>80.00</Quantity>
      <bIsWeighted>0</bIsWeighted>
      <UnitOfMeasure>100 מ"ל</UnitOfMeasure>
      <QtyInPackage>0</QtyInPackage>
      <ItemPrice>10.20</ItemPrice>
      <UnitOfMeasurePrice>12.75</UnitOfMeasurePrice>
      <AllowDiscount>1</AllowDiscount>
      <ItemStatus>1</ItemStatus>
    </Item>
    <Item>
      <PriceUpdateDate>2025-01-01 10:06</PriceUpdateDate>
      <ItemCode>7290002003168</ItemCode>
      <ItemType>1</ItemType>
      <ItemName>קרם ידיים  פנגל 3*80מ"ל</ItemName>
      <ManufacturerName>אינטרקוסמא</ManufacturerName>
      <ManufactureCountry>IL</ManufactureCountry>
      <ManufacturerItemDescription>קרם ידיים  פנגל 3*80מ"ל</ManufacturerItemDescription>
      <UnitQty>מיליליטרים</UnitQty>
      <Quantity>240.00</Quantity>
      <bIsWeighted>0</bIsWeighted>
      <UnitOfMeasure>100 מ"ל</UnitOfMeasure>
      <QtyInPackage>0</QtyInPackage>
      <ItemPrice>21.50</ItemPrice>
      <UnitOfMeasurePrice>8.96</UnitOfMeasurePrice>
      <AllowDiscount>1</AllowDiscount>
      <ItemStatus>1</ItemStatus>
    </Item>
    <Item>
      <PriceUpdateDate>2025-12-01 20:10</PriceUpdateDate>
      <ItemCode>7290002041801</ItemCode>
      <ItemType>1</ItemType>
      <ItemName>קרם גוף לאב ליין 275 מ"ל</ItemName>
      <ManufacturerName>תעשיות שיק</ManufacturerName>
      <ManufactureCountry>IL</ManufactureCountry>
      <ManufacturerItemDescription>קרם גוף לאב ליין</ManufacturerItemDescription>
      <UnitQty>מיליליטרים</UnitQty>
      <Quantity>275.00</Quantity>
      <bIsWeighted>0</bIsWeighted>
      <UnitOfMeasure>100 מ"ל</UnitOfMeasure>
      <QtyInPackage>0</QtyInPackage>
      <ItemPrice>44.90</ItemPrice>
      <UnitOfMeasurePrice>16.33</UnitOfMeasurePrice>
      <AllowDiscount>1</AllowDiscount>
      <ItemStatus>1</ItemStatus>
    </Item>
    <Item>
      <PriceUpdateDate>2025-11-27 21:30</PriceUpdateDate>
      <ItemCode>7290002041832</ItemCode>
      <ItemType>1</ItemType>
      <ItemName>דאו.רול און לאב ליין80מ</ItemName>
      <ManufacturerName>חלאבין</ManufacturerName>
      <ManufactureCountry>IL</ManufactureCountry>
      <ManufacturerItemDescription>דאו.רול און לאב ליין80מ</ManufacturerItemDescription>
      <UnitQty>מיליליטרים</UnitQty>
      <Quantity>80.00</Quantity>
      <bIsWeighted>0</bIsWeighted>
      <UnitOfMeasure>100 מ"ל</UnitOfMeasure>
      <QtyInPackage>0</QtyInPackage>
      <ItemPrice>16.90</ItemPrice>
      <UnitOfMeasurePrice>21.13</UnitOfMeasurePrice>
      <AllowDiscount>1</AllowDiscount>
      <ItemStatus>1</ItemStatus>
    </Item>
    <Item>
      <PriceUpdateDate>2025-12-02 19:30</PriceUpdateDate>
      <ItemCode>7290002515371</ItemCode>
      <ItemType>1</ItemType>
      <ItemName>אל סבון קמיל קלאסיק 1ליט</ItemName>
      <ManufacturerName>פישר מעבדות פרמצבטיות בע</ManufacturerName>
      <ManufactureCountry>IL</ManufactureCountry>
      <ManufacturerItemDescription>אל סבון קמיל קלאסיק 1ליט</ManufacturerItemDescription>
      <UnitQty>ליטרים</UnitQty>
      <Quantity>1.00</Quantity>
      <bIsWeighted>0</bIsWeighted>
      <UnitOfMeasure>ליטר</UnitOfMeasure>
      <QtyInPackage>0</QtyInPackage>
      <ItemPrice>21.90</ItemPrice>
      <UnitOfMeasurePrice>21.90</UnitOfMeasurePrice>
      <AllowDiscount>1</AllowDiscount>
      <ItemStatus>1</ItemStatus>
    </Item>
    <Item>
      <PriceUpdateDate>2024-12-23 17:26</PriceUpdateDate>
      <ItemCode>7290002730811</ItemCode>
      <ItemType>1</ItemType>
      <ItemName>משחה קולגייט ג'ל 100 גרם</ItemName>
      <ManufacturerName>קולגייט-פלמוליב</ManufacturerName>
      <ManufactureCountry>PL</ManufactureCountry>
      <ManufacturerItemDescription>משחה קולגייט גל 100 גרם</ManufacturerItemDescription>
      <UnitQty>מיליליטרים</UnitQty>
      <Quantity>100.00</Quantity>
      <bIsWeighted>0</bIsWeighted>
      <UnitOfMeasure>100 מ"ל</UnitOfMeasure>
      <QtyInPackage>0</QtyInPackage>
      <ItemPrice>16.50</ItemPrice>
      <UnitOfMeasurePrice>16.50</UnitOfMeasurePrice>
      <AllowDiscount>1</AllowDiscount>
      <ItemStatus>1</ItemStatus>
    </Item>
    <Item>
      <PriceUpdateDate>2025-01-01 10:06</PriceUpdateDate>
      <ItemCode>7290002730941</ItemCode>
      <ItemType>1</ItemType>
      <ItemName>צמר גפן פרוס "בלונס100"ג</ItemName>
      <ManufacturerName>ספטונה</ManufacturerName>
      <ManufactureCountry>GR</ManufactureCountry>
      <ManufacturerItemDescription>צמר גפן פרוס "בלונס"100ג</ManufacturerItemDescription>
      <UnitQty>גרמים</UnitQty>
      <Quantity>100.00</Quantity>
      <bIsWeighted>0</bIsWeighted>
      <UnitOfMeasure>100 גרם</UnitOfMeasure>
      <QtyInPackage>0</QtyInPackage>
      <ItemPrice>10.20</ItemPrice>
      <UnitOfMeasurePrice>10.20</UnitOfMeasurePrice>
      <AllowDiscount>1</AllowDiscount>
      <ItemStatus>1</ItemStatus>
    </Item>
    <Item>
      <PriceUpdateDate>2024-12-23 17:26</PriceUpdateDate>
      <ItemCode>7290002752332</ItemCode>
      <ItemType>1</ItemType>
      <ItemName>סוכ.מנטוס טעם פירות37.5ג</ItemName>
      <ManufacturerName>מנטוס</ManufacturerName>
      <ManufactureCountry>NL</ManufactureCountry>
      <ManufacturerItemDescription>סוכ.מנטוס טעם פירות37.5ג</ManufacturerItemDescription>
      <UnitQty>גרמים</UnitQty>
      <Quantity>37.00</Quantity>
      <bIsWeighted>0</bIsWeighted>
      <UnitOfMeasure>100 גרם</UnitOfMeasure>
      <QtyInPackage>0</QtyInPackage>
      <ItemPrice>5.00</ItemPrice>
      <UnitOfMeasurePrice>13.51</UnitOfMeasurePrice>
      <AllowDiscount>1</AllowDiscount>
      <ItemStatus>1</ItemStatus>
    </Item>
    <Item>
      <PriceUpdateDate>2024-12-23 17:26</PriceUpdateDate>
      <ItemCode>7290002752349</ItemCode>
      <ItemType>1</ItemType>
      <ItemName>סוכ. מנטוס מנטה 37.5 גרם</ItemName>
      <ManufacturerName>פרפטי ואן מלה</ManufacturerName>
      <ManufactureCountry>NL</ManufactureCountry>
      <ManufacturerItemDescription>סוכ. מנטוס מנטה 37.5 גרם</ManufacturerItemDescription>
      <UnitQty>גרמים</UnitQty>
      <Quantity>37.00</Quantity>
      <bIsWeighted>0</bIsWeighted>
      <UnitOfMeasure>100 גרם</UnitOfMeasure>
      <QtyInPackage>0</QtyInPackage>
      <ItemPrice>5.00</ItemPrice>
      <UnitOfMeasurePrice>13.51</UnitOfMeasurePrice>
      <AllowDiscount>1</AllowDiscount>
      <ItemStatus>1</ItemStatus>
    </Item>
    <Item>
      <PriceUpdateDate>2025-03-13 14:27</PriceUpdateDate>
      <ItemCode>7290002814825</ItemCode>
      <ItemType>1</ItemType>
      <ItemName>כדוריות שלישייה אוקיינוס</ItemName>
      <ManufacturerName>---</ManufacturerName>
      <ManufactureCountry>CN</ManufactureCountry>
      <ManufacturerItemDescription>כדוריות שלישייה אוקיינוס</ManufacturerItemDescription>
      <UnitQty>גרמים</UnitQty>
      <Quantity>150.00</Quantity>
      <bIsWeighted>0</bIsWeighted>
      <UnitOfMeasure>100 גרם</UnitOfMeasure>
      <QtyInPackage>1</QtyInPackage>
      <ItemPrice>11.90</ItemPrice>
      <UnitOfMeasurePrice>7.93</UnitOfMeasurePrice>
      <AllowDiscount>1</AllowDiscount>
      <ItemStatus>1</ItemStatus>
    </Item>
    <Item>
      <PriceUpdateDate>2025-12-15 10:00</PriceUpdateDate>
      <ItemCode>7290003026029</ItemCode>
      <ItemType>1</ItemType>
      <ItemName>שמפו אל דמע קמיל בלו</ItemName>
      <ManufacturerName>פישר מעבדות פרמצבטיות בע</ManufacturerName>
      <ManufactureCountry>IL</ManufactureCountry>
      <ManufacturerItemDescription>שמפו אל דמע קמיל בלו</ManufacturerItemDescription>
      <UnitQty>מיליליטרים</UnitQty>
      <Quantity>500.00</Quantity>
      <bIsWeighted>0</bIsWeighted>
      <UnitOfMeasure>100 מ"ל</UnitOfMeasure>
      <QtyInPackage>0</QtyInPackage>
      <ItemPrice>16.90</ItemPrice>
      <UnitOfMeasurePrice>3.38</UnitOfMeasurePrice>
      <AllowDiscount>1</AllowDiscount>
      <ItemStatus>1</ItemStatus>
    </Item>
    <Item>
      <PriceUpdateDate>2025-12-15 10:00</PriceUpdateDate>
      <ItemCode>7290003026234</ItemCode>
      <ItemType>1</ItemType>
      <ItemName>קרם גוף קמיל בלו 500 גרם</ItemName>
      <ManufacturerName>פישר מעבדות פרמצבטיות בע</ManufacturerName>
      <ManufactureCountry>IL</ManufactureCountry>
      <ManufacturerItemDescription>קרם גוף קמיל בלו 500 גרם</ManufacturerItemDescription>
      <UnitQty>גרמים</UnitQty>
      <Quantity>500.00</Quantity>
      <bIsWeighted>0</bIsWeighted>
      <UnitOfMeasure>100 גרם</UnitOfMeasure>
      <QtyInPackage>0</QtyInPackage>
      <ItemPrice>19.90</ItemPrice>
      <UnitOfMeasurePrice>3.98</UnitOfMeasurePrice>
      <AllowDiscount>1</AllowDiscount>
      <ItemStatus>1</ItemStatus>
    </Item>
    <Item>
      <PriceUpdateDate>2019-08-13 01:00</PriceUpdateDate>
      <ItemCode>7290003145768</ItemCode>
      <ItemType>1</ItemType>
      <ItemName>בוטן מצופה 50גרם</ItemName>
      <ManufacturerName>ששון ושות;#039&amp; )ש.ת. תע</ManufacturerName>
      <ManufactureCountry>IL</ManufactureCountry>
      <ManufacturerItemDescription>בוטן מצופה 50גרם</ManufacturerItemDescription>
      <UnitQty>גרמים</UnitQty>
      <Quantity>50.00</Quantity>
      <bIsWeighted>0</bIsWeighted>
      <UnitOfMeasure>100 גרם</UnitOfMeasure>
      <QtyInPackage>0</QtyInPackage>
      <ItemPrice>3.90</ItemPrice>
      <UnitOfMeasurePrice>7.80</UnitOfMeasurePrice>
      <AllowDiscount>1</AllowDiscount>
      <ItemStatus>1</ItemStatus>
    </Item>
    <Item>
      <PriceUpdateDate>2025-12-01 20:10</PriceUpdateDate>
      <ItemCode>7290003227402</ItemCode>
      <ItemType>1</ItemType>
      <ItemName>קרם גוף מדנייט 275 מ"ל</ItemName>
      <ManufacturerName>חלאבין</ManufacturerName>
      <ManufactureCountry>IL</ManufactureCountry>
      <ManufacturerItemDescription>קרם גוף מידנייט</ManufacturerItemDescription>
      <UnitQty>מיליליטרים</UnitQty>
      <Quantity>275.00</Quantity>
      <bIsWeighted>0</bIsWeighted>
      <UnitOfMeasure>100 מ"ל</UnitOfMeasure>
      <QtyInPackage>0</QtyInPackage>
      <ItemPrice>29.90</ItemPrice>
      <UnitOfMeasurePrice>10.87</UnitOfMeasurePrice>
      <AllowDiscount>1</AllowDiscount>
      <ItemStatus>1</ItemStatus>
    </Item>
    <Item>
      <PriceUpdateDate>2025-01-01 10:05</PriceUpdateDate>
      <ItemCode>7290003320264</ItemCode>
      <ItemType>1</ItemType>
      <ItemName>אבן פומיס בידית</ItemName>
      <ManufacturerName>D.M.M.  סוכנויות ומפיצים</ManufacturerName>
      <ManufactureCountry>IL</ManufactureCountry>
      <ManufacturerItemDescription>אבן פומיס בידית</ManufacturerItemDescription>
      <UnitQty>יחידה</UnitQty>
      <Quantity>1.00</Quantity>
      <bIsWeighted>0</bIsWeighted>
      <UnitOfMeasure>יחידה</UnitOfMeasure>
      <QtyInPackage>0</QtyInPackage>
      <ItemPrice>20.50</ItemPrice>
      <UnitOfMeasurePrice>20.50</UnitOfMeasurePrice>
      <AllowDiscount>1</AllowDiscount>
      <ItemStatus>1</ItemStatus>
    </Item>
    <Item>
      <PriceUpdateDate>2025-01-01 10:05</PriceUpdateDate>
      <ItemCode>7290003320769</ItemCode>
      <ItemType>1</ItemType>
      <ItemName>פינצטה אל חלד מכופפת</ItemName>
      <ManufacturerName>.D.M.M  סוכנויות ומפיצים</ManufacturerName>
      <ManufactureCountry>DE</ManufactureCountry>
      <ManufacturerItemDescription>פינצטה אל חלד מכופפת</ManufacturerItemDescription>
      <UnitQty>יחידה</UnitQty>
      <Quantity>1.00</Quantity>
      <bIsWeighted>0</bIsWeighted>
      <UnitOfMeasure>יחידה</UnitOfMeasure>
      <QtyInPackage>0</QtyInPackage>
      <ItemPrice>61.50</ItemPrice>
      <UnitOfMeasurePrice>61.50</UnitOfMeasurePrice>
      <AllowDiscount>1</AllowDiscount>
      <ItemStatus>1</ItemStatus>
    </Item>
    <Item>
      <PriceUpdateDate>2025-07-22 12:18</PriceUpdateDate>
      <ItemCode>7290003320813</ItemCode>
      <ItemType>1</ItemType>
      <ItemName>משייף גדול ידית לבנה יח'</ItemName>
      <ManufacturerName>מג'יק שיווק מתנות בע"מ</ManufacturerName>
      <ManufactureCountry>CH</ManufactureCountry>
      <ManufacturerItemDescription>משייף גדול ידית לבנה יח</ManufacturerItemDescription>
      <UnitQty>יחידה</UnitQty>
      <Quantity>1.00</Quantity>
      <bIsWeighted>0</bIsWeighted>
      <UnitOfMeasure>יחידה</UnitOfMeasure>
      <QtyInPackage>1</QtyInPackage>
      <ItemPrice>19.90</ItemPrice>
      <UnitOfMeasurePrice>19.90</UnitOfMeasurePrice>
      <AllowDiscount>1</AllowDiscount>
      <ItemStatus>1</ItemStatus>
    </Item>
    <Item>
      <PriceUpdateDate>2024-12-23 17:20</PriceUpdateDate>
      <ItemCode>7290003387410</ItemCode>
      <ItemType>1</ItemType>
      <ItemName>פדים להסרת איפור 3*80 יח</ItemName>
      <ManufacturerName>ספטונה</ManufacturerName>
      <ManufactureCountry>GR</ManufactureCountry>
      <ManufacturerItemDescription>פדים להסרת איפור 3*80 יח</ManufacturerItemDescription>
      <UnitQty>יחידה</UnitQty>
      <Quantity>1.00</Quantity>
      <bIsWeighted>0</bIsWeighted>
      <UnitOfMeasure>יחידה</UnitOfMeasure>
      <QtyInPackage>0</QtyInPackage>
      <ItemPrice>25.90</ItemPrice>
      <UnitOfMeasurePrice>25.90</UnitOfMeasurePrice>
      <AllowDiscount>1</AllowDiscount>
      <ItemStatus>1</ItemStatus>
    </Item>
    <Item>
      <PriceUpdateDate>2022-04-18 14:41</PriceUpdateDate>
      <ItemCode>7290003401369</ItemCode>
      <ItemType>1</ItemType>
      <ItemName>קרם לחות לשיער חוחובה400</ItemName>
      <ManufacturerName>קרליין</ManufacturerName>
      <ManufactureCountry>IL</ManufactureCountry>
      <ManufacturerItemDescription>קרם לחות לשיער חוחובה400</ManufacturerItemDescription>
      <UnitQty>מיליליטרים</UnitQty>
      <Quantity>400.00</Quantity>
      <bIsWeighted>0</bIsWeighted>
      <UnitOfMeasure>100 מ"ל</UnitOfMeasure>
      <QtyInPackage>0</QtyInPackage>
      <ItemPrice>18.90</ItemPrice>
      <UnitOfMeasurePrice>4.73</UnitOfMeasurePrice>
      <AllowDiscount>1</AllowDiscount>
      <ItemStatus>1</ItemStatus>
    </Item>
    <Item>
      <PriceUpdateDate>2025-12-09 19:10</PriceUpdateDate>
      <ItemCode>7290003806591</ItemCode>
      <ItemType>1</ItemType>
      <ItemName>דאב ספריי מלפפון 150מל</ItemName>
      <ManufacturerName>יוניליוור UK</ManufacturerName>
      <ManufactureCountry>GB</ManufactureCountry>
      <ManufacturerItemDescription>דאב ספריי מלפפון 150מל</ManufacturerItemDescription>
      <UnitQty>מיליליטרים</UnitQty>
      <Quantity>150.00</Quantity>
      <bIsWeighted>0</bIsWeighted>
      <UnitOfMeasure>100 מ"ל</UnitOfMeasure>
      <QtyInPackage>1</QtyInPackage>
      <ItemPrice>14.90</ItemPrice>
      <UnitOfMeasurePrice>9.93</UnitOfMeasurePrice>
      <AllowDiscount>1</AllowDiscount>
      <ItemStatus>1</ItemStatus>
    </Item>
    <Item>
      <PriceUpdateDate>2025-01-01 10:05</PriceUpdateDate>
      <ItemCode>7290003917150</ItemCode>
      <ItemType>1</ItemType>
      <ItemName>מארז חצי עיגול</ItemName>
      <ManufacturerName>נטור קארינג</ManufacturerName>
      <ManufactureCountry>IL</ManufactureCountry>
      <ManufacturerItemDescription>מארז חצי עיגול</ManufacturerItemDescription>
      <UnitQty>יחידה</UnitQty>
      <Quantity>1.00</Quantity>
      <bIsWeighted>0</bIsWeighted>
      <UnitOfMeasure>יחידה</UnitOfMeasure>
      <QtyInPackage>0</QtyInPackage>
      <ItemPrice>98.50</ItemPrice>
      <UnitOfMeasurePrice>98.50</UnitOfMeasurePrice>
      <AllowDiscount>1</AllowDiscount>
      <ItemStatus>1</ItemStatus>
    </Item>
    <Item>
      <PriceUpdateDate>2025-12-01 20:20</PriceUpdateDate>
      <ItemCode>7290004078942</ItemCode>
      <ItemType>1</ItemType>
      <ItemName>ליידי ספיד סטיק ג'ל 65 ג</ItemName>
      <ManufacturerName>קולגייט-פלמוליב</ManufacturerName>
      <ManufactureCountry>US</ManufactureCountry>
      <ManufacturerItemDescription>ליידי ספיד סטיק גל 65 ג</ManufacturerItemDescription>
      <UnitQty>גרמים</UnitQty>
      <Quantity>65.00</Quantity>
      <bIsWeighted>0</bIsWeighted>
      <UnitOfMeasure>100 גרם</UnitOfMeasure>
      <QtyInPackage>0</QtyInPackage>
      <ItemPrice>27.90</ItemPrice>
      <UnitOfMeasurePrice>42.92</UnitOfMeasurePrice>
      <AllowDiscount>1</AllowDiscount>
      <ItemStatus>1</ItemStatus>
    </Item>
    <Item>
      <PriceUpdateDate>2025-12-01 20:10</PriceUpdateDate>
      <ItemCode>7290004464851</ItemCode>
      <ItemType>1</ItemType>
      <ItemName>קרם גוף מידנייט משאבה400</ItemName>
      <ManufacturerName>חלאבין</ManufacturerName>
      <ManufactureCountry>IL</ManufactureCountry>
      <ManufacturerItemDescription>קרם גוף מידנייט</ManufacturerItemDescription>
      <UnitQty>מיליליטרים</UnitQty>
      <Quantity>400.00</Quantity>
      <bIsWeighted>0</bIsWeighted>
      <UnitOfMeasure>100 מ"ל</UnitOfMeasure>
      <QtyInPackage>0</QtyInPackage>
      <ItemPrice>29.90</ItemPrice>
      <UnitOfMeasurePrice>7.48</UnitOfMeasurePrice>
      <AllowDiscount>1</AllowDiscount>
      <ItemStatus>1</ItemStatus>
    </Item>
    <Item>
      <PriceUpdateDate>2024-12-23 17:26</PriceUpdateDate>
      <ItemCode>7290005008481</ItemCode>
      <ItemType>1</ItemType>
      <ItemName>ספיד סטיק ג'ל ספורט 85 ג</ItemName>
      <ManufacturerName>קולגייט-פלמוליב</ManufacturerName>
      <ManufactureCountry>US</ManufactureCountry>
      <ManufacturerItemDescription>ספיד סטיק גל ספורט 85 ג</ManufacturerItemDescription>
      <UnitQty>גרמים</UnitQty>
      <Quantity>85.00</Quantity>
      <bIsWeighted>0</bIsWeighted>
      <UnitOfMeasure>100 גרם</UnitOfMeasure>
      <QtyInPackage>0</QtyInPackage>
      <ItemPrice>20.50</ItemPrice>
      <UnitOfMeasurePrice>24.12</UnitOfMeasurePrice>
      <AllowDiscount>1</AllowDiscount>
      <ItemStatus>1</ItemStatus>
    </Item>
    <Item>
      <PriceUpdateDate>2025-11-27 21:40</PriceUpdateDate>
      <ItemCode>7290005124686</ItemCode>
      <ItemType>1</ItemType>
      <ItemName>בליסטיק סטיק</ItemName>
      <ManufacturerName />
      <ManufactureCountry>IL</ManufactureCountry>
      <ManufacturerItemDescription>בליסטיק סטיק</ManufacturerItemDescription>
      <UnitQty>יחידה</UnitQty>
      <Quantity>1.00</Quantity>
      <bIsWeighted>0</bIsWeighted>
      <UnitOfMeasure>יחידה</UnitOfMeasure>
      <QtyInPackage>0</QtyInPackage>
      <ItemPrice>10.90</ItemPrice>
      <UnitOfMeasurePrice>10.90</UnitOfMeasurePrice>
      <AllowDiscount>1</AllowDiscount>
      <ItemStatus>1</ItemStatus>
    </Item>
    <Item>
      <PriceUpdateDate>2024-12-23 17:17</PriceUpdateDate>
      <ItemCode>7290005200786</ItemCode>
      <ItemType>1</ItemType>
      <ItemName>תפוציפס ט.שמנת ובצל50גר</ItemName>
      <ManufacturerName>שטראוס פריטו ליי בע"מ</ManufacturerName>
      <ManufactureCountry>IL</ManufactureCountry>
      <ManufacturerItemDescription>תפוציפס ט.שמנת ובצל50גר</ManufacturerItemDescription>
      <UnitQty>גרמים</UnitQty>
      <Quantity>50.00</Quantity>
      <bIsWeighted>0</bIsWeighted>
      <UnitOfMeasure>100 גרם</UnitOfMeasure>
      <QtyInPackage>0</QtyInPackage>
      <ItemPrice>6.30</ItemPrice>
      <UnitOfMeasurePrice>12.60</UnitOfMeasurePrice>
      <AllowDiscount>1</AllowDiscount>
      <ItemStatus>1</ItemStatus>
    </Item>
    <Item>
      <PriceUpdateDate>2024-12-23 17:26</PriceUpdateDate>
      <ItemCode>7290005287206</ItemCode>
      <ItemType>1</ItemType>
      <ItemName>טונה סטארקיסט בשמן4*160ג</ItemName>
      <ManufacturerName>סטארקיסט</ManufacturerName>
      <ManufactureCountry>VN</ManufactureCountry>
      <ManufacturerItemDescription>טונה סטארקיסט בשמן4*160ג</ManufacturerItemDescription>
      <UnitQty>גרמים</UnitQty>
      <Quantity>640.00</Quantity>
      <bIsWeighted>0</bIsWeighted>
      <UnitOfMeasure>100 גרם</UnitOfMeasure>
      <QtyInPackage>0</QtyInPackage>
      <ItemPrice>27.50</ItemPrice>
      <UnitOfMeasurePrice>4.30</UnitOfMeasurePrice>
      <AllowDiscount>1</AllowDiscount>
      <ItemStatus>1</ItemStatus>
    </Item>
    <Item>
      <PriceUpdateDate>2024-12-23 17:26</PriceUpdateDate>
      <ItemCode>7290005423253</ItemCode>
      <ItemType>1</ItemType>
      <ItemName>מקסימה למייבש פרש 750מ"ל</ItemName>
      <ManufacturerName>סנו</ManufacturerName>
      <ManufactureCountry>IL</ManufactureCountry>
      <ManufacturerItemDescription>מקסימה למייבש פרש 750מ"ל</ManufacturerItemDescription>
      <UnitQty>מיליליטרים</UnitQty>
      <Quantity>750.00</Quantity>
      <bIsWeighted>0</bIsWeighted>
      <UnitOfMeasure>100 מ"ל</UnitOfMeasure>
      <QtyInPackage>0</QtyInPackage>
      <ItemPrice>17.50</ItemPrice>
      <UnitOfMeasurePrice>2.33</UnitOfMeasurePrice>
      <AllowDiscount>1</AllowDiscount>
      <ItemStatus>1</ItemStatus>
    </Item>
    <Item>
      <PriceUpdateDate>2024-12-23 17:26</PriceUpdateDate>
      <ItemCode>7290005430602</ItemCode>
      <ItemType>1</ItemType>
      <ItemName>אוקסיגן מ.כתמ.מרסס 750מ</ItemName>
      <ManufacturerName />
      <ManufactureCountry>IL</ManufactureCountry>
      <ManufacturerItemDescription>אוקסיגן מ.כתמ.מרסס 750מ</ManufacturerItemDescription>
      <UnitQty>מיליליטרים</UnitQty>
      <Quantity>750.00</Quantity>
      <bIsWeighted>0</bIsWeighted>
      <UnitOfMeasure>100 מ"ל</UnitOfMeasure>
      <QtyInPackage>0</QtyInPackage>
      <ItemPrice>17.50</ItemPrice>
      <UnitOfMeasurePrice>2.33</UnitOfMeasurePrice>
      <AllowDiscount>1</AllowDiscount>
      <ItemStatus>1</ItemStatus>
    </Item>
    <Item>
      <PriceUpdateDate>2024-12-23 17:20</PriceUpdateDate>
      <ItemCode>7290005680052</ItemCode>
      <ItemType>1</ItemType>
      <ItemName>טמפוני או-בה סופר + 32יח</ItemName>
      <ManufacturerName>גונסון</ManufacturerName>
      <ManufactureCountry>GR</ManufactureCountry>
      <ManufacturerItemDescription>טמפוני או-בה סופר + 32יח</ManufacturerItemDescription>
      <UnitQty>יחידה</UnitQty>
      <Quantity>1.00</Quantity>
      <bIsWeighted>0</bIsWeighted>
      <UnitOfMeasure>יחידה</UnitOfMeasure>
      <QtyInPackage>0</QtyInPackage>
      <ItemPrice>26.40</ItemPrice>
      <UnitOfMeasurePrice>26.40</UnitOfMeasurePrice>
      <AllowDiscount>1</AllowDiscount>
      <ItemStatus>1</ItemStatus>
    </Item>
    <Item>
      <PriceUpdateDate>2024-12-23 17:26</PriceUpdateDate>
      <ItemCode>7290006651570</ItemCode>
      <ItemType>1</ItemType>
      <ItemName>שמפו/אל סבון קמיל בלו750</ItemName>
      <ManufacturerName>פישר מעבדות פרמצבטיות בע</ManufacturerName>
      <ManufactureCountry>IL</ManufactureCountry>
      <ManufacturerItemDescription>שמפו/אל סבון קמיל בלו750</ManufacturerItemDescription>
      <UnitQty>מיליליטרים</UnitQty>
      <Quantity>750.00</Quantity>
      <bIsWeighted>0</bIsWeighted>
      <UnitOfMeasure>100 מ"ל</UnitOfMeasure>
      <QtyInPackage>0</QtyInPackage>
      <ItemPrice>20.50</ItemPrice>
      <UnitOfMeasurePrice>2.73</UnitOfMeasurePrice>
      <AllowDiscount>1</AllowDiscount>
      <ItemStatus>1</ItemStatus>
    </Item>
    <Item>
      <PriceUpdateDate>2024-12-23 17:26</PriceUpdateDate>
      <ItemCode>7290006712981</ItemCode>
      <ItemType>1</ItemType>
      <ItemName>קולגיט משחת ילדים+6באט50</ItemName>
      <ManufacturerName>קולגייט-פלמוליב</ManufacturerName>
      <ManufactureCountry>PL</ManufactureCountry>
      <ManufacturerItemDescription>קולגיט משחת ילדים6+באט50</ManufacturerItemDescription>
      <UnitQty>מיליליטרים</UnitQty>
      <Quantity>50.00</Quantity>
      <bIsWeighted>0</bIsWeighted>
      <UnitOfMeasure>100 מ"ל</UnitOfMeasure>
      <QtyInPackage>0</QtyInPackage>
      <ItemPrice>18.50</ItemPrice>
      <UnitOfMeasurePrice>37.00</UnitOfMeasurePrice>
      <AllowDiscount>1</AllowDiscount>
      <ItemStatus>1</ItemStatus>
    </Item>
    <Item>
      <PriceUpdateDate>2024-12-23 17:20</PriceUpdateDate>
      <ItemCode>7290006788436</ItemCode>
      <ItemType>1</ItemType>
      <ItemName>דאו.קרליין רולאון ורוד75</ItemName>
      <ManufacturerName>קרליין</ManufacturerName>
      <ManufactureCountry>IL</ManufactureCountry>
      <ManufacturerItemDescription>דאו.קרליין רולאון ורוד75</ManufacturerItemDescription>
      <UnitQty>מיליליטרים</UnitQty>
      <Quantity>75.00</Quantity>
      <bIsWeighted>0</bIsWeighted>
      <UnitOfMeasure>100 מ"ל</UnitOfMeasure>
      <QtyInPackage>0</QtyInPackage>
      <ItemPrice>14.20</ItemPrice>
      <UnitOfMeasurePrice>18.93</UnitOfMeasurePrice>
      <AllowDiscount>1</AllowDiscount>
      <ItemStatus>1</ItemStatus>
    </Item>
    <Item>
      <PriceUpdateDate>2025-07-15 14:14</PriceUpdateDate>
      <ItemCode>7290006992185</ItemCode>
      <ItemType>1</ItemType>
      <ItemName>דייסת אורז מטרנה 200 גרם</ItemName>
      <ManufacturerName>מטרנה תעשיות ש.מ</ManufacturerName>
      <ManufactureCountry>IL</ManufactureCountry>
      <ManufacturerItemDescription>דייסת אורז מטרנה 200 גרם</ManufacturerItemDescription>
      <UnitQty>גרמים</UnitQty>
      <Quantity>200.00</Quantity>
      <bIsWeighted>0</bIsWeighted>
      <UnitOfMeasure>100 גרם</UnitOfMeasure>
      <QtyInPackage>0</QtyInPackage>
      <ItemPrice>14.90</ItemPrice>
      <UnitOfMeasurePrice>7.45</UnitOfMeasurePrice>
      <AllowDiscount>1</AllowDiscount>
      <ItemStatus>1</ItemStatus>
    </Item>
    <Item>
      <PriceUpdateDate>2025-07-15 14:14</PriceUpdateDate>
      <ItemCode>7290006992390</ItemCode>
      <ItemType>1</ItemType>
      <ItemName>דייסת וניל מטרנה 200 גרם</ItemName>
      <ManufacturerName>מטרנה תעשיות ש.מ</ManufacturerName>
      <ManufactureCountry>IL</ManufactureCountry>
      <ManufacturerItemDescription>דייסת וניל מטרנה 200 גרם</ManufacturerItemDescription>
      <UnitQty>גרמים</UnitQty>
      <Quantity>200.00</Quantity>
      <bIsWeighted>0</bIsWeighted>
      <UnitOfMeasure>100 גרם</UnitOfMeasure>
      <QtyInPackage>0</QtyInPackage>
      <ItemPrice>14.90</ItemPrice>
      <UnitOfMeasurePrice>7.45</UnitOfMeasurePrice>
      <AllowDiscount>1</AllowDiscount>
      <ItemStatus>1</ItemStatus>
    </Item>
    <Item>
      <PriceUpdateDate>2025-12-01 20:20</PriceUpdateDate>
      <ItemCode>7290008000796</ItemCode>
      <ItemType>1</ItemType>
      <ItemName>משחת שיניים סופרמן 50מ"ל</ItemName>
      <ManufacturerName>כצט</ManufacturerName>
      <ManufactureCountry>IL</ManufactureCountry>
      <ManufacturerItemDescription>משחת שיניים סופרמן 50מ"ל</ManufacturerItemDescription>
      <UnitQty>מיליליטרים</UnitQty>
      <Quantity>50.00</Quantity>
      <bIsWeighted>0</bIsWeighted>
      <UnitOfMeasure>100 מ"ל</UnitOfMeasure>
      <QtyInPackage>0</QtyInPackage>
      <ItemPrice>8.90</ItemPrice>
      <UnitOfMeasurePrice>17.80</UnitOfMeasurePrice>
      <AllowDiscount>1</AllowDiscount>
      <ItemStatus>1</ItemStatus>
    </Item>
    <Item>
      <PriceUpdateDate>2025-07-15 10:01</PriceUpdateDate>
      <ItemCode>7290008084956</ItemCode>
      <ItemType>1</ItemType>
      <ItemName>בייבי פסטה 120 גרם</ItemName>
      <ManufacturerName>בייבי פסטה</ManufacturerName>
      <ManufactureCountry>IL</ManufactureCountry>
      <ManufacturerItemDescription>בייבי פסטה</ManufacturerItemDescription>
      <UnitQty>גרמים</UnitQty>
      <Quantity>120.00</Quantity>
      <bIsWeighted>0</bIsWeighted>
      <UnitOfMeasure>100 גרם</UnitOfMeasure>
      <QtyInPackage>0</QtyInPackage>
      <ItemPrice>17.90</ItemPrice>
      <UnitOfMeasurePrice>14.92</UnitOfMeasurePrice>
      <AllowDiscount>1</AllowDiscount>
      <ItemStatus>1</ItemStatus>
    </Item>
    <Item>
      <PriceUpdateDate>2025-12-01 20:10</PriceUpdateDate>
      <ItemCode>7290008116534</ItemCode>
      <ItemType>1</ItemType>
      <ItemName>ליסטרין קול מינט 250 מל</ItemName>
      <ManufacturerName>ג'ונסון</ManufacturerName>
      <ManufactureCountry>IT</ManufactureCountry>
      <ManufacturerItemDescription>ליסטרין קול מינט 250 מל</ManufacturerItemDescription>
      <UnitQty>מיליליטרים</UnitQty>
      <Quantity>250.00</Quantity>
      <bIsWeighted>0</bIsWeighted>
      <UnitOfMeasure>100 מ"ל</UnitOfMeasure>
      <QtyInPackage>0</QtyInPackage>
      <ItemPrice>10.00</ItemPrice>
      <UnitOfMeasurePrice>4.00</UnitOfMeasurePrice>
      <AllowDiscount>1</AllowDiscount>
      <ItemStatus>1</ItemStatus>
    </Item>
    <Item>
      <PriceUpdateDate>2024-12-23 17:20</PriceUpdateDate>
      <ItemCode>7290008116541</ItemCode>
      <ItemType>1</ItemType>
      <ItemName>ליסטרין קול מינט 500מל</ItemName>
      <ManufacturerName>ג'ונסון</ManufacturerName>
      <ManufactureCountry>IT</ManufactureCountry>
      <ManufacturerItemDescription>ליסטרין קול מינט 500מל</ManufacturerItemDescription>
      <UnitQty>מיליליטרים</UnitQty>
      <Quantity>500.00</Quantity>
      <bIsWeighted>0</bIsWeighted>
      <UnitOfMeasure>100 מ"ל</UnitOfMeasure>
      <QtyInPackage>0</QtyInPackage>
      <ItemPrice>28.90</ItemPrice>
      <UnitOfMeasurePrice>5.78</UnitOfMeasurePrice>
      <AllowDiscount>1</AllowDiscount>
      <ItemStatus>1</ItemStatus>
    </Item>
    <Item>
      <PriceUpdateDate>2025-12-01 20:10</PriceUpdateDate>
      <ItemCode>7290008116558</ItemCode>
      <ItemType>1</ItemType>
      <ItemName>מי פה ליסטרין פרש 250מ"ל</ItemName>
      <ManufacturerName>ג'ונסון</ManufacturerName>
      <ManufactureCountry>IT</ManufactureCountry>
      <ManufacturerItemDescription>מי פה ליסטרין פרש 250מ"ל</ManufacturerItemDescription>
      <UnitQty>מיליליטרים</UnitQty>
      <Quantity>250.00</Quantity>
      <bIsWeighted>0</bIsWeighted>
      <UnitOfMeasure>100 מ"ל</UnitOfMeasure>
      <QtyInPackage>0</QtyInPackage>
      <ItemPrice>10.00</ItemPrice>
      <UnitOfMeasurePrice>4.00</UnitOfMeasurePrice>
      <AllowDiscount>1</AllowDiscount>
      <ItemStatus>1</ItemStatus>
    </Item>
    <Item>
      <PriceUpdateDate>2024-12-23 17:20</PriceUpdateDate>
      <ItemCode>7290008116565</ItemCode>
      <ItemType>1</ItemType>
      <ItemName>מי פה ליסטרין פרש 500מ"ל</ItemName>
      <ManufacturerName>ג'ונסון</ManufacturerName>
      <ManufactureCountry>IT</ManufactureCountry>
      <ManufacturerItemDescription>מי פה ליסטרין פרש 500מ"ל</ManufacturerItemDescription>
      <UnitQty>מיליליטרים</UnitQty>
      <Quantity>500.00</Quantity>
      <bIsWeighted>0</bIsWeighted>
      <UnitOfMeasure>100 מ"ל</UnitOfMeasure>
      <QtyInPackage>0</QtyInPackage>
      <ItemPrice>28.90</ItemPrice>
      <UnitOfMeasurePrice>5.78</UnitOfMeasurePrice>
      <AllowDiscount>1</AllowDiscount>
      <ItemStatus>1</ItemStatus>
    </Item>
    <Item>
      <PriceUpdateDate>2025-06-09 15:47</PriceUpdateDate>
      <ItemCode>7290008116886</ItemCode>
      <ItemType>1</ItemType>
      <ItemName>בלנאום בייבי פורטה500מל</ItemName>
      <ManufacturerName>נאופארם</ManufacturerName>
      <ManufactureCountry>DE</ManufactureCountry>
      <ManufacturerItemDescription>בלנאום בייבי פורטה500מל</ManufacturerItemDescription>
      <UnitQty>מיליליטרים</UnitQty>
      <Quantity>500.00</Quantity>
      <bIsWeighted>0</bIsWeighted>
      <UnitOfMeasure>100 מ"ל</UnitOfMeasure>
      <QtyInPackage>0</QtyInPackage>
      <ItemPrice>74.90</ItemPrice>
      <UnitOfMeasurePrice>14.98</UnitOfMeasurePrice>
      <AllowDiscount>1</AllowDiscount>
      <ItemStatus>1</ItemStatus>
    </Item>
    <Item>
      <PriceUpdateDate>2024-12-08 20:25</PriceUpdateDate>
      <ItemCode>7290008464505</ItemCode>
      <ItemType>1</ItemType>
      <ItemName>סאן בנדטו רגיל 0.5 ליטר</ItemName>
      <ManufacturerName>אקווה מינרלה סאן בנדטו</ManufacturerName>
      <ManufactureCountry>IT</ManufactureCountry>
      <ManufacturerItemDescription>סאן בנדטו רגיל 0.5 ליטר</ManufacturerItemDescription>
      <UnitQty>מיליליטרים</UnitQty>
      <Quantity>500.00</Quantity>
      <bIsWeighted>0</bIsWeighted>
      <UnitOfMeasure>100 מ"ל</UnitOfMeasure>
      <QtyInPackage>0</QtyInPackage>
      <ItemPrice>7.20</ItemPrice>
      <UnitOfMeasurePrice>1.44</UnitOfMeasurePrice>
      <AllowDiscount>1</AllowDiscount>
      <ItemStatus>1</ItemStatus>
    </Item>
    <Item>
      <PriceUpdateDate>2024-12-23 17:17</PriceUpdateDate>
      <ItemCode>7290008464611</ItemCode>
      <ItemType>1</ItemType>
      <ItemName>הסודה של טמפו 275 מ"ל</ItemName>
      <ManufacturerName>טמפו משקאות בע"מ</ManufacturerName>
      <ManufactureCountry>IL</ManufactureCountry>
      <ManufacturerItemDescription>הסודה של טמפו 275 מ"ל</ManufacturerItemDescription>
      <UnitQty>מיליליטרים</UnitQty>
      <Quantity>275.00</Quantity>
      <bIsWeighted>0</bIsWeighted>
      <UnitOfMeasure>100 מ"ל</UnitOfMeasure>
      <QtyInPackage>1</QtyInPackage>
      <ItemPrice>6.20</ItemPrice>
      <UnitOfMeasurePrice>2.25</UnitOfMeasurePrice>
      <AllowDiscount>1</AllowDiscount>
      <ItemStatus>1</ItemStatus>
    </Item>
    <Item>
      <PriceUpdateDate>2024-12-23 17:17</PriceUpdateDate>
      <ItemCode>7290008745239</ItemCode>
      <ItemType>1</ItemType>
      <ItemName>תפוצ'יפס קראנצ' טעם טבעי</ItemName>
      <ManufacturerName>שטראוס פריטו ליי בע"מ</ManufacturerName>
      <ManufactureCountry>GR</ManufactureCountry>
      <ManufacturerItemDescription>תפוציפס קראנצ טעם טבעי</ManufacturerItemDescription>
      <UnitQty>גרמים</UnitQty>
      <Quantity>50.00</Quantity>
      <bIsWeighted>0</bIsWeighted>
      <UnitOfMeasure>100 גרם</UnitOfMeasure>
      <QtyInPackage>0</QtyInPackage>
      <ItemPrice>6.30</ItemPrice>
      <UnitOfMeasurePrice>12.60</UnitOfMeasurePrice>
      <AllowDiscount>1</AllowDiscount>
      <ItemStatus>1</ItemStatus>
    </Item>
    <Item>
      <PriceUpdateDate>2025-05-27 09:11</PriceUpdateDate>
      <ItemCode>7290010065295</ItemCode>
      <ItemType>1</ItemType>
      <ItemName>פרינוק מחית תפו"ע+בננ130</ItemName>
      <ManufacturerName>פרינוק</ManufacturerName>
      <ManufactureCountry>CZ</ManufactureCountry>
      <ManufacturerItemDescription>פרינוק מחית תפו"ע+בננ130</ManufacturerItemDescription>
      <UnitQty>גרמים</UnitQty>
      <Quantity>130.00</Quantity>
      <bIsWeighted>0</bIsWeighted>
      <UnitOfMeasure>100 גרם</UnitOfMeasure>
      <QtyInPackage>0</QtyInPackage>
      <ItemPrice>5.00</ItemPrice>
      <UnitOfMeasurePrice>3.85</UnitOfMeasurePrice>
      <AllowDiscount>1</AllowDiscount>
      <ItemStatus>1</ItemStatus>
    </Item>
    <Item>
      <PriceUpdateDate>2024-12-23 17:26</PriceUpdateDate>
      <ItemCode>7290010182992</ItemCode>
      <ItemType>1</ItemType>
      <ItemName>דאו.סטיק ורוד 50 מל</ItemName>
      <ManufacturerName>חלאבין</ManufacturerName>
      <ManufactureCountry />
      <ManufacturerItemDescription>דאו.סטיק ורוד 50 מל</ManufacturerItemDescription>
      <UnitQty>מיליליטרים</UnitQty>
      <Quantity>50.00</Quantity>
      <bIsWeighted>0</bIsWeighted>
      <UnitOfMeasure>100 מ"ל</UnitOfMeasure>
      <QtyInPackage>0</QtyInPackage>
      <ItemPrice>32.90</ItemPrice>
      <UnitOfMeasurePrice>65.80</UnitOfMeasurePrice>
      <AllowDiscount>1</AllowDiscount>
      <ItemStatus>1</ItemStatus>
    </Item>
    <Item>
      <PriceUpdateDate>2024-12-23 17:17</PriceUpdateDate>
      <ItemCode>7290010237531</ItemCode>
      <ItemType>1</ItemType>
      <ItemName>פפסי בקבוק 500 מ"ל</ItemName>
      <ManufacturerName />
      <ManufactureCountry>IL</ManufactureCountry>
      <ManufacturerItemDescription>פפסי בקבוק 500 מ"ל</ManufacturerItemDescription>
      <UnitQty>מיליליטרים</UnitQty>
      <Quantity>500.00</Quantity>
      <bIsWeighted>0</bIsWeighted>
      <UnitOfMeasure>100 מ"ל</UnitOfMeasure>
      <QtyInPackage>0</QtyInPackage>
      <ItemPrice>7.20</ItemPrice>
      <UnitOfMeasurePrice>1.44</UnitOfMeasurePrice>
      <AllowDiscount>1</AllowDiscount>
      <ItemStatus>1</ItemStatus>
    </Item>
    <Item>
      <PriceUpdateDate>2024-12-23 17:17</PriceUpdateDate>
      <ItemCode>7290010237562</ItemCode>
      <ItemType>1</ItemType>
      <ItemName>מירינדה בקבוק 500 מ"ל</ItemName>
      <ManufacturerName />
      <ManufactureCountry>IL</ManufactureCountry>
      <ManufacturerItemDescription>מירינדה בקבוק 500 מ"ל</ManufacturerItemDescription>
      <UnitQty>מיליליטרים</UnitQty>
      <Quantity>500.00</Quantity>
      <bIsWeighted>0</bIsWeighted>
      <UnitOfMeasure>100 מ"ל</UnitOfMeasure>
      <QtyInPackage>0</QtyInPackage>
      <ItemPrice>7.20</ItemPrice>
      <UnitOfMeasurePrice>1.44</UnitOfMeasurePrice>
      <AllowDiscount>1</AllowDiscount>
      <ItemStatus>1</ItemStatus>
    </Item>
    <Item>
      <PriceUpdateDate>2024-12-23 17:17</PriceUpdateDate>
      <ItemCode>7290010237579</ItemCode>
      <ItemType>1</ItemType>
      <ItemName>סבנ אפ בקבוק 500 מ"ל</ItemName>
      <ManufacturerName />
      <ManufactureCountry>IL</ManufactureCountry>
      <ManufacturerItemDescription>סבנ אפ בקבוק 500 מ"ל</ManufacturerItemDescription>
      <UnitQty>מיליליטרים</UnitQty>
      <Quantity>500.00</Quantity>
      <bIsWeighted>0</bIsWeighted>
      <UnitOfMeasure>100 מ"ל</UnitOfMeasure>
      <QtyInPackage>0</QtyInPackage>
      <ItemPrice>7.20</ItemPrice>
      <UnitOfMeasurePrice>1.44</UnitOfMeasurePrice>
      <AllowDiscount>1</AllowDiscount>
      <ItemStatus>1</ItemStatus>
    </Item>
    <Item>
      <PriceUpdateDate>2024-12-23 17:17</PriceUpdateDate>
      <ItemCode>7290010237586</ItemCode>
      <ItemType>1</ItemType>
      <ItemName>סבן אפ זירו בקבוק500מ"ל</ItemName>
      <ManufacturerName />
      <ManufactureCountry>IL</ManufactureCountry>
      <ManufacturerItemDescription>סבן אפ זירו בקבוק500מ"ל</ManufacturerItemDescription>
      <UnitQty>מיליליטרים</UnitQty>
      <Quantity>500.00</Quantity>
      <bIsWeighted>0</bIsWeighted>
      <UnitOfMeasure>100 מ"ל</UnitOfMeasure>
      <QtyInPackage>0</QtyInPackage>
      <ItemPrice>7.20</ItemPrice>
      <UnitOfMeasurePrice>1.44</UnitOfMeasurePrice>
      <AllowDiscount>1</AllowDiscount>
      <ItemStatus>1</ItemStatus>
    </Item>
    <Item>
      <PriceUpdateDate>2025-01-01 10:06</PriceUpdateDate>
      <ItemCode>7290010381302</ItemCode>
      <ItemType>1</ItemType>
      <ItemName>עפרון עיניים עם חידוד100</ItemName>
      <ManufacturerName>קרליין</ManufacturerName>
      <ManufactureCountry>DE</ManufactureCountry>
      <ManufacturerItemDescription>עפרון עיניים</ManufacturerItemDescription>
      <UnitQty>יחידה</UnitQty>
      <Quantity>1.00</Quantity>
      <bIsWeighted>0</bIsWeighted>
      <UnitOfMeasure>יחידה</UnitOfMeasure>
      <QtyInPackage>0</QtyInPackage>
      <ItemPrice>30.90</ItemPrice>
      <UnitOfMeasurePrice>30.90</UnitOfMeasurePrice>
      <AllowDiscount>1</AllowDiscount>
      <ItemStatus>1</ItemStatus>
    </Item>
    <Item>
      <PriceUpdateDate>2024-12-23 17:20</PriceUpdateDate>
      <ItemCode>7290010381449</ItemCode>
      <ItemType>1</ItemType>
      <ItemName>עפרון שפתיים עם חידוד154</ItemName>
      <ManufacturerName>קרליין</ManufacturerName>
      <ManufactureCountry>DE</ManufactureCountry>
      <ManufacturerItemDescription>עפרון שפתיים עם חידוד154</ManufacturerItemDescription>
      <UnitQty>יחידה</UnitQty>
      <Quantity>1.00</Quantity>
      <bIsWeighted>0</bIsWeighted>
      <UnitOfMeasure>יחידה</UnitOfMeasure>
      <QtyInPackage>0</QtyInPackage>
      <ItemPrice>30.90</ItemPrice>
      <UnitOfMeasurePrice>30.90</UnitOfMeasurePrice>
      <AllowDiscount>1</AllowDiscount>
      <ItemStatus>1</ItemStatus>
    </Item>
    <Item>
      <PriceUpdateDate>2024-12-23 17:20</PriceUpdateDate>
      <ItemCode>7290010381500</ItemCode>
      <ItemType>1</ItemType>
      <ItemName>עפרון עיניים לא חידוד200</ItemName>
      <ManufacturerName>קרליין</ManufacturerName>
      <ManufactureCountry>DE</ManufactureCountry>
      <ManufacturerItemDescription>עפרון עיניים</ManufacturerItemDescription>
      <UnitQty>יחידה</UnitQty>
      <Quantity>1.00</Quantity>
      <bIsWeighted>0</bIsWeighted>
      <UnitOfMeasure>יחידה</UnitOfMeasure>
      <QtyInPackage>0</QtyInPackage>
      <ItemPrice>30.90</ItemPrice>
      <UnitOfMeasurePrice>30.90</UnitOfMeasurePrice>
      <AllowDiscount>1</AllowDiscount>
      <ItemStatus>1</ItemStatus>
    </Item>
    <Item>
      <PriceUpdateDate>2025-11-27 21:40</PriceUpdateDate>
      <ItemCode>7290010748884</ItemCode>
      <ItemType>1</ItemType>
      <ItemName>ק.גוף אפקטיב קר יבש 700מ</ItemName>
      <ManufacturerName>פישר מעבדות פרמצבטיות בע</ManufacturerName>
      <ManufactureCountry>IL</ManufactureCountry>
      <ManufacturerItemDescription>ק.גוף אפקטיב קר יבש 700מ</ManufacturerItemDescription>
      <UnitQty>מיליליטרים</UnitQty>
      <Quantity>700.00</Quantity>
      <bIsWeighted>0</bIsWeighted>
      <UnitOfMeasure>100 מ"ל</UnitOfMeasure>
      <QtyInPackage>0</QtyInPackage>
      <ItemPrice>24.90</ItemPrice>
      <UnitOfMeasurePrice>3.55</UnitOfMeasurePrice>
      <AllowDiscount>1</AllowDiscount>
      <ItemStatus>1</ItemStatus>
    </Item>
    <Item>
      <PriceUpdateDate>2024-12-23 17:26</PriceUpdateDate>
      <ItemCode>7290010822034</ItemCode>
      <ItemType>1</ItemType>
      <ItemName>ג'אמפ ענבים 500 מ"ל</ItemName>
      <ManufacturerName>טמפו משקאות בע"מ</ManufacturerName>
      <ManufactureCountry>IL</ManufactureCountry>
      <ManufacturerItemDescription>גאמפ ענבים 500 מ"ל</ManufacturerItemDescription>
      <UnitQty>מיליליטרים</UnitQty>
      <Quantity>500.00</Quantity>
      <bIsWeighted>0</bIsWeighted>
      <UnitOfMeasure>100 מ"ל</UnitOfMeasure>
      <QtyInPackage>0</QtyInPackage>
      <ItemPrice>8.20</ItemPrice>
      <UnitOfMeasurePrice>1.64</UnitOfMeasurePrice>
      <AllowDiscount>1</AllowDiscount>
      <ItemStatus>1</ItemStatus>
    </Item>
    <Item>
      <PriceUpdateDate>2024-12-23 17:26</PriceUpdateDate>
      <ItemCode>7290010883059</ItemCode>
      <ItemType>1</ItemType>
      <ItemName>מברשת בוב ספוג חשמלית</ItemName>
      <ManufacturerName>ELECTRIC S.S</ManufacturerName>
      <ManufactureCountry>CN</ManufactureCountry>
      <ManufacturerItemDescription>מברשת בוב ספוג חשמלית</ManufacturerItemDescription>
      <UnitQty>יחידה</UnitQty>
      <Quantity>1.00</Quantity>
      <bIsWeighted>0</bIsWeighted>
      <UnitOfMeasure>יחידה</UnitOfMeasure>
      <QtyInPackage>0</QtyInPackage>
      <ItemPrice>40.90</ItemPrice>
      <UnitOfMeasurePrice>40.90</UnitOfMeasurePrice>
      <AllowDiscount>1</AllowDiscount>
      <ItemStatus>1</ItemStatus>
    </Item>
    <Item>
      <PriceUpdateDate>2025-12-15 10:00</PriceUpdateDate>
      <ItemCode>7290011026530</ItemCode>
      <ItemType>1</ItemType>
      <ItemName>א.סבון לפני שינה קמיל500</ItemName>
      <ManufacturerName>פישר מעבדות פרמצבטיות בע</ManufacturerName>
      <ManufactureCountry>IL</ManufactureCountry>
      <ManufacturerItemDescription>א.סבון לפני שינה קמיל500</ManufacturerItemDescription>
      <UnitQty>מיליליטרים</UnitQty>
      <Quantity>500.00</Quantity>
      <bIsWeighted>0</bIsWeighted>
      <UnitOfMeasure>100 מ"ל</UnitOfMeasure>
      <QtyInPackage>0</QtyInPackage>
      <ItemPrice>16.90</ItemPrice>
      <UnitOfMeasurePrice>3.38</UnitOfMeasurePrice>
      <AllowDiscount>1</AllowDiscount>
      <ItemStatus>1</ItemStatus>
    </Item>
    <Item>
      <PriceUpdateDate>2025-12-15 10:00</PriceUpdateDate>
      <ItemCode>7290011332020</ItemCode>
      <ItemType>1</ItemType>
      <ItemName>שמן טיפולי אמול קלאס500מ</ItemName>
      <ManufacturerName>CHEMIPAL  FISHER (BIO</ManufacturerName>
      <ManufactureCountry>IL</ManufactureCountry>
      <ManufacturerItemDescription>שמן טיפולי אמול קלאס500מ</ManufacturerItemDescription>
      <UnitQty>מיליליטרים</UnitQty>
      <Quantity>500.00</Quantity>
      <bIsWeighted>0</bIsWeighted>
      <UnitOfMeasure>100 מ"ל</UnitOfMeasure>
      <QtyInPackage>0</QtyInPackage>
      <ItemPrice>59.90</ItemPrice>
      <UnitOfMeasurePrice>11.98</UnitOfMeasurePrice>
      <AllowDiscount>1</AllowDiscount>
      <ItemStatus>1</ItemStatus>
    </Item>
    <Item>
      <PriceUpdateDate>2025-05-09 12:16</PriceUpdateDate>
      <ItemCode>7290011332983</ItemCode>
      <ItemType>1</ItemType>
      <ItemName>מגבונאף קמיל בלו</ItemName>
      <ManufacturerName>פישר מעבדות פרמצבטיות בע</ManufacturerName>
      <ManufactureCountry>IL</ManufactureCountry>
      <ManufacturerItemDescription>מגבונאף קמיל בלו</ManufacturerItemDescription>
      <UnitQty>יחידה</UnitQty>
      <Quantity>1.00</Quantity>
      <bIsWeighted>0</bIsWeighted>
      <UnitOfMeasure>יחידה</UnitOfMeasure>
      <QtyInPackage>0</QtyInPackage>
      <ItemPrice>19.90</ItemPrice>
      <UnitOfMeasurePrice>19.90</UnitOfMeasurePrice>
      <AllowDiscount>1</AllowDiscount>
      <ItemStatus>1</ItemStatus>
    </Item>
    <Item>
      <PriceUpdateDate>2024-12-23 17:26</PriceUpdateDate>
      <ItemCode>7290011505714</ItemCode>
      <ItemType>1</ItemType>
      <ItemName>נשכן נובי רך במיוחד</ItemName>
      <ManufacturerName>N.L.PRODUCT</ManufacturerName>
      <ManufactureCountry>CN</ManufactureCountry>
      <ManufacturerItemDescription>נשכן נובי רך במיוחד</ManufacturerItemDescription>
      <UnitQty>יחידה</UnitQty>
      <Quantity>1.00</Quantity>
      <bIsWeighted>0</bIsWeighted>
      <UnitOfMeasure>יחידה</UnitOfMeasure>
      <QtyInPackage>0</QtyInPackage>
      <ItemPrice>35.90</ItemPrice>
      <UnitOfMeasurePrice>35.90</UnitOfMeasurePrice>
      <AllowDiscount>1</AllowDiscount>
      <ItemStatus>1</ItemStatus>
    </Item>
    <Item>
      <PriceUpdateDate>2025-10-16 11:11</PriceUpdateDate>
      <ItemCode>7290011525712</ItemCode>
      <ItemType>1</ItemType>
      <ItemName>אל סבון לפני השינה1 ליטר</ItemName>
      <ManufacturerName>CHEMIPAL  FISHER (BIO</ManufacturerName>
      <ManufactureCountry>IL</ManufactureCountry>
      <ManufacturerItemDescription>אל סבון לפני השינה1 ליטר</ManufacturerItemDescription>
      <UnitQty>ליטרים</UnitQty>
      <Quantity>1.00</Quantity>
      <bIsWeighted>0</bIsWeighted>
      <UnitOfMeasure>ליטר</UnitOfMeasure>
      <QtyInPackage>0</QtyInPackage>
      <ItemPrice>31.90</ItemPrice>
      <UnitOfMeasurePrice>31.90</UnitOfMeasurePrice>
      <AllowDiscount>1</AllowDiscount>
      <ItemStatus>1</ItemStatus>
    </Item>
    <Item>
      <PriceUpdateDate>2024-12-23 17:26</PriceUpdateDate>
      <ItemCode>7290011598211</ItemCode>
      <ItemType>1</ItemType>
      <ItemName>סנו אנטי קאלק נ.כללי700מ</ItemName>
      <ManufacturerName>סנו</ManufacturerName>
      <ManufactureCountry>IL</ManufactureCountry>
      <ManufacturerItemDescription>סנו אנטי קאלק נ.כללי700מ</ManufacturerItemDescription>
      <UnitQty>מיליליטרים</UnitQty>
      <Quantity>700.00</Quantity>
      <bIsWeighted>0</bIsWeighted>
      <UnitOfMeasure>100 מ"ל</UnitOfMeasure>
      <QtyInPackage>0</QtyInPackage>
      <ItemPrice>18.50</ItemPrice>
      <UnitOfMeasurePrice>2.64</UnitOfMeasurePrice>
      <AllowDiscount>1</AllowDiscount>
      <ItemStatus>1</ItemStatus>
    </Item>
    <Item>
      <PriceUpdateDate>2025-12-02 19:30</PriceUpdateDate>
      <ItemCode>7290011618131</ItemCode>
      <ItemType>1</ItemType>
      <ItemName>בייבי ביס טעם גזר 50 גרם</ItemName>
      <ManufacturerName>want-want</ManufacturerName>
      <ManufactureCountry>CN</ManufactureCountry>
      <ManufacturerItemDescription>בייבי ביס טעם גזר 50 גרם</ManufacturerItemDescription>
      <UnitQty>גרמים</UnitQty>
      <Quantity>50.00</Quantity>
      <bIsWeighted>0</bIsWeighted>
      <UnitOfMeasure>100 גרם</UnitOfMeasure>
      <QtyInPackage>0</QtyInPackage>
      <ItemPrice>10.00</ItemPrice>
      <UnitOfMeasurePrice>20.00</UnitOfMeasurePrice>
      <AllowDiscount>1</AllowDiscount>
      <ItemStatus>1</ItemStatus>
    </Item>
    <Item>
      <PriceUpdateDate>2025-12-02 19:30</PriceUpdateDate>
      <ItemCode>7290011618216</ItemCode>
      <ItemType>1</ItemType>
      <ItemName>בייבי ביס טעם בננה 50 גר</ItemName>
      <ManufacturerName>want-want</ManufacturerName>
      <ManufactureCountry>CN</ManufactureCountry>
      <ManufacturerItemDescription>בייבי ביס טעם בננה 50 גר</ManufacturerItemDescription>
      <UnitQty>גרמים</UnitQty>
      <Quantity>50.00</Quantity>
      <bIsWeighted>0</bIsWeighted>
      <UnitOfMeasure>100 גרם</UnitOfMeasure>
      <QtyInPackage>0</QtyInPackage>
      <ItemPrice>10.00</ItemPrice>
      <UnitOfMeasurePrice>20.00</UnitOfMeasurePrice>
      <AllowDiscount>1</AllowDiscount>
      <ItemStatus>1</ItemStatus>
    </Item>
    <Item>
      <PriceUpdateDate>2025-06-09 15:47</PriceUpdateDate>
      <ItemCode>7290011622428</ItemCode>
      <ItemType>1</ItemType>
      <ItemName>כתמטמינים חטיף בריאות45ג</ItemName>
      <ManufacturerName>אשבל</ManufacturerName>
      <ManufactureCountry>IL</ManufactureCountry>
      <ManufacturerItemDescription>כתמטמינים חטיף בריאות45ג</ManufacturerItemDescription>
      <UnitQty>גרמים</UnitQty>
      <Quantity>45.00</Quantity>
      <bIsWeighted>0</bIsWeighted>
      <UnitOfMeasure>100 גרם</UnitOfMeasure>
      <QtyInPackage>0</QtyInPackage>
      <ItemPrice>5.90</ItemPrice>
      <UnitOfMeasurePrice>13.11</UnitOfMeasurePrice>
      <AllowDiscount>1</AllowDiscount>
      <ItemStatus>1</ItemStatus>
    </Item>
    <Item>
      <PriceUpdateDate>2024-12-23 17:26</PriceUpdateDate>
      <ItemCode>7290011622770</ItemCode>
      <ItemType>1</ItemType>
      <ItemName>אצבעונים פלוס TOGO</ItemName>
      <ManufacturerName>מצות אביב בעמ</ManufacturerName>
      <ManufactureCountry>IL</ManufactureCountry>
      <ManufacturerItemDescription>אצבעונים פלוס TOGO</ManufacturerItemDescription>
      <UnitQty>גרמים</UnitQty>
      <Quantity>130.00</Quantity>
      <bIsWeighted>0</bIsWeighted>
      <UnitOfMeasure>100 גרם</UnitOfMeasure>
      <QtyInPackage>1</QtyInPackage>
      <ItemPrice>24.50</ItemPrice>
      <UnitOfMeasurePrice>18.85</UnitOfMeasurePrice>
      <AllowDiscount>1</AllowDiscount>
      <ItemStatus>1</ItemStatus>
    </Item>
    <Item>
      <PriceUpdateDate>2025-12-01 20:10</PriceUpdateDate>
      <ItemCode>7290011668143</ItemCode>
      <ItemType>1</ItemType>
      <ItemName>מסיכה משקמת פנינה 1 ק"ג</ItemName>
      <ManufacturerName>א.ל ארמן</ManufacturerName>
      <ManufactureCountry>IL</ManufactureCountry>
      <ManufacturerItemDescription>מסיכה משקמת פנינה 1 ק"ג</ManufacturerItemDescription>
      <UnitQty>קילוגרמים</UnitQty>
      <Quantity>1.00</Quantity>
      <bIsWeighted>0</bIsWeighted>
      <UnitOfMeasure>ק"ג</UnitOfMeasure>
      <QtyInPackage>0</QtyInPackage>
      <ItemPrice>29.90</ItemPrice>
      <UnitOfMeasurePrice>29.90</UnitOfMeasurePrice>
      <AllowDiscount>1</AllowDiscount>
      <ItemStatus>1</ItemStatus>
    </Item>
    <Item>
      <PriceUpdateDate>2024-12-23 17:26</PriceUpdateDate>
      <ItemCode>7290011765125</ItemCode>
      <ItemType>1</ItemType>
      <ItemName>קצף אורנים-קצף לניקוי1 ל</ItemName>
      <ManufacturerName>סנו</ManufacturerName>
      <ManufactureCountry>IL</ManufactureCountry>
      <ManufacturerItemDescription>קצף אורנים-קצף לניקוי1 ל</ManufacturerItemDescription>
      <UnitQty>ליטרים</UnitQty>
      <Quantity>1.00</Quantity>
      <bIsWeighted>0</bIsWeighted>
      <UnitOfMeasure>ליטר</UnitOfMeasure>
      <QtyInPackage>1</QtyInPackage>
      <ItemPrice>20.50</ItemPrice>
      <UnitOfMeasurePrice>20.50</UnitOfMeasurePrice>
      <AllowDiscount>1</AllowDiscount>
      <ItemStatus>1</ItemStatus>
    </Item>
    <Item>
      <PriceUpdateDate>2025-05-22 12:48</PriceUpdateDate>
      <ItemCode>7290011765392</ItemCode>
      <ItemType>1</ItemType>
      <ItemName>שמ.כיף ילדים בוב ספוג750</ItemName>
      <ManufacturerName>קוסמופארם</ManufacturerName>
      <ManufactureCountry>IL</ManufactureCountry>
      <ManufacturerItemDescription>שמ.כיף ילדים בוב ספוג750</ManufacturerItemDescription>
      <UnitQty>מיליליטרים</UnitQty>
      <Quantity>750.00</Quantity>
      <bIsWeighted>0</bIsWeighted>
      <UnitOfMeasure>100 מ"ל</UnitOfMeasure>
      <QtyInPackage>0</QtyInPackage>
      <ItemPrice>9.90</ItemPrice>
      <UnitOfMeasurePrice>1.32</UnitOfMeasurePrice>
      <AllowDiscount>1</AllowDiscount>
      <ItemStatus>1</ItemStatus>
    </Item>
    <Item>
      <PriceUpdateDate>2024-12-23 17:20</PriceUpdateDate>
      <ItemCode>7290011912642</ItemCode>
      <ItemType>1</ItemType>
      <ItemName>ליסטרין שיניים+חניכ500מל</ItemName>
      <ManufacturerName>ג'ונסון</ManufacturerName>
      <ManufactureCountry>IT</ManufactureCountry>
      <ManufacturerItemDescription>ליסטרין שיניים+חניכ500מל</ManufacturerItemDescription>
      <UnitQty>מיליליטרים</UnitQty>
      <Quantity>500.00</Quantity>
      <bIsWeighted>0</bIsWeighted>
      <UnitOfMeasure>100 מ"ל</UnitOfMeasure>
      <QtyInPackage>0</QtyInPackage>
      <ItemPrice>28.90</ItemPrice>
      <UnitOfMeasurePrice>5.78</UnitOfMeasurePrice>
      <AllowDiscount>1</AllowDiscount>
      <ItemStatus>1</ItemStatus>
    </Item>
    <Item>
      <PriceUpdateDate>2024-12-23 17:26</PriceUpdateDate>
      <ItemCode>7290012116612</ItemCode>
      <ItemType>1</ItemType>
      <ItemName>4 מברשות שיניים אורביטול</ItemName>
      <ManufacturerName>קוסמופארם</ManufacturerName>
      <ManufactureCountry>CN</ManufactureCountry>
      <ManufacturerItemDescription>4 מברשות שיניים אורביטול</ManufacturerItemDescription>
      <UnitQty>יחידה</UnitQty>
      <Quantity>1.00</Quantity>
      <bIsWeighted>0</bIsWeighted>
      <UnitOfMeasure>יחידה</UnitOfMeasure>
      <QtyInPackage>0</QtyInPackage>
      <ItemPrice>19.50</ItemPrice>
      <UnitOfMeasurePrice>19.50</UnitOfMeasurePrice>
      <AllowDiscount>1</AllowDiscount>
      <ItemStatus>1</ItemStatus>
    </Item>
    <Item>
      <PriceUpdateDate>2025-07-20 15:38</PriceUpdateDate>
      <ItemCode>7290012491405</ItemCode>
      <ItemType>1</ItemType>
      <ItemName>סבון ניקוי בקבוק/מוצץ230</ItemName>
      <ManufacturerName>לה קרים</ManufacturerName>
      <ManufactureCountry>IL</ManufactureCountry>
      <ManufacturerItemDescription>סבון ניקוי בקבוק/מוצץ230</ManufacturerItemDescription>
      <UnitQty>מיליליטרים</UnitQty>
      <Quantity>230.00</Quantity>
      <bIsWeighted>0</bIsWeighted>
      <UnitOfMeasure>100 מ"ל</UnitOfMeasure>
      <QtyInPackage>0</QtyInPackage>
      <ItemPrice>31.90</ItemPrice>
      <UnitOfMeasurePrice>13.87</UnitOfMeasurePrice>
      <AllowDiscount>1</AllowDiscount>
      <ItemStatus>1</ItemStatus>
    </Item>
    <Item>
      <PriceUpdateDate>2024-01-19 10:35</PriceUpdateDate>
      <ItemCode>7290012854675</ItemCode>
      <ItemType>1</ItemType>
      <ItemName>בליסטיקס משחה 6 גרם</ItemName>
      <ManufacturerName>(PERRIGO(AGIS</ManufacturerName>
      <ManufactureCountry>US</ManufactureCountry>
      <ManufacturerItemDescription>בליסטיקס משחה</ManufacturerItemDescription>
      <UnitQty>יחידה</UnitQty>
      <Quantity>1.00</Quantity>
      <bIsWeighted>0</bIsWeighted>
      <UnitOfMeasure>יחידה</UnitOfMeasure>
      <QtyInPackage>1</QtyInPackage>
      <ItemPrice>33.90</ItemPrice>
      <UnitOfMeasurePrice>33.90</UnitOfMeasurePrice>
      <AllowDiscount>1</AllowDiscount>
      <ItemStatus>1</ItemStatus>
    </Item>
    <Item>
      <PriceUpdateDate>2024-12-23 17:20</PriceUpdateDate>
      <ItemCode>7290012938740</ItemCode>
      <ItemType>1</ItemType>
      <ItemName>משחת סנסודיין פרש מינט75</ItemName>
      <ManufacturerName>MICLEN DE</ManufacturerName>
      <ManufactureCountry>GB</ManufactureCountry>
      <ManufacturerItemDescription>משחת סנסודיין פרש מינט75</ManufacturerItemDescription>
      <UnitQty>מיליליטרים</UnitQty>
      <Quantity>75.00</Quantity>
      <bIsWeighted>0</bIsWeighted>
      <UnitOfMeasure>100 מ"ל</UnitOfMeasure>
      <QtyInPackage>0</QtyInPackage>
      <ItemPrice>24.90</ItemPrice>
      <UnitOfMeasurePrice>33.20</UnitOfMeasurePrice>
      <AllowDiscount>1</AllowDiscount>
      <ItemStatus>1</ItemStatus>
    </Item>
    <Item>
      <PriceUpdateDate>2025-07-08 14:32</PriceUpdateDate>
      <ItemCode>7290013083661</ItemCode>
      <ItemType>1</ItemType>
      <ItemName>מטרנה אקסטרה קר שלב1 700</ItemName>
      <ManufacturerName>מטרנה תעשיות ש.מ</ManufacturerName>
      <ManufactureCountry>IL</ManufactureCountry>
      <ManufacturerItemDescription>מטרנה אקסטרה קר שלב1 700</ManufacturerItemDescription>
      <UnitQty>גרמים</UnitQty>
      <Quantity>700.00</Quantity>
      <bIsWeighted>0</bIsWeighted>
      <UnitOfMeasure>100 גרם</UnitOfMeasure>
      <QtyInPackage>0</QtyInPackage>
      <ItemPrice>62.90</ItemPrice>
      <UnitOfMeasurePrice>8.99</UnitOfMeasurePrice>
      <AllowDiscount>1</AllowDiscount>
      <ItemStatus>1</ItemStatus>
    </Item>
    <Item>
      <PriceUpdateDate>2025-07-08 14:32</PriceUpdateDate>
      <ItemCode>7290013083678</ItemCode>
      <ItemType>1</ItemType>
      <ItemName>מטרנה אקסטרה קר שלב2 700</ItemName>
      <ManufacturerName>מטרנה תעשיות ש.מ</ManufacturerName>
      <ManufactureCountry>IL</ManufactureCountry>
      <ManufacturerItemDescription>מטרנה אקסטרה קר שלב2 700</ManufacturerItemDescription>
      <UnitQty>גרמים</UnitQty>
      <Quantity>700.00</Quantity>
      <bIsWeighted>0</bIsWeighted>
      <UnitOfMeasure>100 גרם</UnitOfMeasure>
      <QtyInPackage>0</QtyInPackage>
      <ItemPrice>62.90</ItemPrice>
      <UnitOfMeasurePrice>8.99</UnitOfMeasurePrice>
      <AllowDiscount>1</AllowDiscount>
      <ItemStatus>1</ItemStatus>
    </Item>
    <Item>
      <PriceUpdateDate>2025-07-08 14:32</PriceUpdateDate>
      <ItemCode>7290013083685</ItemCode>
      <ItemType>1</ItemType>
      <ItemName>מטרנה אקסטרה קר שלב3 700</ItemName>
      <ManufacturerName>מטרנה תעשיות ש.מ</ManufacturerName>
      <ManufactureCountry>IL</ManufactureCountry>
      <ManufacturerItemDescription>מטרנה אקסטרה קר שלב3 700</ManufacturerItemDescription>
      <UnitQty>גרמים</UnitQty>
      <Quantity>700.00</Quantity>
      <bIsWeighted>0</bIsWeighted>
      <UnitOfMeasure>100 גרם</UnitOfMeasure>
      <QtyInPackage>0</QtyInPackage>
      <ItemPrice>62.90</ItemPrice>
      <UnitOfMeasurePrice>8.99</UnitOfMeasurePrice>
      <AllowDiscount>1</AllowDiscount>
      <ItemStatus>1</ItemStatus>
    </Item>
    <Item>
      <PriceUpdateDate>2024-12-23 17:18</PriceUpdateDate>
      <ItemCode>7290013268020</ItemCode>
      <ItemType>1</ItemType>
      <ItemName>מקסימה סופר מרוכז פרש 1ל</ItemName>
      <ManufacturerName>סנו</ManufacturerName>
      <ManufactureCountry>IL</ManufactureCountry>
      <ManufacturerItemDescription>מקסימה סופר מרוכז פרש 1ל</ManufacturerItemDescription>
      <UnitQty>ליטרים</UnitQty>
      <Quantity>1.00</Quantity>
      <bIsWeighted>0</bIsWeighted>
      <UnitOfMeasure>ליטר</UnitOfMeasure>
      <QtyInPackage>0</QtyInPackage>
      <ItemPrice>19.90</ItemPrice>
      <UnitOfMeasurePrice>19.90</UnitOfMeasurePrice>
      <AllowDiscount>1</AllowDiscount>
      <ItemStatus>1</ItemStatus>
    </Item>
    <Item>
      <PriceUpdateDate>2024-12-23 17:26</PriceUpdateDate>
      <ItemCode>7290013268891</ItemCode>
      <ItemType>1</ItemType>
      <ItemName>אוקסיג'ן ג'ל 3ליטר</ItemName>
      <ManufacturerName>סנו</ManufacturerName>
      <ManufactureCountry>IL</ManufactureCountry>
      <ManufacturerItemDescription>אוקסיגן גל 3ליטר</ManufacturerItemDescription>
      <UnitQty>ליטרים</UnitQty>
      <Quantity>3.00</Quantity>
      <bIsWeighted>0</bIsWeighted>
      <UnitOfMeasure>ליטר</UnitOfMeasure>
      <QtyInPackage>0</QtyInPackage>
      <ItemPrice>35.90</ItemPrice>
      <UnitOfMeasurePrice>11.97</UnitOfMeasurePrice>
      <AllowDiscount>1</AllowDiscount>
      <ItemStatus>1</ItemStatus>
    </Item>
    <Item>
      <PriceUpdateDate>2024-12-23 17:18</PriceUpdateDate>
      <ItemCode>7290013268990</ItemCode>
      <ItemType>1</ItemType>
      <ItemName>מקסימה מרכך מרוכז ביו1ל</ItemName>
      <ManufacturerName>סנו</ManufacturerName>
      <ManufactureCountry>IL</ManufactureCountry>
      <ManufacturerItemDescription>מקסימה מרכך מרוכז ביו1ל</ManufacturerItemDescription>
      <UnitQty>ליטרים</UnitQty>
      <Quantity>1.00</Quantity>
      <bIsWeighted>0</bIsWeighted>
      <UnitOfMeasure>ליטר</UnitOfMeasure>
      <QtyInPackage>0</QtyInPackage>
      <ItemPrice>19.90</ItemPrice>
      <UnitOfMeasurePrice>19.90</UnitOfMeasurePrice>
      <AllowDiscount>1</AllowDiscount>
      <ItemStatus>1</ItemStatus>
    </Item>
    <Item>
      <PriceUpdateDate>2024-12-23 17:20</PriceUpdateDate>
      <ItemCode>7290013269003</ItemCode>
      <ItemType>1</ItemType>
      <ItemName>מקסימה מרכך בייבי 1 ליטר</ItemName>
      <ManufacturerName>סנו</ManufacturerName>
      <ManufactureCountry>IL</ManufactureCountry>
      <ManufacturerItemDescription>מקסימה מרכך בייבי 1 ליטר</ManufacturerItemDescription>
      <UnitQty>ליטרים</UnitQty>
      <Quantity>1.00</Quantity>
      <bIsWeighted>0</bIsWeighted>
      <UnitOfMeasure>ליטר</UnitOfMeasure>
      <QtyInPackage>0</QtyInPackage>
      <ItemPrice>20.90</ItemPrice>
      <UnitOfMeasurePrice>20.90</UnitOfMeasurePrice>
      <AllowDiscount>1</AllowDiscount>
      <ItemStatus>1</ItemStatus>
    </Item>
    <Item>
      <PriceUpdateDate>2024-12-23 17:20</PriceUpdateDate>
      <ItemCode>7290013652157</ItemCode>
      <ItemType>1</ItemType>
      <ItemName>מגב.מסירי איפור רגיל30*3</ItemName>
      <ManufacturerName>CHEMIPAL  FISHER (BIO</ManufacturerName>
      <ManufactureCountry>IL</ManufactureCountry>
      <ManufacturerItemDescription>מגב.מסירי איפור רגיל3*30</ManufacturerItemDescription>
      <UnitQty>יחידה</UnitQty>
      <Quantity>1.00</Quantity>
      <bIsWeighted>0</bIsWeighted>
      <UnitOfMeasure>יחידה</UnitOfMeasure>
      <QtyInPackage>0</QtyInPackage>
      <ItemPrice>26.90</ItemPrice>
      <UnitOfMeasurePrice>26.90</UnitOfMeasurePrice>
      <AllowDiscount>1</AllowDiscount>
      <ItemStatus>1</ItemStatus>
    </Item>
    <Item>
      <PriceUpdateDate>2024-12-23 17:20</PriceUpdateDate>
      <ItemCode>7290013848758</ItemCode>
      <ItemType>1</ItemType>
      <ItemName>ג'ל לכביסה בייבי 3 ליטר</ItemName>
      <ManufacturerName>סנו</ManufacturerName>
      <ManufactureCountry>IL</ManufactureCountry>
      <ManufacturerItemDescription>גל לכביסה בייבי 3 ליטר</ManufacturerItemDescription>
      <UnitQty>ליטרים</UnitQty>
      <Quantity>3.00</Quantity>
      <bIsWeighted>0</bIsWeighted>
      <UnitOfMeasure>ליטר</UnitOfMeasure>
      <QtyInPackage>0</QtyInPackage>
      <ItemPrice>39.50</ItemPrice>
      <UnitOfMeasurePrice>13.17</UnitOfMeasurePrice>
      <AllowDiscount>1</AllowDiscount>
      <ItemStatus>1</ItemStatus>
    </Item>
    <Item>
      <PriceUpdateDate>2024-12-23 17:26</PriceUpdateDate>
      <ItemCode>7290013863591</ItemCode>
      <ItemType>1</ItemType>
      <ItemName>דאו' סטיק חלאבין LL-W</ItemName>
      <ManufacturerName>חלאבין</ManufacturerName>
      <ManufactureCountry>IL</ManufactureCountry>
      <ManufacturerItemDescription>דאו סטיק חלאבין LL-W</ManufacturerItemDescription>
      <UnitQty>מיליליטרים</UnitQty>
      <Quantity>60.00</Quantity>
      <bIsWeighted>0</bIsWeighted>
      <UnitOfMeasure>100 מ"ל</UnitOfMeasure>
      <QtyInPackage>1</QtyInPackage>
      <ItemPrice>26.90</ItemPrice>
      <UnitOfMeasurePrice>44.83</UnitOfMeasurePrice>
      <AllowDiscount>1</AllowDiscount>
      <ItemStatus>1</ItemStatus>
    </Item>
    <Item>
      <PriceUpdateDate>2024-12-23 17:20</PriceUpdateDate>
      <ItemCode>7290013971555</ItemCode>
      <ItemType>1</ItemType>
      <ItemName>סוללות פוג'יקום 4AAA+8AA</ItemName>
      <ManufacturerName>פוג'יקום</ManufacturerName>
      <ManufactureCountry>CN</ManufactureCountry>
      <ManufacturerItemDescription>סוללות פוג'יקום</ManufacturerItemDescription>
      <UnitQty>יחידה</UnitQty>
      <Quantity>1.00</Quantity>
      <bIsWeighted>0</bIsWeighted>
      <UnitOfMeasure>יחידה</UnitOfMeasure>
      <QtyInPackage>0</QtyInPackage>
      <ItemPrice>24.90</ItemPrice>
      <UnitOfMeasurePrice>24.90</UnitOfMeasurePrice>
      <AllowDiscount>1</AllowDiscount>
      <ItemStatus>1</ItemStatus>
    </Item>
    <Item>
      <PriceUpdateDate>2024-12-23 17:26</PriceUpdateDate>
      <ItemCode>7290014002944</ItemCode>
      <ItemType>1</ItemType>
      <ItemName>חליטת חמדת השקד 25ש2.3*ג</ItemName>
      <ManufacturerName>ויסוצקי</ManufacturerName>
      <ManufactureCountry>IL</ManufactureCountry>
      <ManufacturerItemDescription>חליטת חמדת השקד 25ש*2.3ג</ManufacturerItemDescription>
      <UnitQty>גרמים</UnitQty>
      <Quantity>57.00</Quantity>
      <bIsWeighted>0</bIsWeighted>
      <UnitOfMeasure>100 גרם</UnitOfMeasure>
      <QtyInPackage>0</QtyInPackage>
      <ItemPrice>26.90</ItemPrice>
      <UnitOfMeasurePrice>47.19</UnitOfMeasurePrice>
      <AllowDiscount>1</AllowDiscount>
      <ItemStatus>1</ItemStatus>
    </Item>
    <Item>
      <PriceUpdateDate>2025-11-27 21:40</PriceUpdateDate>
      <ItemCode>7290014059085</ItemCode>
      <ItemType>1</ItemType>
      <ItemName>משחת סנסודיין לשיקום75מ</ItemName>
      <ManufacturerName>DE MICLEN</ManufacturerName>
      <ManufactureCountry>GB</ManufactureCountry>
      <ManufacturerItemDescription>משחת סנסודיין לשיקום75מ</ManufacturerItemDescription>
      <UnitQty>מיליליטרים</UnitQty>
      <Quantity>75.00</Quantity>
      <bIsWeighted>0</bIsWeighted>
      <UnitOfMeasure>100 מ"ל</UnitOfMeasure>
      <QtyInPackage>0</QtyInPackage>
      <ItemPrice>25.00</ItemPrice>
      <UnitOfMeasurePrice>33.34</UnitOfMeasurePrice>
      <AllowDiscount>1</AllowDiscount>
      <ItemStatus>1</ItemStatus>
    </Item>
    <Item>
      <PriceUpdateDate>2025-05-27 09:11</PriceUpdateDate>
      <ItemCode>7290014258716</ItemCode>
      <ItemType>1</ItemType>
      <ItemName>מטרנה צמחית 700 גרם</ItemName>
      <ManufacturerName>מטרנה תעשיות ש.מ</ManufacturerName>
      <ManufactureCountry>IL</ManufactureCountry>
      <ManufacturerItemDescription>מטרנה צמחית 700 גרם</ManufacturerItemDescription>
      <UnitQty>גרמים</UnitQty>
      <Quantity>700.00</Quantity>
      <bIsWeighted>0</bIsWeighted>
      <UnitOfMeasure>100 גרם</UnitOfMeasure>
      <QtyInPackage>0</QtyInPackage>
      <ItemPrice>52.30</ItemPrice>
      <UnitOfMeasurePrice>7.47</UnitOfMeasurePrice>
      <AllowDiscount>1</AllowDiscount>
      <ItemStatus>1</ItemStatus>
    </Item>
    <Item>
      <PriceUpdateDate>2025-12-01 20:10</PriceUpdateDate>
      <ItemCode>7290014424364</ItemCode>
      <ItemType>1</ItemType>
      <ItemName>רצועות שעווה מהפנים אלוו</ItemName>
      <ManufacturerName>פראנס ביוטי</ManufacturerName>
      <ManufactureCountry>IT</ManufactureCountry>
      <ManufacturerItemDescription>רצועות שעווה מהפנים אלוו</ManufacturerItemDescription>
      <UnitQty>יחידה</UnitQty>
      <Quantity>1.00</Quantity>
      <bIsWeighted>0</bIsWeighted>
      <UnitOfMeasure>יחידה</UnitOfMeasure>
      <QtyInPackage>1</QtyInPackage>
      <ItemPrice>16.90</ItemPrice>
      <UnitOfMeasurePrice>16.90</UnitOfMeasurePrice>
      <AllowDiscount>1</AllowDiscount>
      <ItemStatus>1</ItemStatus>
    </Item>
    <Item>
      <PriceUpdateDate>2025-12-01 20:20</PriceUpdateDate>
      <ItemCode>7290014426061</ItemCode>
      <ItemType>1</ItemType>
      <ItemName>משחת שיניים הלו קיטי50מ</ItemName>
      <ManufacturerName>כצט</ManufacturerName>
      <ManufactureCountry>IL</ManufactureCountry>
      <ManufacturerItemDescription>משחת שיניים הלו קיטי50מ</ManufacturerItemDescription>
      <UnitQty>מיליליטרים</UnitQty>
      <Quantity>50.00</Quantity>
      <bIsWeighted>0</bIsWeighted>
      <UnitOfMeasure>100 מ"ל</UnitOfMeasure>
      <QtyInPackage>0</QtyInPackage>
      <ItemPrice>8.90</ItemPrice>
      <UnitOfMeasurePrice>17.80</UnitOfMeasurePrice>
      <AllowDiscount>1</AllowDiscount>
      <ItemStatus>1</ItemStatus>
    </Item>
    <Item>
      <PriceUpdateDate>2025-12-01 20:20</PriceUpdateDate>
      <ItemCode>7290014547322</ItemCode>
      <ItemType>1</ItemType>
      <ItemName>מברשות שיקום והגנה2יח</ItemName>
      <ManufacturerName>GSK</ManufacturerName>
      <ManufactureCountry>CN</ManufactureCountry>
      <ManufacturerItemDescription>מברשות שיקום והגנה2יח</ManufacturerItemDescription>
      <UnitQty>יחידה</UnitQty>
      <Quantity>1.00</Quantity>
      <bIsWeighted>0</bIsWeighted>
      <UnitOfMeasure>יחידה</UnitOfMeasure>
      <QtyInPackage>0</QtyInPackage>
      <ItemPrice>29.90</ItemPrice>
      <UnitOfMeasurePrice>29.90</UnitOfMeasurePrice>
      <AllowDiscount>1</AllowDiscount>
      <ItemStatus>1</ItemStatus>
    </Item>
    <Item>
      <PriceUpdateDate>2024-12-23 17:26</PriceUpdateDate>
      <ItemCode>7290014547353</ItemCode>
      <ItemType>1</ItemType>
      <ItemName>2מברשות סנסודיין דואלק</ItemName>
      <ManufacturerName>Shummi Industrial Co., L</ManufacturerName>
      <ManufactureCountry>CN</ManufactureCountry>
      <ManufacturerItemDescription>2מברשות סנסודיין דואלק</ManufacturerItemDescription>
      <UnitQty>יחידה</UnitQty>
      <Quantity>1.00</Quantity>
      <bIsWeighted>0</bIsWeighted>
      <UnitOfMeasure>יחידה</UnitOfMeasure>
      <QtyInPackage>1</QtyInPackage>
      <ItemPrice>31.90</ItemPrice>
      <UnitOfMeasurePrice>31.90</UnitOfMeasurePrice>
      <AllowDiscount>1</AllowDiscount>
      <ItemStatus>1</ItemStatus>
    </Item>
    <Item>
      <PriceUpdateDate>2024-12-23 17:26</PriceUpdateDate>
      <ItemCode>7290014648081</ItemCode>
      <ItemType>1</ItemType>
      <ItemName>סכיני גילוח ח.פ. BELLE *</ItemName>
      <ManufacturerName>נינגבי הווארד</ManufacturerName>
      <ManufactureCountry>CN</ManufactureCountry>
      <ManufacturerItemDescription>סכיני גילוח ח.פ.</ManufacturerItemDescription>
      <UnitQty>יחידה</UnitQty>
      <Quantity>1.00</Quantity>
      <bIsWeighted>0</bIsWeighted>
      <UnitOfMeasure>יחידה</UnitOfMeasure>
      <QtyInPackage>1</QtyInPackage>
      <ItemPrice>10.20</ItemPrice>
      <UnitOfMeasurePrice>10.20</UnitOfMeasurePrice>
      <AllowDiscount>1</AllowDiscount>
      <ItemStatus>1</ItemStatus>
    </Item>
    <Item>
      <PriceUpdateDate>2025-12-01 20:10</PriceUpdateDate>
      <ItemCode>7290014648098</ItemCode>
      <ItemType>1</ItemType>
      <ItemName>סכיני גילוח ח.פ. BELLE</ItemName>
      <ManufacturerName>נינגבי הווארד</ManufacturerName>
      <ManufactureCountry>IT</ManufactureCountry>
      <ManufacturerItemDescription>סכיני גילוח ח.פ. BELLE</ManufacturerItemDescription>
      <UnitQty>יחידה</UnitQty>
      <Quantity>1.00</Quantity>
      <bIsWeighted>0</bIsWeighted>
      <UnitOfMeasure>יחידה</UnitOfMeasure>
      <QtyInPackage>1</QtyInPackage>
      <ItemPrice>10.00</ItemPrice>
      <UnitOfMeasurePrice>10.00</UnitOfMeasurePrice>
      <AllowDiscount>1</AllowDiscount>
      <ItemStatus>1</ItemStatus>
    </Item>
    <Item>
      <PriceUpdateDate>2025-12-01 20:10</PriceUpdateDate>
      <ItemCode>7290014648913</ItemCode>
      <ItemType>1</ItemType>
      <ItemName>פדים קוסמטיים  שלישיה</ItemName>
      <ManufacturerName>נינגבי הווארד</ManufacturerName>
      <ManufactureCountry>CN</ManufactureCountry>
      <ManufacturerItemDescription>פדים קוסמטיים  שלישיה</ManufacturerItemDescription>
      <UnitQty>יחידה</UnitQty>
      <Quantity>1.00</Quantity>
      <bIsWeighted>0</bIsWeighted>
      <UnitOfMeasure>יחידה</UnitOfMeasure>
      <QtyInPackage>0</QtyInPackage>
      <ItemPrice>17.90</ItemPrice>
      <UnitOfMeasurePrice>17.90</UnitOfMeasurePrice>
      <AllowDiscount>1</AllowDiscount>
      <ItemStatus>1</ItemStatus>
    </Item>
    <Item>
      <PriceUpdateDate>2024-12-23 17:26</PriceUpdateDate>
      <ItemCode>7290014648937</ItemCode>
      <ItemType>1</ItemType>
      <ItemName>קיסמי שיניים משולבים 36</ItemName>
      <ManufacturerName>כללי</ManufacturerName>
      <ManufactureCountry>IL</ManufactureCountry>
      <ManufacturerItemDescription>קיסמי שיניים משו</ManufacturerItemDescription>
      <UnitQty>יחידה</UnitQty>
      <Quantity>1.00</Quantity>
      <bIsWeighted>0</bIsWeighted>
      <UnitOfMeasure>יחידה</UnitOfMeasure>
      <QtyInPackage>1</QtyInPackage>
      <ItemPrice>11.50</ItemPrice>
      <UnitOfMeasurePrice>11.50</UnitOfMeasurePrice>
      <AllowDiscount>1</AllowDiscount>
      <ItemStatus>1</ItemStatus>
    </Item>
    <Item>
      <PriceUpdateDate>2024-12-23 17:26</PriceUpdateDate>
      <ItemCode>7290014648951</ItemCode>
      <ItemType>1</ItemType>
      <ItemName>קיסמי מברשות דו צדדי 100</ItemName>
      <ManufacturerName>כללי</ManufacturerName>
      <ManufactureCountry>IL</ManufactureCountry>
      <ManufacturerItemDescription>קיסמי מברשות דו</ManufacturerItemDescription>
      <UnitQty>יחידה</UnitQty>
      <Quantity>1.00</Quantity>
      <bIsWeighted>0</bIsWeighted>
      <UnitOfMeasure>יחידה</UnitOfMeasure>
      <QtyInPackage>1</QtyInPackage>
      <ItemPrice>11.50</ItemPrice>
      <UnitOfMeasurePrice>11.50</UnitOfMeasurePrice>
      <AllowDiscount>1</AllowDiscount>
      <ItemStatus>1</ItemStatus>
    </Item>
    <Item>
      <PriceUpdateDate>2025-01-01 10:06</PriceUpdateDate>
      <ItemCode>7290014649033</ItemCode>
      <ItemType>1</ItemType>
      <ItemName>ספוג רחצה מפנק3*</ItemName>
      <ManufacturerName>כללי</ManufacturerName>
      <ManufactureCountry>IL</ManufactureCountry>
      <ManufacturerItemDescription>ספוג רחצה מפנק</ManufacturerItemDescription>
      <UnitQty>יחידה</UnitQty>
      <Quantity>1.00</Quantity>
      <bIsWeighted>0</bIsWeighted>
      <UnitOfMeasure>יחידה</UnitOfMeasure>
      <QtyInPackage>1</QtyInPackage>
      <ItemPrice>12.20</ItemPrice>
      <UnitOfMeasurePrice>12.20</UnitOfMeasurePrice>
      <AllowDiscount>1</AllowDiscount>
      <ItemStatus>1</ItemStatus>
    </Item>
    <Item>
      <PriceUpdateDate>2025-01-01 10:05</PriceUpdateDate>
      <ItemCode>7290014649293</ItemCode>
      <ItemType>1</ItemType>
      <ItemName>גרדן אואזיז מארז דובי אד</ItemName>
      <ManufacturerName>ניקנור</ManufacturerName>
      <ManufactureCountry>CN</ManufactureCountry>
      <ManufacturerItemDescription>גרדן אואזיז מארז</ManufacturerItemDescription>
      <UnitQty>יחידה</UnitQty>
      <Quantity>1.00</Quantity>
      <bIsWeighted>0</bIsWeighted>
      <UnitOfMeasure>יחידה</UnitOfMeasure>
      <QtyInPackage>1</QtyInPackage>
      <ItemPrice>51.50</ItemPrice>
      <UnitOfMeasurePrice>51.50</UnitOfMeasurePrice>
      <AllowDiscount>1</AllowDiscount>
      <ItemStatus>1</ItemStatus>
    </Item>
    <Item>
      <PriceUpdateDate>2025-12-01 20:20</PriceUpdateDate>
      <ItemCode>7290014855434</ItemCode>
      <ItemType>1</ItemType>
      <ItemName>מגבוני בייביסיטר 66*4יח</ItemName>
      <ManufacturerName>די.פי.אל</ManufacturerName>
      <ManufactureCountry>IL</ManufactureCountry>
      <ManufacturerItemDescription>מגבוני בייביסיטר 4*66יח</ManufacturerItemDescription>
      <UnitQty>יחידה</UnitQty>
      <Quantity>1.00</Quantity>
      <bIsWeighted>0</bIsWeighted>
      <UnitOfMeasure>יחידה</UnitOfMeasure>
      <QtyInPackage>1</QtyInPackage>
      <ItemPrice>16.90</ItemPrice>
      <UnitOfMeasurePrice>16.90</UnitOfMeasurePrice>
      <AllowDiscount>1</AllowDiscount>
      <ItemStatus>1</ItemStatus>
    </Item>
    <Item>
      <PriceUpdateDate>2025-12-01 20:20</PriceUpdateDate>
      <ItemCode>7290014855458</ItemCode>
      <ItemType>1</ItemType>
      <ItemName>מגבוני בייביסיטר 66*4יח</ItemName>
      <ManufacturerName>די.פי.אל</ManufacturerName>
      <ManufactureCountry>IL</ManufactureCountry>
      <ManufacturerItemDescription>מגבוני בייביסיטר 4*66יח</ManufacturerItemDescription>
      <UnitQty>יחידה</UnitQty>
      <Quantity>1.00</Quantity>
      <bIsWeighted>0</bIsWeighted>
      <UnitOfMeasure>יחידה</UnitOfMeasure>
      <QtyInPackage>1</QtyInPackage>
      <ItemPrice>16.90</ItemPrice>
      <UnitOfMeasurePrice>16.90</UnitOfMeasurePrice>
      <AllowDiscount>1</AllowDiscount>
      <ItemStatus>1</ItemStatus>
    </Item>
    <Item>
      <PriceUpdateDate>2024-12-23 17:26</PriceUpdateDate>
      <ItemCode>7290014901261</ItemCode>
      <ItemType>1</ItemType>
      <ItemName>מסכת קרטין סטייל 500 מ"ל</ItemName>
      <ManufacturerName>א.ל ארמן</ManufacturerName>
      <ManufactureCountry>IL</ManufactureCountry>
      <ManufacturerItemDescription>מסכת קרטין סטייל 500 מ"ל</ManufacturerItemDescription>
      <UnitQty>מיליליטרים</UnitQty>
      <Quantity>500.00</Quantity>
      <bIsWeighted>0</bIsWeighted>
      <UnitOfMeasure>100 מ"ל</UnitOfMeasure>
      <QtyInPackage>0</QtyInPackage>
      <ItemPrice>35.90</ItemPrice>
      <UnitOfMeasurePrice>7.18</UnitOfMeasurePrice>
      <AllowDiscount>1</AllowDiscount>
      <ItemStatus>1</ItemStatus>
    </Item>
    <Item>
      <PriceUpdateDate>2024-12-23 17:26</PriceUpdateDate>
      <ItemCode>7290014952591</ItemCode>
      <ItemType>1</ItemType>
      <ItemName>תרסיס לחיטוי צעצועים150מ</ItemName>
      <ManufacturerName>מאמי קר</ManufacturerName>
      <ManufactureCountry>IL</ManufactureCountry>
      <ManufacturerItemDescription>תרסיס טבעי לחיטו</ManufacturerItemDescription>
      <UnitQty>מיליליטרים</UnitQty>
      <Quantity>150.00</Quantity>
      <bIsWeighted>0</bIsWeighted>
      <UnitOfMeasure>100 מ"ל</UnitOfMeasure>
      <QtyInPackage>0</QtyInPackage>
      <ItemPrice>35.90</ItemPrice>
      <UnitOfMeasurePrice>23.93</UnitOfMeasurePrice>
      <AllowDiscount>1</AllowDiscount>
      <ItemStatus>1</ItemStatus>
    </Item>
    <Item>
      <PriceUpdateDate>2025-12-01 20:20</PriceUpdateDate>
      <ItemCode>7290014962521</ItemCode>
      <ItemType>1</ItemType>
      <ItemName>משחת טפטפים ענבים 50מל</ItemName>
      <ManufacturerName>כצט</ManufacturerName>
      <ManufactureCountry>IL</ManufactureCountry>
      <ManufacturerItemDescription>משחת טפטפים ענבים 50מל</ManufacturerItemDescription>
      <UnitQty>מיליליטרים</UnitQty>
      <Quantity>50.00</Quantity>
      <bIsWeighted>0</bIsWeighted>
      <UnitOfMeasure>100 מ"ל</UnitOfMeasure>
      <QtyInPackage>0</QtyInPackage>
      <ItemPrice>8.90</ItemPrice>
      <UnitOfMeasurePrice>17.80</UnitOfMeasurePrice>
      <AllowDiscount>1</AllowDiscount>
      <ItemStatus>1</ItemStatus>
    </Item>
    <Item>
      <PriceUpdateDate>2024-12-23 17:26</PriceUpdateDate>
      <ItemCode>7290015025942</ItemCode>
      <ItemType>1</ItemType>
      <ItemName>קרם ידיים פנג'ל עם שמן80</ItemName>
      <ManufacturerName>אינטרקוסמא</ManufacturerName>
      <ManufactureCountry>IL</ManufactureCountry>
      <ManufacturerItemDescription>קרם ידיים פנגל עם שמן80</ManufacturerItemDescription>
      <UnitQty>מיליליטרים</UnitQty>
      <Quantity>80.00</Quantity>
      <bIsWeighted>0</bIsWeighted>
      <UnitOfMeasure>100 מ"ל</UnitOfMeasure>
      <QtyInPackage>1</QtyInPackage>
      <ItemPrice>10.20</ItemPrice>
      <UnitOfMeasurePrice>12.75</UnitOfMeasurePrice>
      <AllowDiscount>1</AllowDiscount>
      <ItemStatus>1</ItemStatus>
    </Item>
    <Item>
      <PriceUpdateDate>2024-12-23 17:17</PriceUpdateDate>
      <ItemCode>7290015130028</ItemCode>
      <ItemType>1</ItemType>
      <ItemName>WIN חטיף חלבון קרם חלב65</ItemName>
      <ManufacturerName>לוטמן בקלנד תעשיות מזון</ManufacturerName>
      <ManufactureCountry>MK</ManufactureCountry>
      <ManufacturerItemDescription>WIN חטיף חלבון קרם חלב65</ManufacturerItemDescription>
      <UnitQty>גרמים</UnitQty>
      <Quantity>65.00</Quantity>
      <bIsWeighted>0</bIsWeighted>
      <UnitOfMeasure>100 גרם</UnitOfMeasure>
      <QtyInPackage>1</QtyInPackage>
      <ItemPrice>15.50</ItemPrice>
      <UnitOfMeasurePrice>23.85</UnitOfMeasurePrice>
      <AllowDiscount>1</AllowDiscount>
      <ItemStatus>1</ItemStatus>
    </Item>
    <Item>
      <PriceUpdateDate>2025-08-18 17:26</PriceUpdateDate>
      <ItemCode>7290015130271</ItemCode>
      <ItemType>1</ItemType>
      <ItemName>חט.חלבון בצק עוגיות 64 ג</ItemName>
      <ManufacturerName>אס אל קיי בע"מ</ManufacturerName>
      <ManufactureCountry>GB</ManufactureCountry>
      <ManufacturerItemDescription>חט.חלבון בצק עוגיות 64 ג</ManufacturerItemDescription>
      <UnitQty>גרמים</UnitQty>
      <Quantity>64.00</Quantity>
      <bIsWeighted>0</bIsWeighted>
      <UnitOfMeasure>100 גרם</UnitOfMeasure>
      <QtyInPackage>0</QtyInPackage>
      <ItemPrice>15.50</ItemPrice>
      <UnitOfMeasurePrice>24.22</UnitOfMeasurePrice>
      <AllowDiscount>1</AllowDiscount>
      <ItemStatus>1</ItemStatus>
    </Item>
    <Item>
      <PriceUpdateDate>2024-12-23 17:26</PriceUpdateDate>
      <ItemCode>7290015130295</ItemCode>
      <ItemType>1</ItemType>
      <ItemName>WIN חטיףחלבון 64 גרם</ItemName>
      <ManufacturerName>---</ManufacturerName>
      <ManufactureCountry>GB</ManufactureCountry>
      <ManufacturerItemDescription>WIN חטיףחלבון 64 גרם</ManufacturerItemDescription>
      <UnitQty>גרמים</UnitQty>
      <Quantity>64.00</Quantity>
      <bIsWeighted>0</bIsWeighted>
      <UnitOfMeasure>100 גרם</UnitOfMeasure>
      <QtyInPackage>0</QtyInPackage>
      <ItemPrice>15.20</ItemPrice>
      <UnitOfMeasurePrice>23.75</UnitOfMeasurePrice>
      <AllowDiscount>1</AllowDiscount>
      <ItemStatus>1</ItemStatus>
    </Item>
    <Item>
      <PriceUpdateDate>2025-01-05 16:51</PriceUpdateDate>
      <ItemCode>7290015130301</ItemCode>
      <ItemType>1</ItemType>
      <ItemName>WIN חטיף חלבון 66 גרם</ItemName>
      <ManufacturerName>אס אל קיי בע"מ</ManufacturerName>
      <ManufactureCountry>GB</ManufactureCountry>
      <ManufacturerItemDescription>WIN חטיף חלבון 66 גרם</ManufacturerItemDescription>
      <UnitQty>גרמים</UnitQty>
      <Quantity>66.00</Quantity>
      <bIsWeighted>0</bIsWeighted>
      <UnitOfMeasure>100 גרם</UnitOfMeasure>
      <QtyInPackage>0</QtyInPackage>
      <ItemPrice>15.50</ItemPrice>
      <UnitOfMeasurePrice>23.48</UnitOfMeasurePrice>
      <AllowDiscount>1</AllowDiscount>
      <ItemStatus>1</ItemStatus>
    </Item>
    <Item>
      <PriceUpdateDate>2025-01-05 16:51</PriceUpdateDate>
      <ItemCode>7290015130318</ItemCode>
      <ItemType>1</ItemType>
      <ItemName>WIN חטיף חלבון 66 גרם</ItemName>
      <ManufacturerName>---</ManufacturerName>
      <ManufactureCountry>GB</ManufactureCountry>
      <ManufacturerItemDescription>WIN חטיף חלבון 66 גרם</ManufacturerItemDescription>
      <UnitQty>גרמים</UnitQty>
      <Quantity>66.00</Quantity>
      <bIsWeighted>0</bIsWeighted>
      <UnitOfMeasure>100 גרם</UnitOfMeasure>
      <QtyInPackage>0</QtyInPackage>
      <ItemPrice>15.50</ItemPrice>
      <UnitOfMeasurePrice>23.48</UnitOfMeasurePrice>
      <AllowDiscount>1</AllowDiscount>
      <ItemStatus>1</ItemStatus>
    </Item>
    <Item>
      <PriceUpdateDate>2024-12-23 17:26</PriceUpdateDate>
      <ItemCode>7290015130325</ItemCode>
      <ItemType>1</ItemType>
      <ItemName>חטיףחלבון WIN 64 גרם</ItemName>
      <ManufacturerName>---</ManufacturerName>
      <ManufactureCountry>GB</ManufactureCountry>
      <ManufacturerItemDescription>חטיףחלבון WIN 64 גרם</ManufacturerItemDescription>
      <UnitQty>גרמים</UnitQty>
      <Quantity>64.00</Quantity>
      <bIsWeighted>0</bIsWeighted>
      <UnitOfMeasure>100 גרם</UnitOfMeasure>
      <QtyInPackage>0</QtyInPackage>
      <ItemPrice>15.20</ItemPrice>
      <UnitOfMeasurePrice>23.75</UnitOfMeasurePrice>
      <AllowDiscount>1</AllowDiscount>
      <ItemStatus>1</ItemStatus>
    </Item>
    <Item>
      <PriceUpdateDate>2023-11-16 16:57</PriceUpdateDate>
      <ItemCode>7290015155823</ItemCode>
      <ItemType>1</ItemType>
      <ItemName>חטיפטף פרינוק תפוח 120 ג</ItemName>
      <ManufacturerName>פרוטה פודיווין איי.אס</ManufacturerName>
      <ManufactureCountry>CZ</ManufactureCountry>
      <ManufacturerItemDescription>חטיפטף פרינוק תפוח 120 ג</ManufacturerItemDescription>
      <UnitQty>גרמים</UnitQty>
      <Quantity>120.00</Quantity>
      <bIsWeighted>0</bIsWeighted>
      <UnitOfMeasure>100 גרם</UnitOfMeasure>
      <QtyInPackage>1</QtyInPackage>
      <ItemPrice>6.90</ItemPrice>
      <UnitOfMeasurePrice>5.75</UnitOfMeasurePrice>
      <AllowDiscount>1</AllowDiscount>
      <ItemStatus>1</ItemStatus>
    </Item>
    <Item>
      <PriceUpdateDate>2023-11-16 16:57</PriceUpdateDate>
      <ItemCode>7290015155830</ItemCode>
      <ItemType>1</ItemType>
      <ItemName>חטיפטף פרינוק תפוח בננה</ItemName>
      <ManufacturerName>---</ManufacturerName>
      <ManufactureCountry>CZ</ManufactureCountry>
      <ManufacturerItemDescription>חטיפטף פרינוק תפוח בננה</ManufacturerItemDescription>
      <UnitQty>גרמים</UnitQty>
      <Quantity>120.00</Quantity>
      <bIsWeighted>0</bIsWeighted>
      <UnitOfMeasure>100 גרם</UnitOfMeasure>
      <QtyInPackage>1</QtyInPackage>
      <ItemPrice>6.90</ItemPrice>
      <UnitOfMeasurePrice>5.75</UnitOfMeasurePrice>
      <AllowDiscount>1</AllowDiscount>
      <ItemStatus>1</ItemStatus>
    </Item>
    <Item>
      <PriceUpdateDate>2023-11-16 16:57</PriceUpdateDate>
      <ItemCode>7290015155847</ItemCode>
      <ItemType>1</ItemType>
      <ItemName>חטיפטף פרינוק פירות120ג</ItemName>
      <ManufacturerName>פרוטה פודיווין איי.אס</ManufacturerName>
      <ManufactureCountry>CZ</ManufactureCountry>
      <ManufacturerItemDescription>חטיפטף פרינוק פירות120ג</ManufacturerItemDescription>
      <UnitQty>גרמים</UnitQty>
      <Quantity>120.00</Quantity>
      <bIsWeighted>0</bIsWeighted>
      <UnitOfMeasure>100 גרם</UnitOfMeasure>
      <QtyInPackage>1</QtyInPackage>
      <ItemPrice>6.90</ItemPrice>
      <UnitOfMeasurePrice>5.75</UnitOfMeasurePrice>
      <AllowDiscount>1</AllowDiscount>
      <ItemStatus>1</ItemStatus>
    </Item>
    <Item>
      <PriceUpdateDate>2023-11-16 16:57</PriceUpdateDate>
      <ItemCode>7290015156769</ItemCode>
      <ItemType>1</ItemType>
      <ItemName>פאוץ' פרינוק תפוח ואוכמנ</ItemName>
      <ManufacturerName>---</ManufacturerName>
      <ManufactureCountry>CZ</ManufactureCountry>
      <ManufacturerItemDescription>פאוץ' פרינוק תפו</ManufacturerItemDescription>
      <UnitQty>גרמים</UnitQty>
      <Quantity>120.00</Quantity>
      <bIsWeighted>0</bIsWeighted>
      <UnitOfMeasure>100 גרם</UnitOfMeasure>
      <QtyInPackage>1</QtyInPackage>
      <ItemPrice>6.90</ItemPrice>
      <UnitOfMeasurePrice>5.75</UnitOfMeasurePrice>
      <AllowDiscount>1</AllowDiscount>
      <ItemStatus>1</ItemStatus>
    </Item>
    <Item>
      <PriceUpdateDate>2023-11-16 16:57</PriceUpdateDate>
      <ItemCode>7290015156776</ItemCode>
      <ItemType>1</ItemType>
      <ItemName>פאוץ' פרינוק פירות טרופי</ItemName>
      <ManufacturerName>פרוטה פודיווין איי.אס</ManufacturerName>
      <ManufactureCountry>CZ</ManufactureCountry>
      <ManufacturerItemDescription>פאוץ פרינוק פירות טרופי</ManufacturerItemDescription>
      <UnitQty>גרמים</UnitQty>
      <Quantity>120.00</Quantity>
      <bIsWeighted>0</bIsWeighted>
      <UnitOfMeasure>100 גרם</UnitOfMeasure>
      <QtyInPackage>1</QtyInPackage>
      <ItemPrice>6.90</ItemPrice>
      <UnitOfMeasurePrice>5.75</UnitOfMeasurePrice>
      <AllowDiscount>1</AllowDiscount>
      <ItemStatus>1</ItemStatus>
    </Item>
    <Item>
      <PriceUpdateDate>2023-11-16 16:57</PriceUpdateDate>
      <ItemCode>7290015156790</ItemCode>
      <ItemType>1</ItemType>
      <ItemName>חטיפטף לפתן פירות 120גרם</ItemName>
      <ManufacturerName>---</ManufacturerName>
      <ManufactureCountry>CZ</ManufactureCountry>
      <ManufacturerItemDescription>חטיפטף לפתן פירות 120גרם</ManufacturerItemDescription>
      <UnitQty>גרמים</UnitQty>
      <Quantity>120.00</Quantity>
      <bIsWeighted>0</bIsWeighted>
      <UnitOfMeasure>100 גרם</UnitOfMeasure>
      <QtyInPackage>1</QtyInPackage>
      <ItemPrice>6.90</ItemPrice>
      <UnitOfMeasurePrice>5.75</UnitOfMeasurePrice>
      <AllowDiscount>1</AllowDiscount>
      <ItemStatus>1</ItemStatus>
    </Item>
    <Item>
      <PriceUpdateDate>2024-12-23 17:20</PriceUpdateDate>
      <ItemCode>7290015176361</ItemCode>
      <ItemType>1</ItemType>
      <ItemName>מברשת חשמלית כחול</ItemName>
      <ManufacturerName>פוג'יקום</ManufacturerName>
      <ManufactureCountry>CN</ManufactureCountry>
      <ManufacturerItemDescription>מברשת שיניים</ManufacturerItemDescription>
      <UnitQty>יחידה</UnitQty>
      <Quantity>1.00</Quantity>
      <bIsWeighted>0</bIsWeighted>
      <UnitOfMeasure>יחידה</UnitOfMeasure>
      <QtyInPackage>1</QtyInPackage>
      <ItemPrice>44.90</ItemPrice>
      <UnitOfMeasurePrice>44.90</UnitOfMeasurePrice>
      <AllowDiscount>1</AllowDiscount>
      <ItemStatus>1</ItemStatus>
    </Item>
    <Item>
      <PriceUpdateDate>2024-12-23 17:20</PriceUpdateDate>
      <ItemCode>7290015176378</ItemCode>
      <ItemType>1</ItemType>
      <ItemName>מברשת חשמלית סגול</ItemName>
      <ManufacturerName>פוג'יקום</ManufacturerName>
      <ManufactureCountry>CN</ManufactureCountry>
      <ManufacturerItemDescription>מברשת שיניים</ManufacturerItemDescription>
      <UnitQty>יחידה</UnitQty>
      <Quantity>1.00</Quantity>
      <bIsWeighted>0</bIsWeighted>
      <UnitOfMeasure>יחידה</UnitOfMeasure>
      <QtyInPackage>1</QtyInPackage>
      <ItemPrice>44.90</ItemPrice>
      <UnitOfMeasurePrice>44.90</UnitOfMeasurePrice>
      <AllowDiscount>1</AllowDiscount>
      <ItemStatus>1</ItemStatus>
    </Item>
    <Item>
      <PriceUpdateDate>2025-01-24 10:21</PriceUpdateDate>
      <ItemCode>7290015366663</ItemCode>
      <ItemType>1</ItemType>
      <ItemName>משחת שיניים מנטה 100 מ"ל</ItemName>
      <ManufacturerName>הליון</ManufacturerName>
      <ManufactureCountry>SK</ManufactureCountry>
      <ManufacturerItemDescription>משחת שיניים מנטה 100 מ"ל</ManufacturerItemDescription>
      <UnitQty>מיליליטרים</UnitQty>
      <Quantity>100.00</Quantity>
      <bIsWeighted>0</bIsWeighted>
      <UnitOfMeasure>100 מ"ל</UnitOfMeasure>
      <QtyInPackage>1</QtyInPackage>
      <ItemPrice>9.90</ItemPrice>
      <UnitOfMeasurePrice>9.90</UnitOfMeasurePrice>
      <AllowDiscount>1</AllowDiscount>
      <ItemStatus>1</ItemStatus>
    </Item>
    <Item>
      <PriceUpdateDate>2025-06-03 12:12</PriceUpdateDate>
      <ItemCode>7290015424882</ItemCode>
      <ItemType>1</ItemType>
      <ItemName>TO GOמגבונים פמינה 20 יח</ItemName>
      <ManufacturerName>כצט</ManufacturerName>
      <ManufactureCountry>IL</ManufactureCountry>
      <ManufacturerItemDescription>TO GOמגבונים פמינה 20 יח</ManufacturerItemDescription>
      <UnitQty>יחידה</UnitQty>
      <Quantity>1.00</Quantity>
      <bIsWeighted>0</bIsWeighted>
      <UnitOfMeasure>יחידה</UnitOfMeasure>
      <QtyInPackage>1</QtyInPackage>
      <ItemPrice>10.00</ItemPrice>
      <UnitOfMeasurePrice>10.00</UnitOfMeasurePrice>
      <AllowDiscount>1</AllowDiscount>
      <ItemStatus>1</ItemStatus>
    </Item>
    <Item>
      <PriceUpdateDate>2025-05-27 09:09</PriceUpdateDate>
      <ItemCode>7290015550109</ItemCode>
      <ItemType>1</ItemType>
      <ItemName>מברשת שיער להתרת קשרים</ItemName>
      <ManufacturerName>JK</ManufacturerName>
      <ManufactureCountry>CN</ManufactureCountry>
      <ManufacturerItemDescription>מברשת שיער להתרת קשרים</ManufacturerItemDescription>
      <UnitQty>יחידה</UnitQty>
      <Quantity>1.00</Quantity>
      <bIsWeighted>0</bIsWeighted>
      <UnitOfMeasure>יחידה</UnitOfMeasure>
      <QtyInPackage>0</QtyInPackage>
      <ItemPrice>29.90</ItemPrice>
      <UnitOfMeasurePrice>29.90</UnitOfMeasurePrice>
      <AllowDiscount>1</AllowDiscount>
      <ItemStatus>1</ItemStatus>
    </Item>
    <Item>
      <PriceUpdateDate>2025-05-27 09:11</PriceUpdateDate>
      <ItemCode>7290015733977</ItemCode>
      <ItemType>1</ItemType>
      <ItemName>מטרנה קומפורט 700ג HM-O</ItemName>
      <ManufacturerName>מטרנה תעשיות ש.מ</ManufacturerName>
      <ManufactureCountry>IL</ManufactureCountry>
      <ManufacturerItemDescription>מטרנה קומפורט 700ג HM-O</ManufacturerItemDescription>
      <UnitQty>גרמים</UnitQty>
      <Quantity>700.00</Quantity>
      <bIsWeighted>0</bIsWeighted>
      <UnitOfMeasure>100 גרם</UnitOfMeasure>
      <QtyInPackage>1</QtyInPackage>
      <ItemPrice>76.50</ItemPrice>
      <UnitOfMeasurePrice>10.93</UnitOfMeasurePrice>
      <AllowDiscount>0</AllowDiscount>
      <ItemStatus>1</ItemStatus>
    </Item>
    <Item>
      <PriceUpdateDate>2025-06-03 12:12</PriceUpdateDate>
      <ItemCode>7290015793469</ItemCode>
      <ItemType>1</ItemType>
      <ItemName>אורה קרם שפורפרת 90 גר</ItemName>
      <ManufacturerName>כללי</ManufacturerName>
      <ManufactureCountry>IL</ManufactureCountry>
      <ManufacturerItemDescription>אורה קרם שפורפרת 90 גר</ManufacturerItemDescription>
      <UnitQty>גרמים</UnitQty>
      <Quantity>90.00</Quantity>
      <bIsWeighted>0</bIsWeighted>
      <UnitOfMeasure>100 גרם</UnitOfMeasure>
      <QtyInPackage>1</QtyInPackage>
      <ItemPrice>21.90</ItemPrice>
      <UnitOfMeasurePrice>24.33</UnitOfMeasurePrice>
      <AllowDiscount>1</AllowDiscount>
      <ItemStatus>1</ItemStatus>
    </Item>
    <Item>
      <PriceUpdateDate>2024-12-23 17:26</PriceUpdateDate>
      <ItemCode>7290015848978</ItemCode>
      <ItemType>1</ItemType>
      <ItemName>אולטרסול קרם פנים SPF30</ItemName>
      <ManufacturerName>פישר מעבדות פרמצבטיות בע</ManufacturerName>
      <ManufactureCountry>IL</ManufactureCountry>
      <ManufacturerItemDescription>אולטרסול קרם פנים SPF30</ManufacturerItemDescription>
      <UnitQty>מיליליטרים</UnitQty>
      <Quantity>75.00</Quantity>
      <bIsWeighted>0</bIsWeighted>
      <UnitOfMeasure>100 מ"ל</UnitOfMeasure>
      <QtyInPackage>1</QtyInPackage>
      <ItemPrice>33.90</ItemPrice>
      <UnitOfMeasurePrice>45.20</UnitOfMeasurePrice>
      <AllowDiscount>1</AllowDiscount>
      <ItemStatus>1</ItemStatus>
    </Item>
    <Item>
      <PriceUpdateDate>2024-12-23 17:21</PriceUpdateDate>
      <ItemCode>7290015883474</ItemCode>
      <ItemType>1</ItemType>
      <ItemName>מסכה 500 מ"ל</ItemName>
      <ManufacturerName>קשמיר</ManufacturerName>
      <ManufactureCountry>IL</ManufactureCountry>
      <ManufacturerItemDescription>מסכה אינטנסיב</ManufacturerItemDescription>
      <UnitQty>מיליליטרים</UnitQty>
      <Quantity>500.00</Quantity>
      <bIsWeighted>0</bIsWeighted>
      <UnitOfMeasure>100 מ"ל</UnitOfMeasure>
      <QtyInPackage>0</QtyInPackage>
      <ItemPrice>152.90</ItemPrice>
      <UnitOfMeasurePrice>30.58</UnitOfMeasurePrice>
      <AllowDiscount>1</AllowDiscount>
      <ItemStatus>1</ItemStatus>
    </Item>
    <Item>
      <PriceUpdateDate>2024-12-23 17:21</PriceUpdateDate>
      <ItemCode>7290015883528</ItemCode>
      <ItemType>1</ItemType>
      <ItemName>שמפו 750 מ"ל</ItemName>
      <ManufacturerName>קשמיר</ManufacturerName>
      <ManufactureCountry>IL</ManufactureCountry>
      <ManufacturerItemDescription>שמפו קרטין</ManufacturerItemDescription>
      <UnitQty>מיליליטרים</UnitQty>
      <Quantity>750.00</Quantity>
      <bIsWeighted>0</bIsWeighted>
      <UnitOfMeasure>100 מ"ל</UnitOfMeasure>
      <QtyInPackage>0</QtyInPackage>
      <ItemPrice>127.50</ItemPrice>
      <UnitOfMeasurePrice>17.00</UnitOfMeasurePrice>
      <AllowDiscount>1</AllowDiscount>
      <ItemStatus>1</ItemStatus>
    </Item>
    <Item>
      <PriceUpdateDate>2025-01-01 10:06</PriceUpdateDate>
      <ItemCode>7290015886499</ItemCode>
      <ItemType>1</ItemType>
      <ItemName>מסכה קרטין וביוטין 250מל</ItemName>
      <ManufacturerName>ח.ויטמינס</ManufacturerName>
      <ManufactureCountry>IL</ManufactureCountry>
      <ManufacturerItemDescription>מסכה קרטין וביוטין 250מל</ManufacturerItemDescription>
      <UnitQty>מיליליטרים</UnitQty>
      <Quantity>250.00</Quantity>
      <bIsWeighted>0</bIsWeighted>
      <UnitOfMeasure>100 מ"ל</UnitOfMeasure>
      <QtyInPackage>1</QtyInPackage>
      <ItemPrice>76.90</ItemPrice>
      <UnitOfMeasurePrice>30.76</UnitOfMeasurePrice>
      <AllowDiscount>1</AllowDiscount>
      <ItemStatus>1</ItemStatus>
    </Item>
    <Item>
      <PriceUpdateDate>2025-01-01 10:06</PriceUpdateDate>
      <ItemCode>7290015886598</ItemCode>
      <ItemType>1</ItemType>
      <ItemName>סרום קרטין 125 מ"ל</ItemName>
      <ManufacturerName>ח.ויטמינס</ManufacturerName>
      <ManufactureCountry>IL</ManufactureCountry>
      <ManufacturerItemDescription>סרום קרטין 125 מ"ל</ManufacturerItemDescription>
      <UnitQty>מיליליטרים</UnitQty>
      <Quantity>125.00</Quantity>
      <bIsWeighted>0</bIsWeighted>
      <UnitOfMeasure>100 מ"ל</UnitOfMeasure>
      <QtyInPackage>1</QtyInPackage>
      <ItemPrice>87.50</ItemPrice>
      <UnitOfMeasurePrice>70.00</UnitOfMeasurePrice>
      <AllowDiscount>1</AllowDiscount>
      <ItemStatus>1</ItemStatus>
    </Item>
    <Item>
      <PriceUpdateDate>2024-12-20 05:48</PriceUpdateDate>
      <ItemCode>7290016136692</ItemCode>
      <ItemType>1</ItemType>
      <ItemName>אקווה פרש מנטה 3*100 מ"ל</ItemName>
      <ManufacturerName>GSK HELION</ManufacturerName>
      <ManufactureCountry>SK</ManufactureCountry>
      <ManufacturerItemDescription>אקווה פרש מנטה 3*100 מ"ל</ManufacturerItemDescription>
      <UnitQty>מיליליטרים</UnitQty>
      <Quantity>300.00</Quantity>
      <bIsWeighted>0</bIsWeighted>
      <UnitOfMeasure>100 מ"ל</UnitOfMeasure>
      <QtyInPackage>1</QtyInPackage>
      <ItemPrice>19.90</ItemPrice>
      <UnitOfMeasurePrice>6.63</UnitOfMeasurePrice>
      <AllowDiscount>1</AllowDiscount>
      <ItemStatus>1</ItemStatus>
    </Item>
    <Item>
      <PriceUpdateDate>2025-05-12 17:43</PriceUpdateDate>
      <ItemCode>7290016186178</ItemCode>
      <ItemType>1</ItemType>
      <ItemName>טפטפים פרסטי 20 מ"ל</ItemName>
      <ManufacturerName>כצט</ManufacturerName>
      <ManufactureCountry>IL</ManufactureCountry>
      <ManufacturerItemDescription>טפטפים פרסטי</ManufacturerItemDescription>
      <UnitQty>מיליליטרים</UnitQty>
      <Quantity>20.00</Quantity>
      <bIsWeighted>0</bIsWeighted>
      <UnitOfMeasure>100 מ"ל</UnitOfMeasure>
      <QtyInPackage>1</QtyInPackage>
      <ItemPrice>29.90</ItemPrice>
      <UnitOfMeasurePrice>149.50</UnitOfMeasurePrice>
      <AllowDiscount>1</AllowDiscount>
      <ItemStatus>1</ItemStatus>
    </Item>
    <Item>
      <PriceUpdateDate>2025-11-27 21:30</PriceUpdateDate>
      <ItemCode>7290016197600</ItemCode>
      <ItemType>1</ItemType>
      <ItemName>דיפנד תחבושות נורמל12יח</ItemName>
      <ManufacturerName>קימברלי קלארק</ManufacturerName>
      <ManufactureCountry>VN</ManufactureCountry>
      <ManufacturerItemDescription>תחבושות דיפנד</ManufacturerItemDescription>
      <UnitQty>יחידה</UnitQty>
      <Quantity>1.00</Quantity>
      <bIsWeighted>0</bIsWeighted>
      <UnitOfMeasure>יחידה</UnitOfMeasure>
      <QtyInPackage>1</QtyInPackage>
      <ItemPrice>14.90</ItemPrice>
      <UnitOfMeasurePrice>14.90</UnitOfMeasurePrice>
      <AllowDiscount>1</AllowDiscount>
      <ItemStatus>1</ItemStatus>
    </Item>
    <Item>
      <PriceUpdateDate>2025-11-27 21:30</PriceUpdateDate>
      <ItemCode>7290016197617</ItemCode>
      <ItemType>1</ItemType>
      <ItemName>דיפנד תחבושות  אקסטרה10י</ItemName>
      <ManufacturerName>קימברלי קלארק</ManufacturerName>
      <ManufactureCountry>VN</ManufactureCountry>
      <ManufacturerItemDescription>דיפנד תחבושות  אקסטרה10י</ManufacturerItemDescription>
      <UnitQty>יחידה</UnitQty>
      <Quantity>1.00</Quantity>
      <bIsWeighted>0</bIsWeighted>
      <UnitOfMeasure>יחידה</UnitOfMeasure>
      <QtyInPackage>1</QtyInPackage>
      <ItemPrice>14.90</ItemPrice>
      <UnitOfMeasurePrice>14.90</UnitOfMeasurePrice>
      <AllowDiscount>1</AllowDiscount>
      <ItemStatus>1</ItemStatus>
    </Item>
    <Item>
      <PriceUpdateDate>2025-11-27 21:30</PriceUpdateDate>
      <ItemCode>7290016197624</ItemCode>
      <ItemType>1</ItemType>
      <ItemName>דיפנד תחבושות סופר8יח</ItemName>
      <ManufacturerName>קימברלי קלארק</ManufacturerName>
      <ManufactureCountry>VN</ManufactureCountry>
      <ManufacturerItemDescription>דיפנד תחבושות סופר8יח</ManufacturerItemDescription>
      <UnitQty>יחידה</UnitQty>
      <Quantity>1.00</Quantity>
      <bIsWeighted>0</bIsWeighted>
      <UnitOfMeasure>יחידה</UnitOfMeasure>
      <QtyInPackage>1</QtyInPackage>
      <ItemPrice>14.90</ItemPrice>
      <UnitOfMeasurePrice>14.90</UnitOfMeasurePrice>
      <AllowDiscount>1</AllowDiscount>
      <ItemStatus>1</ItemStatus>
    </Item>
    <Item>
      <PriceUpdateDate>2024-12-23 17:26</PriceUpdateDate>
      <ItemCode>7290016230888</ItemCode>
      <ItemType>1</ItemType>
      <ItemName>סוללות V3 5) יחידות( 5 י</ItemName>
      <ManufacturerName>פוג'יקום</ManufacturerName>
      <ManufactureCountry>IL</ManufactureCountry>
      <ManufacturerItemDescription>סוללות V3</ManufacturerItemDescription>
      <UnitQty>יחידה</UnitQty>
      <Quantity>1.00</Quantity>
      <bIsWeighted>0</bIsWeighted>
      <UnitOfMeasure>יחידה</UnitOfMeasure>
      <QtyInPackage>1</QtyInPackage>
      <ItemPrice>22.50</ItemPrice>
      <UnitOfMeasurePrice>22.50</UnitOfMeasurePrice>
      <AllowDiscount>1</AllowDiscount>
      <ItemStatus>1</ItemStatus>
    </Item>
    <Item>
      <PriceUpdateDate>2023-02-06 12:48</PriceUpdateDate>
      <ItemCode>7290016299168</ItemCode>
      <ItemType>1</ItemType>
      <ItemName>סרום קיק חיזוק שיער100מל</ItemName>
      <ManufacturerName>---</ManufacturerName>
      <ManufactureCountry>IL</ManufactureCountry>
      <ManufacturerItemDescription>סרום קיק חיזוק שיער100מל</ManufacturerItemDescription>
      <UnitQty>מיליליטרים</UnitQty>
      <Quantity>100.00</Quantity>
      <bIsWeighted>0</bIsWeighted>
      <UnitOfMeasure>100 מ"ל</UnitOfMeasure>
      <QtyInPackage>1</QtyInPackage>
      <ItemPrice>49.90</ItemPrice>
      <UnitOfMeasurePrice>49.90</UnitOfMeasurePrice>
      <AllowDiscount>1</AllowDiscount>
      <ItemStatus>1</ItemStatus>
    </Item>
    <Item>
      <PriceUpdateDate>2023-02-06 12:48</PriceUpdateDate>
      <ItemCode>7290016299199</ItemCode>
      <ItemType>1</ItemType>
      <ItemName>סרום חומצה היאלרונית100מ</ItemName>
      <ManufacturerName>ארגניה יצור ושיווק</ManufacturerName>
      <ManufactureCountry>IL</ManufactureCountry>
      <ManufacturerItemDescription>סרום חומצה היאלרונית100מ</ManufacturerItemDescription>
      <UnitQty>מיליליטרים</UnitQty>
      <Quantity>100.00</Quantity>
      <bIsWeighted>0</bIsWeighted>
      <UnitOfMeasure>100 מ"ל</UnitOfMeasure>
      <QtyInPackage>1</QtyInPackage>
      <ItemPrice>49.90</ItemPrice>
      <UnitOfMeasurePrice>49.90</UnitOfMeasurePrice>
      <AllowDiscount>1</AllowDiscount>
      <ItemStatus>1</ItemStatus>
    </Item>
    <Item>
      <PriceUpdateDate>2025-12-21 15:30</PriceUpdateDate>
      <ItemCode>7290016299618</ItemCode>
      <ItemType>1</ItemType>
      <ItemName>שמפו קיק ארגניה 450 מ"ל</ItemName>
      <ManufacturerName>קשמיר</ManufacturerName>
      <ManufactureCountry>IL</ManufactureCountry>
      <ManufacturerItemDescription>שמפו קיק ארגניה 450 מ"ל</ManufacturerItemDescription>
      <UnitQty>מיליליטרים</UnitQty>
      <Quantity>450.00</Quantity>
      <bIsWeighted>0</bIsWeighted>
      <UnitOfMeasure>100 מ"ל</UnitOfMeasure>
      <QtyInPackage>1</QtyInPackage>
      <ItemPrice>27.90</ItemPrice>
      <UnitOfMeasurePrice>6.20</UnitOfMeasurePrice>
      <AllowDiscount>1</AllowDiscount>
      <ItemStatus>1</ItemStatus>
    </Item>
    <Item>
      <PriceUpdateDate>2025-12-21 15:30</PriceUpdateDate>
      <ItemCode>7290016299755</ItemCode>
      <ItemType>1</ItemType>
      <ItemName>מרכך קיק ארגניה 450 מ"ל</ItemName>
      <ManufacturerName>---</ManufacturerName>
      <ManufactureCountry>IL</ManufactureCountry>
      <ManufacturerItemDescription>מרכך קיק ארגניה 450 מ"ל</ManufacturerItemDescription>
      <UnitQty>מיליליטרים</UnitQty>
      <Quantity>450.00</Quantity>
      <bIsWeighted>0</bIsWeighted>
      <UnitOfMeasure>100 מ"ל</UnitOfMeasure>
      <QtyInPackage>1</QtyInPackage>
      <ItemPrice>27.90</ItemPrice>
      <UnitOfMeasurePrice>6.20</UnitOfMeasurePrice>
      <AllowDiscount>1</AllowDiscount>
      <ItemStatus>1</ItemStatus>
    </Item>
    <Item>
      <PriceUpdateDate>2024-12-23 17:18</PriceUpdateDate>
      <ItemCode>7290016299878</ItemCode>
      <ItemType>1</ItemType>
      <ItemName>מסיכה טיפולית לשיער500מ</ItemName>
      <ManufacturerName>---</ManufacturerName>
      <ManufactureCountry>IL</ManufactureCountry>
      <ManufacturerItemDescription>מסיכה טיפולית לשיער500מ</ManufacturerItemDescription>
      <UnitQty>מיליליטרים</UnitQty>
      <Quantity>500.00</Quantity>
      <bIsWeighted>0</bIsWeighted>
      <UnitOfMeasure>100 מ"ל</UnitOfMeasure>
      <QtyInPackage>1</QtyInPackage>
      <ItemPrice>50.90</ItemPrice>
      <UnitOfMeasurePrice>10.18</UnitOfMeasurePrice>
      <AllowDiscount>1</AllowDiscount>
      <ItemStatus>1</ItemStatus>
    </Item>
    <Item>
      <PriceUpdateDate>2024-12-23 17:18</PriceUpdateDate>
      <ItemCode>7290016299885</ItemCode>
      <ItemType>1</ItemType>
      <ItemName>מסיכת קיק ארגניה 500 מ"ל</ItemName>
      <ManufacturerName>---</ManufacturerName>
      <ManufactureCountry>IL</ManufactureCountry>
      <ManufacturerItemDescription>מסיכת קיק ארגניה 500 מ"ל</ManufacturerItemDescription>
      <UnitQty>מיליליטרים</UnitQty>
      <Quantity>500.00</Quantity>
      <bIsWeighted>0</bIsWeighted>
      <UnitOfMeasure>100 מ"ל</UnitOfMeasure>
      <QtyInPackage>1</QtyInPackage>
      <ItemPrice>50.90</ItemPrice>
      <UnitOfMeasurePrice>10.18</UnitOfMeasurePrice>
      <AllowDiscount>1</AllowDiscount>
      <ItemStatus>1</ItemStatus>
    </Item>
    <Item>
      <PriceUpdateDate>2024-12-08 12:05</PriceUpdateDate>
      <ItemCode>7290016299892</ItemCode>
      <ItemType>1</ItemType>
      <ItemName>מסיכה לשיער קרטין  500מל</ItemName>
      <ManufacturerName>---</ManufacturerName>
      <ManufactureCountry>IL</ManufactureCountry>
      <ManufacturerItemDescription>מסיכה לשיער קרטין  500מל</ManufacturerItemDescription>
      <UnitQty>מיליליטרים</UnitQty>
      <Quantity>500.00</Quantity>
      <bIsWeighted>0</bIsWeighted>
      <UnitOfMeasure>100 מ"ל</UnitOfMeasure>
      <QtyInPackage>1</QtyInPackage>
      <ItemPrice>50.90</ItemPrice>
      <UnitOfMeasurePrice>10.18</UnitOfMeasurePrice>
      <AllowDiscount>1</AllowDiscount>
      <ItemStatus>1</ItemStatus>
    </Item>
    <Item>
      <PriceUpdateDate>2025-06-03 12:12</PriceUpdateDate>
      <ItemCode>7290016329278</ItemCode>
      <ItemType>1</ItemType>
      <ItemName>מגבונים לתינוק קמיל בלו</ItemName>
      <ManufacturerName>פישר מעבדות פרמצבטיות בע</ManufacturerName>
      <ManufactureCountry>IL</ManufactureCountry>
      <ManufacturerItemDescription>מגבונים לתינוק קמיל בלו</ManufacturerItemDescription>
      <UnitQty>יחידה</UnitQty>
      <Quantity>1.00</Quantity>
      <bIsWeighted>0</bIsWeighted>
      <UnitOfMeasure>יחידה</UnitOfMeasure>
      <QtyInPackage>1</QtyInPackage>
      <ItemPrice>22.90</ItemPrice>
      <UnitOfMeasurePrice>22.90</UnitOfMeasurePrice>
      <AllowDiscount>1</AllowDiscount>
      <ItemStatus>1</ItemStatus>
    </Item>
    <Item>
      <PriceUpdateDate>2024-12-23 17:26</PriceUpdateDate>
      <ItemCode>7290016329674</ItemCode>
      <ItemType>1</ItemType>
      <ItemName>קרם פנים קמיל בלו</ItemName>
      <ManufacturerName>פישר מעבדות פרמצבטיות בע</ManufacturerName>
      <ManufactureCountry>IL</ManufactureCountry>
      <ManufacturerItemDescription>קרם פנים קמיל בלו</ManufacturerItemDescription>
      <UnitQty>מיליליטרים</UnitQty>
      <Quantity>75.00</Quantity>
      <bIsWeighted>0</bIsWeighted>
      <UnitOfMeasure>100 מ"ל</UnitOfMeasure>
      <QtyInPackage>1</QtyInPackage>
      <ItemPrice>30.90</ItemPrice>
      <UnitOfMeasurePrice>41.20</UnitOfMeasurePrice>
      <AllowDiscount>1</AllowDiscount>
      <ItemStatus>1</ItemStatus>
    </Item>
    <Item>
      <PriceUpdateDate>2025-01-29 17:53</PriceUpdateDate>
      <ItemCode>7290016437423</ItemCode>
      <ItemType>1</ItemType>
      <ItemName>16 תחתון סופג לאישהL</ItemName>
      <ManufacturerName>---</ManufacturerName>
      <ManufactureCountry>CZ</ManufactureCountry>
      <ManufacturerItemDescription>תחתון דיפנד</ManufacturerItemDescription>
      <UnitQty>יחידה</UnitQty>
      <Quantity>1.00</Quantity>
      <bIsWeighted>0</bIsWeighted>
      <UnitOfMeasure>יחידה</UnitOfMeasure>
      <QtyInPackage>1</QtyInPackage>
      <ItemPrice>84.90</ItemPrice>
      <UnitOfMeasurePrice>84.90</UnitOfMeasurePrice>
      <AllowDiscount>1</AllowDiscount>
      <ItemStatus>1</ItemStatus>
    </Item>
    <Item>
      <PriceUpdateDate>2024-12-23 17:18</PriceUpdateDate>
      <ItemCode>7290016437591</ItemCode>
      <ItemType>1</ItemType>
      <ItemName>תחתונים סופגיםM קוטקס8יח</ItemName>
      <ManufacturerName>חוגלה קימברלי</ManufacturerName>
      <ManufactureCountry>CZ</ManufactureCountry>
      <ManufacturerItemDescription>תחתונים סופגיםM קוטקס8יח</ManufacturerItemDescription>
      <UnitQty>יחידה</UnitQty>
      <Quantity>1.00</Quantity>
      <bIsWeighted>0</bIsWeighted>
      <UnitOfMeasure>יחידה</UnitOfMeasure>
      <QtyInPackage>0</QtyInPackage>
      <ItemPrice>38.50</ItemPrice>
      <UnitOfMeasurePrice>38.50</UnitOfMeasurePrice>
      <AllowDiscount>1</AllowDiscount>
      <ItemStatus>1</ItemStatus>
    </Item>
    <Item>
      <PriceUpdateDate>2024-12-23 17:18</PriceUpdateDate>
      <ItemCode>7290016437607</ItemCode>
      <ItemType>1</ItemType>
      <ItemName>תחתונים סופגים  קוטקס8יח</ItemName>
      <ManufacturerName>חוגלה קימברלי</ManufacturerName>
      <ManufactureCountry>CZ</ManufactureCountry>
      <ManufacturerItemDescription>תחתונים סופגים  קוטקס8יח</ManufacturerItemDescription>
      <UnitQty>יחידה</UnitQty>
      <Quantity>1.00</Quantity>
      <bIsWeighted>0</bIsWeighted>
      <UnitOfMeasure>יחידה</UnitOfMeasure>
      <QtyInPackage>0</QtyInPackage>
      <ItemPrice>38.50</ItemPrice>
      <UnitOfMeasurePrice>38.50</UnitOfMeasurePrice>
      <AllowDiscount>1</AllowDiscount>
      <ItemStatus>1</ItemStatus>
    </Item>
    <Item>
      <PriceUpdateDate>2025-06-03 12:12</PriceUpdateDate>
      <ItemCode>7290016437621</ItemCode>
      <ItemType>1</ItemType>
      <ItemName>האגיס פרידום פנטס36 שלב4</ItemName>
      <ManufacturerName>---</ManufacturerName>
      <ManufactureCountry>CZ</ManufactureCountry>
      <ManufacturerItemDescription>האגיס פרידום פנטס36 שלב4</ManufacturerItemDescription>
      <UnitQty>יחידה</UnitQty>
      <Quantity>1.00</Quantity>
      <bIsWeighted>0</bIsWeighted>
      <UnitOfMeasure>יחידה</UnitOfMeasure>
      <QtyInPackage>1</QtyInPackage>
      <ItemPrice>50.30</ItemPrice>
      <UnitOfMeasurePrice>50.30</UnitOfMeasurePrice>
      <AllowDiscount>1</AllowDiscount>
      <ItemStatus>1</ItemStatus>
    </Item>
    <Item>
      <PriceUpdateDate>2025-06-03 12:12</PriceUpdateDate>
      <ItemCode>7290016437645</ItemCode>
      <ItemType>1</ItemType>
      <ItemName>האגיס פרידום פנטס32 שלב5</ItemName>
      <ManufacturerName>---</ManufacturerName>
      <ManufactureCountry>CZ</ManufactureCountry>
      <ManufacturerItemDescription>האגיס פרידום פנטס32 שלב5</ManufacturerItemDescription>
      <UnitQty>יחידה</UnitQty>
      <Quantity>1.00</Quantity>
      <bIsWeighted>0</bIsWeighted>
      <UnitOfMeasure>יחידה</UnitOfMeasure>
      <QtyInPackage>1</QtyInPackage>
      <ItemPrice>50.30</ItemPrice>
      <UnitOfMeasurePrice>50.30</UnitOfMeasurePrice>
      <AllowDiscount>1</AllowDiscount>
      <ItemStatus>1</ItemStatus>
    </Item>
    <Item>
      <PriceUpdateDate>2025-06-03 12:12</PriceUpdateDate>
      <ItemCode>7290016437652</ItemCode>
      <ItemType>1</ItemType>
      <ItemName>האגיס פרידום פנטס26 שלב6</ItemName>
      <ManufacturerName>---</ManufacturerName>
      <ManufactureCountry>CZ</ManufactureCountry>
      <ManufacturerItemDescription>האגיס פרידום פנטס26 שלב6</ManufacturerItemDescription>
      <UnitQty>יחידה</UnitQty>
      <Quantity>1.00</Quantity>
      <bIsWeighted>0</bIsWeighted>
      <UnitOfMeasure>יחידה</UnitOfMeasure>
      <QtyInPackage>1</QtyInPackage>
      <ItemPrice>50.30</ItemPrice>
      <UnitOfMeasurePrice>50.30</UnitOfMeasurePrice>
      <AllowDiscount>1</AllowDiscount>
      <ItemStatus>1</ItemStatus>
    </Item>
    <Item>
      <PriceUpdateDate>2024-12-23 17:18</PriceUpdateDate>
      <ItemCode>7290016509786</ItemCode>
      <ItemType>1</ItemType>
      <ItemName>גל כביסה פרסיל 2.5 ליטר</ItemName>
      <ManufacturerName>הנקל סוד</ManufacturerName>
      <ManufactureCountry>IL</ManufactureCountry>
      <ManufacturerItemDescription>גל כביסה פרסיל 2.5 ליטר</ManufacturerItemDescription>
      <UnitQty>ליטרים</UnitQty>
      <Quantity>2.50</Quantity>
      <bIsWeighted>0</bIsWeighted>
      <UnitOfMeasure>ליטר</UnitOfMeasure>
      <QtyInPackage>1</QtyInPackage>
      <ItemPrice>42.90</ItemPrice>
      <UnitOfMeasurePrice>17.16</UnitOfMeasurePrice>
      <AllowDiscount>1</AllowDiscount>
      <ItemStatus>1</ItemStatus>
    </Item>
    <Item>
      <PriceUpdateDate>2024-12-23 17:18</PriceUpdateDate>
      <ItemCode>7290016509830</ItemCode>
      <ItemType>1</ItemType>
      <ItemName>גל כב.פרסיל בייבי 2.5 ל</ItemName>
      <ManufacturerName>הנקל סוד</ManufacturerName>
      <ManufactureCountry>IL</ManufactureCountry>
      <ManufacturerItemDescription>גל כב.פרסיל בייבי 2.5 ל</ManufacturerItemDescription>
      <UnitQty>ליטרים</UnitQty>
      <Quantity>2.50</Quantity>
      <bIsWeighted>0</bIsWeighted>
      <UnitOfMeasure>ליטר</UnitOfMeasure>
      <QtyInPackage>1</QtyInPackage>
      <ItemPrice>42.90</ItemPrice>
      <UnitOfMeasurePrice>17.16</UnitOfMeasurePrice>
      <AllowDiscount>1</AllowDiscount>
      <ItemStatus>1</ItemStatus>
    </Item>
    <Item>
      <PriceUpdateDate>2025-07-23 12:56</PriceUpdateDate>
      <ItemCode>7290016692198</ItemCode>
      <ItemType>1</ItemType>
      <ItemName>קלאסיק משחת החתלה קלנדול</ItemName>
      <ManufacturerName>מאמי קר</ManufacturerName>
      <ManufactureCountry>IL</ManufactureCountry>
      <ManufacturerItemDescription>קלאסיק משחת החתלה קלנדול</ManufacturerItemDescription>
      <UnitQty>מיליליטרים</UnitQty>
      <Quantity>120.00</Quantity>
      <bIsWeighted>0</bIsWeighted>
      <UnitOfMeasure>100 מ"ל</UnitOfMeasure>
      <QtyInPackage>1</QtyInPackage>
      <ItemPrice>29.90</ItemPrice>
      <UnitOfMeasurePrice>24.92</UnitOfMeasurePrice>
      <AllowDiscount>1</AllowDiscount>
      <ItemStatus>1</ItemStatus>
    </Item>
    <Item>
      <PriceUpdateDate>2024-12-23 17:26</PriceUpdateDate>
      <ItemCode>7290016732672</ItemCode>
      <ItemType>1</ItemType>
      <ItemName>מברשת סנסודיין הגנה מלאה</ItemName>
      <ManufacturerName>גלקסוסמיתקליין</ManufacturerName>
      <ManufactureCountry>CN</ManufactureCountry>
      <ManufacturerItemDescription>מברשת סנסודיין הגנה מלאה</ManufacturerItemDescription>
      <UnitQty>יחידה</UnitQty>
      <Quantity>1.00</Quantity>
      <bIsWeighted>0</bIsWeighted>
      <UnitOfMeasure>יחידה</UnitOfMeasure>
      <QtyInPackage>1</QtyInPackage>
      <ItemPrice>27.50</ItemPrice>
      <UnitOfMeasurePrice>27.50</UnitOfMeasurePrice>
      <AllowDiscount>1</AllowDiscount>
      <ItemStatus>1</ItemStatus>
    </Item>
    <Item>
      <PriceUpdateDate>2025-05-27 09:09</PriceUpdateDate>
      <ItemCode>7290016829815</ItemCode>
      <ItemType>1</ItemType>
      <ItemName>מברשת מטקה מטלי שחור</ItemName>
      <ManufacturerName>JK</ManufacturerName>
      <ManufactureCountry>CN</ManufactureCountry>
      <ManufacturerItemDescription>מברשת מטקה מטלי שחור</ManufacturerItemDescription>
      <UnitQty>יחידה</UnitQty>
      <Quantity>1.00</Quantity>
      <bIsWeighted>0</bIsWeighted>
      <UnitOfMeasure>יחידה</UnitOfMeasure>
      <QtyInPackage>0</QtyInPackage>
      <ItemPrice>19.90</ItemPrice>
      <UnitOfMeasurePrice>19.90</UnitOfMeasurePrice>
      <AllowDiscount>1</AllowDiscount>
      <ItemStatus>1</ItemStatus>
    </Item>
    <Item>
      <PriceUpdateDate>2025-12-01 20:20</PriceUpdateDate>
      <ItemCode>7290016866674</ItemCode>
      <ItemType>1</ItemType>
      <ItemName>מ.ש.פרודונטקס מלבינה75מ</ItemName>
      <ManufacturerName>DE MICLEN</ManufacturerName>
      <ManufactureCountry>SK</ManufactureCountry>
      <ManufacturerItemDescription>מ.ש.פרודונטקס מלבינה75מ</ManufacturerItemDescription>
      <UnitQty>מיליליטרים</UnitQty>
      <Quantity>75.00</Quantity>
      <bIsWeighted>0</bIsWeighted>
      <UnitOfMeasure>100 מ"ל</UnitOfMeasure>
      <QtyInPackage>1</QtyInPackage>
      <ItemPrice>29.90</ItemPrice>
      <UnitOfMeasurePrice>39.87</UnitOfMeasurePrice>
      <AllowDiscount>1</AllowDiscount>
      <ItemStatus>1</ItemStatus>
    </Item>
    <Item>
      <PriceUpdateDate>2024-12-23 17:26</PriceUpdateDate>
      <ItemCode>7290016866704</ItemCode>
      <ItemType>1</ItemType>
      <ItemName>שמפו קרטין E סטייל750מ"ל</ItemName>
      <ManufacturerName>גורי</ManufacturerName>
      <ManufactureCountry>IL</ManufactureCountry>
      <ManufacturerItemDescription>שמפו קרטין E סטייל750מ"ל</ManufacturerItemDescription>
      <UnitQty>מיליליטרים</UnitQty>
      <Quantity>750.00</Quantity>
      <bIsWeighted>0</bIsWeighted>
      <UnitOfMeasure>100 מ"ל</UnitOfMeasure>
      <QtyInPackage>1</QtyInPackage>
      <ItemPrice>31.90</ItemPrice>
      <UnitOfMeasurePrice>4.25</UnitOfMeasurePrice>
      <AllowDiscount>1</AllowDiscount>
      <ItemStatus>1</ItemStatus>
    </Item>
    <Item>
      <PriceUpdateDate>2024-12-23 17:26</PriceUpdateDate>
      <ItemCode>7290017031811</ItemCode>
      <ItemType>1</ItemType>
      <ItemName>מברשות פרודונטקס 2 יח</ItemName>
      <ManufacturerName>L Co., Industrial Shummi</ManufacturerName>
      <ManufactureCountry>CN</ManufactureCountry>
      <ManufacturerItemDescription>מברשות פרודונטקס 2 יח</ManufacturerItemDescription>
      <UnitQty>יחידה</UnitQty>
      <Quantity>1.00</Quantity>
      <bIsWeighted>0</bIsWeighted>
      <UnitOfMeasure>יחידה</UnitOfMeasure>
      <QtyInPackage>1</QtyInPackage>
      <ItemPrice>30.90</ItemPrice>
      <UnitOfMeasurePrice>30.90</UnitOfMeasurePrice>
      <AllowDiscount>1</AllowDiscount>
      <ItemStatus>1</ItemStatus>
    </Item>
    <Item>
      <PriceUpdateDate>2025-06-08 16:07</PriceUpdateDate>
      <ItemCode>7290017088068</ItemCode>
      <ItemType>1</ItemType>
      <ItemName>42חיתולי בייביסיטר מידה4</ItemName>
      <ManufacturerName>די.פי.אל תעשיות מוצרים ח</ManufacturerName>
      <ManufactureCountry>IL</ManufactureCountry>
      <ManufacturerItemDescription>42חיתולי בייביסיטר מידה4</ManufacturerItemDescription>
      <UnitQty>יחידה</UnitQty>
      <Quantity>1.00</Quantity>
      <bIsWeighted>0</bIsWeighted>
      <UnitOfMeasure>יחידה</UnitOfMeasure>
      <QtyInPackage>1</QtyInPackage>
      <ItemPrice>32.90</ItemPrice>
      <UnitOfMeasurePrice>32.90</UnitOfMeasurePrice>
      <AllowDiscount>1</AllowDiscount>
      <ItemStatus>1</ItemStatus>
    </Item>
    <Item>
      <PriceUpdateDate>2025-06-08 16:07</PriceUpdateDate>
      <ItemCode>7290017088075</ItemCode>
      <ItemType>1</ItemType>
      <ItemName>40חיתול בייביסיטר מידה+4</ItemName>
      <ManufacturerName>די.פי.אל תעשיות מוצרים ח</ManufacturerName>
      <ManufactureCountry>IL</ManufactureCountry>
      <ManufacturerItemDescription>40חיתול בייביסיטר מידה4+</ManufacturerItemDescription>
      <UnitQty>יחידה</UnitQty>
      <Quantity>1.00</Quantity>
      <bIsWeighted>0</bIsWeighted>
      <UnitOfMeasure>יחידה</UnitOfMeasure>
      <QtyInPackage>1</QtyInPackage>
      <ItemPrice>32.90</ItemPrice>
      <UnitOfMeasurePrice>32.90</UnitOfMeasurePrice>
      <AllowDiscount>1</AllowDiscount>
      <ItemStatus>1</ItemStatus>
    </Item>
    <Item>
      <PriceUpdateDate>2025-06-08 16:07</PriceUpdateDate>
      <ItemCode>7290017088082</ItemCode>
      <ItemType>1</ItemType>
      <ItemName>36חיתול בייביסיטר  מידה5</ItemName>
      <ManufacturerName>די.פי.אל תעשיות מוצרים ח</ManufacturerName>
      <ManufactureCountry>IL</ManufactureCountry>
      <ManufacturerItemDescription>36חיתול בייביסיטר  מידה5</ManufacturerItemDescription>
      <UnitQty>יחידה</UnitQty>
      <Quantity>1.00</Quantity>
      <bIsWeighted>0</bIsWeighted>
      <UnitOfMeasure>יחידה</UnitOfMeasure>
      <QtyInPackage>1</QtyInPackage>
      <ItemPrice>32.90</ItemPrice>
      <UnitOfMeasurePrice>32.90</UnitOfMeasurePrice>
      <AllowDiscount>1</AllowDiscount>
      <ItemStatus>1</ItemStatus>
    </Item>
    <Item>
      <PriceUpdateDate>2025-06-08 16:07</PriceUpdateDate>
      <ItemCode>7290017088099</ItemCode>
      <ItemType>1</ItemType>
      <ItemName>30חיתולי בייביסיטר מידה6</ItemName>
      <ManufacturerName>די.פי.אל תעשיות מוצרים ח</ManufacturerName>
      <ManufactureCountry>IL</ManufactureCountry>
      <ManufacturerItemDescription>30חיתולי בייביסיטר מידה6</ManufacturerItemDescription>
      <UnitQty>יחידה</UnitQty>
      <Quantity>1.00</Quantity>
      <bIsWeighted>0</bIsWeighted>
      <UnitOfMeasure>יחידה</UnitOfMeasure>
      <QtyInPackage>1</QtyInPackage>
      <ItemPrice>32.90</ItemPrice>
      <UnitOfMeasurePrice>32.90</UnitOfMeasurePrice>
      <AllowDiscount>1</AllowDiscount>
      <ItemStatus>1</ItemStatus>
    </Item>
    <Item>
      <PriceUpdateDate>2025-01-01 10:06</PriceUpdateDate>
      <ItemCode>7290017088495</ItemCode>
      <ItemType>1</ItemType>
      <ItemName>טופ פד אקסטרה 20 יחידות</ItemName>
      <ManufacturerName>---</ManufacturerName>
      <ManufactureCountry>IT</ManufactureCountry>
      <ManufacturerItemDescription>טופ פד</ManufacturerItemDescription>
      <UnitQty>יחידה</UnitQty>
      <Quantity>1.00</Quantity>
      <bIsWeighted>0</bIsWeighted>
      <UnitOfMeasure>יחידה</UnitOfMeasure>
      <QtyInPackage>1</QtyInPackage>
      <ItemPrice>10.20</ItemPrice>
      <UnitOfMeasurePrice>10.20</UnitOfMeasurePrice>
      <AllowDiscount>1</AllowDiscount>
      <ItemStatus>1</ItemStatus>
    </Item>
    <Item>
      <PriceUpdateDate>2024-12-23 17:21</PriceUpdateDate>
      <ItemCode>7290017088822</ItemCode>
      <ItemType>1</ItemType>
      <ItemName>10 תחבושות לשתן אקסטרה</ItemName>
      <ManufacturerName>s.r.l EURFIL</ManufacturerName>
      <ManufactureCountry>IT</ManufactureCountry>
      <ManufacturerItemDescription>10 תחבושות לשתן אקסטרה</ManufacturerItemDescription>
      <UnitQty>יחידה</UnitQty>
      <Quantity>1.00</Quantity>
      <bIsWeighted>0</bIsWeighted>
      <UnitOfMeasure>יחידה</UnitOfMeasure>
      <QtyInPackage>1</QtyInPackage>
      <ItemPrice>19.50</ItemPrice>
      <UnitOfMeasurePrice>19.50</UnitOfMeasurePrice>
      <AllowDiscount>1</AllowDiscount>
      <ItemStatus>1</ItemStatus>
    </Item>
    <Item>
      <PriceUpdateDate>2024-12-23 17:21</PriceUpdateDate>
      <ItemCode>7290017088846</ItemCode>
      <ItemType>1</ItemType>
      <ItemName>8 תחבושות בריז לשתן מקסי</ItemName>
      <ManufacturerName>s.r.l EURFIL</ManufacturerName>
      <ManufactureCountry>IT</ManufactureCountry>
      <ManufacturerItemDescription>8 תחבושות בריז לשתן מקסי</ManufacturerItemDescription>
      <UnitQty>יחידה</UnitQty>
      <Quantity>1.00</Quantity>
      <bIsWeighted>0</bIsWeighted>
      <UnitOfMeasure>יחידה</UnitOfMeasure>
      <QtyInPackage>1</QtyInPackage>
      <ItemPrice>19.50</ItemPrice>
      <UnitOfMeasurePrice>19.50</UnitOfMeasurePrice>
      <AllowDiscount>1</AllowDiscount>
      <ItemStatus>1</ItemStatus>
    </Item>
    <Item>
      <PriceUpdateDate>2025-12-01 20:10</PriceUpdateDate>
      <ItemCode>7290017088860</ItemCode>
      <ItemType>1</ItemType>
      <ItemName>14 תחתונים לבריחת שתן L</ItemName>
      <ManufacturerName>s.r.l EURFIL</ManufacturerName>
      <ManufactureCountry>IT</ManufactureCountry>
      <ManufacturerItemDescription>14 תחתונים לבריחת שתן L</ManufacturerItemDescription>
      <UnitQty>יחידה</UnitQty>
      <Quantity>1.00</Quantity>
      <bIsWeighted>0</bIsWeighted>
      <UnitOfMeasure>יחידה</UnitOfMeasure>
      <QtyInPackage>1</QtyInPackage>
      <ItemPrice>72.90</ItemPrice>
      <UnitOfMeasurePrice>72.90</UnitOfMeasurePrice>
      <AllowDiscount>1</AllowDiscount>
      <ItemStatus>1</ItemStatus>
    </Item>
    <Item>
      <PriceUpdateDate>2025-12-01 20:10</PriceUpdateDate>
      <ItemCode>7290017088877</ItemCode>
      <ItemType>1</ItemType>
      <ItemName>14 תחתונים לבריחת שתן XL</ItemName>
      <ManufacturerName>s.r.l EURFIL</ManufacturerName>
      <ManufactureCountry>IT</ManufactureCountry>
      <ManufacturerItemDescription>14 תחתונים לבריחת שתן XL</ManufacturerItemDescription>
      <UnitQty>יחידה</UnitQty>
      <Quantity>1.00</Quantity>
      <bIsWeighted>0</bIsWeighted>
      <UnitOfMeasure>יחידה</UnitOfMeasure>
      <QtyInPackage>1</QtyInPackage>
      <ItemPrice>72.90</ItemPrice>
      <UnitOfMeasurePrice>72.90</UnitOfMeasurePrice>
      <AllowDiscount>1</AllowDiscount>
      <ItemStatus>1</ItemStatus>
    </Item>
    <Item>
      <PriceUpdateDate>2025-11-27 21:30</PriceUpdateDate>
      <ItemCode>7290017440798</ItemCode>
      <ItemType>1</ItemType>
      <ItemName>מרכך סילבר שיער כסוף400מ</ItemName>
      <ManufacturerName>פישר מעבדות פרמצבטיות בע</ManufacturerName>
      <ManufactureCountry>IL</ManufactureCountry>
      <ManufacturerItemDescription>מרכך סילבר שיער כסוף400מ</ManufacturerItemDescription>
      <UnitQty>מיליליטרים</UnitQty>
      <Quantity>400.00</Quantity>
      <bIsWeighted>0</bIsWeighted>
      <UnitOfMeasure>100 מ"ל</UnitOfMeasure>
      <QtyInPackage>1</QtyInPackage>
      <ItemPrice>19.90</ItemPrice>
      <UnitOfMeasurePrice>4.98</UnitOfMeasurePrice>
      <AllowDiscount>1</AllowDiscount>
      <ItemStatus>1</ItemStatus>
    </Item>
    <Item>
      <PriceUpdateDate>2024-12-23 17:43</PriceUpdateDate>
      <ItemCode>7290017457734</ItemCode>
      <ItemType>1</ItemType>
      <ItemName>מרכך מרוכז סוד ורוד900מל</ItemName>
      <ManufacturerName>---</ManufacturerName>
      <ManufactureCountry>IL</ManufactureCountry>
      <ManufacturerItemDescription>מרכך מרוכז סוד ורוד900מל</ManufacturerItemDescription>
      <UnitQty>מיליליטרים</UnitQty>
      <Quantity>900.00</Quantity>
      <bIsWeighted>0</bIsWeighted>
      <UnitOfMeasure>100 מ"ל</UnitOfMeasure>
      <QtyInPackage>1</QtyInPackage>
      <ItemPrice>16.90</ItemPrice>
      <UnitOfMeasurePrice>1.88</UnitOfMeasurePrice>
      <AllowDiscount>1</AllowDiscount>
      <ItemStatus>1</ItemStatus>
    </Item>
    <Item>
      <PriceUpdateDate>2025-01-01 10:06</PriceUpdateDate>
      <ItemCode>7290017637495</ItemCode>
      <ItemType>1</ItemType>
      <ItemName>MBתחליב רחצה ענבים600מ</ItemName>
      <ManufacturerName>סאסא קוסמטיקס</ManufacturerName>
      <ManufactureCountry>IL</ManufactureCountry>
      <ManufacturerItemDescription>MBתחליב רחצה ענבים600מ</ManufacturerItemDescription>
      <UnitQty>מיליליטרים</UnitQty>
      <Quantity>600.00</Quantity>
      <bIsWeighted>0</bIsWeighted>
      <UnitOfMeasure>100 מ"ל</UnitOfMeasure>
      <QtyInPackage>1</QtyInPackage>
      <ItemPrice>17.50</ItemPrice>
      <UnitOfMeasurePrice>2.92</UnitOfMeasurePrice>
      <AllowDiscount>1</AllowDiscount>
      <ItemStatus>1</ItemStatus>
    </Item>
    <Item>
      <PriceUpdateDate>2024-07-26 13:57</PriceUpdateDate>
      <ItemCode>7290017637556</ItemCode>
      <ItemType>1</ItemType>
      <ItemName>MB שמפו לשיער שמן500מ"ל</ItemName>
      <ManufacturerName>סאסא קוסמטיקס</ManufacturerName>
      <ManufactureCountry>IL</ManufactureCountry>
      <ManufacturerItemDescription>MB שמפו לשיער שמן500מ"ל</ManufacturerItemDescription>
      <UnitQty>מיליליטרים</UnitQty>
      <Quantity>500.00</Quantity>
      <bIsWeighted>0</bIsWeighted>
      <UnitOfMeasure>100 מ"ל</UnitOfMeasure>
      <QtyInPackage>1</QtyInPackage>
      <ItemPrice>29.90</ItemPrice>
      <UnitOfMeasurePrice>5.98</UnitOfMeasurePrice>
      <AllowDiscount>1</AllowDiscount>
      <ItemStatus>1</ItemStatus>
    </Item>
    <Item>
      <PriceUpdateDate>2024-12-23 17:26</PriceUpdateDate>
      <ItemCode>7290017637655</ItemCode>
      <ItemType>1</ItemType>
      <ItemName>שמפו קרטין ללא מלחים500מ</ItemName>
      <ManufacturerName>סאסא קוסמטיקס</ManufacturerName>
      <ManufactureCountry>IL</ManufactureCountry>
      <ManufacturerItemDescription>שמפו קרטין ללא מלחים500מ</ManufacturerItemDescription>
      <UnitQty>מיליליטרים</UnitQty>
      <Quantity>500.00</Quantity>
      <bIsWeighted>0</bIsWeighted>
      <UnitOfMeasure>100 מ"ל</UnitOfMeasure>
      <QtyInPackage>1</QtyInPackage>
      <ItemPrice>30.90</ItemPrice>
      <UnitOfMeasurePrice>6.18</UnitOfMeasurePrice>
      <AllowDiscount>1</AllowDiscount>
      <ItemStatus>1</ItemStatus>
    </Item>
    <Item>
      <PriceUpdateDate>2024-07-26 13:57</PriceUpdateDate>
      <ItemCode>7290017637679</ItemCode>
      <ItemType>1</ItemType>
      <ItemName>MB מרכך לגוון בלונד500מ</ItemName>
      <ManufacturerName>סאסא קוסמטיקס</ManufacturerName>
      <ManufactureCountry>IL</ManufactureCountry>
      <ManufacturerItemDescription>MB מרכך לגוון בלונד500מ</ManufacturerItemDescription>
      <UnitQty>מיליליטרים</UnitQty>
      <Quantity>500.00</Quantity>
      <bIsWeighted>0</bIsWeighted>
      <UnitOfMeasure>100 מ"ל</UnitOfMeasure>
      <QtyInPackage>1</QtyInPackage>
      <ItemPrice>29.90</ItemPrice>
      <UnitOfMeasurePrice>5.98</UnitOfMeasurePrice>
      <AllowDiscount>1</AllowDiscount>
      <ItemStatus>1</ItemStatus>
    </Item>
    <Item>
      <PriceUpdateDate>2024-07-26 13:57</PriceUpdateDate>
      <ItemCode>7290017637761</ItemCode>
      <ItemType>1</ItemType>
      <ItemName>מרכך קרטין ללא מלחים500מ</ItemName>
      <ManufacturerName>סאסא קוסמטיקס</ManufacturerName>
      <ManufactureCountry>IL</ManufactureCountry>
      <ManufacturerItemDescription>מרכך קרטין ללא מלחים500מ</ManufacturerItemDescription>
      <UnitQty>מיליליטרים</UnitQty>
      <Quantity>500.00</Quantity>
      <bIsWeighted>0</bIsWeighted>
      <UnitOfMeasure>100 מ"ל</UnitOfMeasure>
      <QtyInPackage>1</QtyInPackage>
      <ItemPrice>29.90</ItemPrice>
      <UnitOfMeasurePrice>5.98</UnitOfMeasurePrice>
      <AllowDiscount>1</AllowDiscount>
      <ItemStatus>1</ItemStatus>
    </Item>
    <Item>
      <PriceUpdateDate>2024-12-23 17:20</PriceUpdateDate>
      <ItemCode>7290017695044</ItemCode>
      <ItemType>1</ItemType>
      <ItemName>החלקה שיער ביתית קרטין</ItemName>
      <ManufacturerName>מיסטר בונד</ManufacturerName>
      <ManufactureCountry>IL</ManufactureCountry>
      <ManufacturerItemDescription>החלקה שיער ביתית קרטין</ManufacturerItemDescription>
      <UnitQty>יחידה</UnitQty>
      <Quantity>1.00</Quantity>
      <bIsWeighted>0</bIsWeighted>
      <UnitOfMeasure>יחידה</UnitOfMeasure>
      <QtyInPackage>1</QtyInPackage>
      <ItemPrice>194.90</ItemPrice>
      <UnitOfMeasurePrice>194.90</UnitOfMeasurePrice>
      <AllowDiscount>1</AllowDiscount>
      <ItemStatus>1</ItemStatus>
    </Item>
    <Item>
      <PriceUpdateDate>2024-12-23 17:20</PriceUpdateDate>
      <ItemCode>7290017695242</ItemCode>
      <ItemType>1</ItemType>
      <ItemName>שמפו ויטמינס אחר החלקה1ל</ItemName>
      <ManufacturerName>מיסטר בונד</ManufacturerName>
      <ManufactureCountry>IL</ManufactureCountry>
      <ManufacturerItemDescription>שמפו ויטמינס אחר החלקה1ל</ManufacturerItemDescription>
      <UnitQty>ליטרים</UnitQty>
      <Quantity>1.00</Quantity>
      <bIsWeighted>0</bIsWeighted>
      <UnitOfMeasure>ליטר</UnitOfMeasure>
      <QtyInPackage>1</QtyInPackage>
      <ItemPrice>46.90</ItemPrice>
      <UnitOfMeasurePrice>46.90</UnitOfMeasurePrice>
      <AllowDiscount>1</AllowDiscount>
      <ItemStatus>1</ItemStatus>
    </Item>
    <Item>
      <PriceUpdateDate>2024-12-23 17:26</PriceUpdateDate>
      <ItemCode>7290017695259</ItemCode>
      <ItemType>1</ItemType>
      <ItemName>מסכה לשיער ויטמינס 500מל</ItemName>
      <ManufacturerName>מיסטר בונד</ManufacturerName>
      <ManufactureCountry>IL</ManufactureCountry>
      <ManufacturerItemDescription>מסכה לשיער ויטמינס 500מל</ManufacturerItemDescription>
      <UnitQty>מיליליטרים</UnitQty>
      <Quantity>500.00</Quantity>
      <bIsWeighted>0</bIsWeighted>
      <UnitOfMeasure>100 מ"ל</UnitOfMeasure>
      <QtyInPackage>1</QtyInPackage>
      <ItemPrice>46.50</ItemPrice>
      <UnitOfMeasurePrice>9.30</UnitOfMeasurePrice>
      <AllowDiscount>1</AllowDiscount>
      <ItemStatus>1</ItemStatus>
    </Item>
    <Item>
      <PriceUpdateDate>2024-12-23 17:20</PriceUpdateDate>
      <ItemCode>7290017695280</ItemCode>
      <ItemType>1</ItemType>
      <ItemName>מרכך שיער ויטמינס 1 ליטר</ItemName>
      <ManufacturerName>מיסטר בונד</ManufacturerName>
      <ManufactureCountry>IL</ManufactureCountry>
      <ManufacturerItemDescription>מרכך שיער ויטמינס 1 ליטר</ManufacturerItemDescription>
      <UnitQty>ליטרים</UnitQty>
      <Quantity>1.00</Quantity>
      <bIsWeighted>0</bIsWeighted>
      <UnitOfMeasure>ליטר</UnitOfMeasure>
      <QtyInPackage>1</QtyInPackage>
      <ItemPrice>46.90</ItemPrice>
      <UnitOfMeasurePrice>46.90</UnitOfMeasurePrice>
      <AllowDiscount>1</AllowDiscount>
      <ItemStatus>1</ItemStatus>
    </Item>
    <Item>
      <PriceUpdateDate>2024-12-23 17:21</PriceUpdateDate>
      <ItemCode>7290017833941</ItemCode>
      <ItemType>1</ItemType>
      <ItemName>וולווט אינטנס אדפ 75מל</ItemName>
      <ManufacturerName>ספרינג אווירה וריח בע"מ</ManufacturerName>
      <ManufactureCountry>IL</ManufactureCountry>
      <ManufacturerItemDescription>וולווט אינטנס אדפ 75מל</ManufacturerItemDescription>
      <UnitQty>מיליליטרים</UnitQty>
      <Quantity>75.00</Quantity>
      <bIsWeighted>0</bIsWeighted>
      <UnitOfMeasure>100 מ"ל</UnitOfMeasure>
      <QtyInPackage>1</QtyInPackage>
      <ItemPrice>151.90</ItemPrice>
      <UnitOfMeasurePrice>202.53</UnitOfMeasurePrice>
      <AllowDiscount>1</AllowDiscount>
      <ItemStatus>1</ItemStatus>
    </Item>
    <Item>
      <PriceUpdateDate>2024-12-23 17:26</PriceUpdateDate>
      <ItemCode>7290017872957</ItemCode>
      <ItemType>1</ItemType>
      <ItemName>מכשיר+סכין גילוח כתום</ItemName>
      <ManufacturerName>---</ManufacturerName>
      <ManufactureCountry>US</ManufactureCountry>
      <ManufacturerItemDescription>מכשיר+סכין גילוח כתום</ManufacturerItemDescription>
      <UnitQty>יחידה</UnitQty>
      <Quantity>1.00</Quantity>
      <bIsWeighted>0</bIsWeighted>
      <UnitOfMeasure>יחידה</UnitOfMeasure>
      <QtyInPackage>1</QtyInPackage>
      <ItemPrice>71.90</ItemPrice>
      <UnitOfMeasurePrice>71.90</UnitOfMeasurePrice>
      <AllowDiscount>1</AllowDiscount>
      <ItemStatus>1</ItemStatus>
    </Item>
    <Item>
      <PriceUpdateDate>2024-12-23 17:26</PriceUpdateDate>
      <ItemCode>7290017873350</ItemCode>
      <ItemType>1</ItemType>
      <ItemName>קרם יד.פנג'ל אינטנסיב100</ItemName>
      <ManufacturerName>דנלוג אינטרקוסמא בע"\מ</ManufacturerName>
      <ManufactureCountry>IL</ManufactureCountry>
      <ManufacturerItemDescription>קרם יד.פנגל אינטנסיב100</ManufacturerItemDescription>
      <UnitQty>מיליליטרים</UnitQty>
      <Quantity>100.00</Quantity>
      <bIsWeighted>0</bIsWeighted>
      <UnitOfMeasure>100 מ"ל</UnitOfMeasure>
      <QtyInPackage>1</QtyInPackage>
      <ItemPrice>14.20</ItemPrice>
      <UnitOfMeasurePrice>14.20</UnitOfMeasurePrice>
      <AllowDiscount>1</AllowDiscount>
      <ItemStatus>1</ItemStatus>
    </Item>
    <Item>
      <PriceUpdateDate>2025-05-09 12:16</PriceUpdateDate>
      <ItemCode>7290017917399</ItemCode>
      <ItemType>1</ItemType>
      <ItemName>מגבוני תפרחת קמיל בלו</ItemName>
      <ManufacturerName>---</ManufacturerName>
      <ManufactureCountry>IL</ManufactureCountry>
      <ManufacturerItemDescription>מגבוני תפרחת קמיל בלו</ManufacturerItemDescription>
      <UnitQty>יחידה</UnitQty>
      <Quantity>1.00</Quantity>
      <bIsWeighted>0</bIsWeighted>
      <UnitOfMeasure>יחידה</UnitOfMeasure>
      <QtyInPackage>1</QtyInPackage>
      <ItemPrice>15.00</ItemPrice>
      <UnitOfMeasurePrice>15.00</UnitOfMeasurePrice>
      <AllowDiscount>1</AllowDiscount>
      <ItemStatus>1</ItemStatus>
    </Item>
    <Item>
      <PriceUpdateDate>2025-10-16 11:11</PriceUpdateDate>
      <ItemCode>7290017917467</ItemCode>
      <ItemType>1</ItemType>
      <ItemName>א.סבון ש. שועל קמיל1ליטר</ItemName>
      <ManufacturerName>פישר תעשיות פרמצבטיות בע</ManufacturerName>
      <ManufactureCountry>IL</ManufactureCountry>
      <ManufacturerItemDescription>א.סבון ש. שועל קמיל1ליטר</ManufacturerItemDescription>
      <UnitQty>ליטרים</UnitQty>
      <Quantity>1.00</Quantity>
      <bIsWeighted>0</bIsWeighted>
      <UnitOfMeasure>ליטר</UnitOfMeasure>
      <QtyInPackage>1</QtyInPackage>
      <ItemPrice>31.90</ItemPrice>
      <UnitOfMeasurePrice>31.90</UnitOfMeasurePrice>
      <AllowDiscount>1</AllowDiscount>
      <ItemStatus>1</ItemStatus>
    </Item>
    <Item>
      <PriceUpdateDate>2025-11-27 21:40</PriceUpdateDate>
      <ItemCode>7290017917566</ItemCode>
      <ItemType>1</ItemType>
      <ItemName>שמפו לשיער כסוף 400 מ"ל</ItemName>
      <ManufacturerName>פישר מעבדות פרמצבטיות בע</ManufacturerName>
      <ManufactureCountry>IL</ManufactureCountry>
      <ManufacturerItemDescription>שמפו לשיער כסוף 400 מ"ל</ManufacturerItemDescription>
      <UnitQty>מיליליטרים</UnitQty>
      <Quantity>400.00</Quantity>
      <bIsWeighted>0</bIsWeighted>
      <UnitOfMeasure>100 מ"ל</UnitOfMeasure>
      <QtyInPackage>1</QtyInPackage>
      <ItemPrice>24.90</ItemPrice>
      <UnitOfMeasurePrice>6.23</UnitOfMeasurePrice>
      <AllowDiscount>1</AllowDiscount>
      <ItemStatus>1</ItemStatus>
    </Item>
    <Item>
      <PriceUpdateDate>2024-12-23 17:26</PriceUpdateDate>
      <ItemCode>7290017917986</ItemCode>
      <ItemType>1</ItemType>
      <ItemName>אולטרסול תח.גוףSPF50+ 12</ItemName>
      <ManufacturerName>פישר מעבדות פרמצבטיות בע</ManufacturerName>
      <ManufactureCountry>IL</ManufactureCountry>
      <ManufacturerItemDescription>אולטרסול תח.גוףSPF50+ 12</ManufacturerItemDescription>
      <UnitQty>מיליליטרים</UnitQty>
      <Quantity>125.00</Quantity>
      <bIsWeighted>0</bIsWeighted>
      <UnitOfMeasure>100 מ"ל</UnitOfMeasure>
      <QtyInPackage>1</QtyInPackage>
      <ItemPrice>66.90</ItemPrice>
      <UnitOfMeasurePrice>53.52</UnitOfMeasurePrice>
      <AllowDiscount>1</AllowDiscount>
      <ItemStatus>1</ItemStatus>
    </Item>
    <Item>
      <PriceUpdateDate>2024-12-23 17:26</PriceUpdateDate>
      <ItemCode>7290017928821</ItemCode>
      <ItemType>1</ItemType>
      <ItemName>גריסיני קלאסי 200 גרם</ItemName>
      <ManufacturerName>מאיר את בייגל תעשיות בע"</ManufacturerName>
      <ManufactureCountry>IL</ManufactureCountry>
      <ManufacturerItemDescription>גריסיני קלאסי 200 גרם</ManufacturerItemDescription>
      <UnitQty>גרמים</UnitQty>
      <Quantity>200.00</Quantity>
      <bIsWeighted>0</bIsWeighted>
      <UnitOfMeasure>100 גרם</UnitOfMeasure>
      <QtyInPackage>1</QtyInPackage>
      <ItemPrice>12.90</ItemPrice>
      <UnitOfMeasurePrice>6.45</UnitOfMeasurePrice>
      <AllowDiscount>1</AllowDiscount>
      <ItemStatus>1</ItemStatus>
    </Item>
    <Item>
      <PriceUpdateDate>2025-01-01 10:05</PriceUpdateDate>
      <ItemCode>7290018028858</ItemCode>
      <ItemType>1</ItemType>
      <ItemName>אציטון 100% 250 מ"ל</ItemName>
      <ManufacturerName>כללי</ManufacturerName>
      <ManufactureCountry>IL</ManufactureCountry>
      <ManufacturerItemDescription>אציטון 100% 250 מ"ל</ManufacturerItemDescription>
      <UnitQty>מיליליטרים</UnitQty>
      <Quantity>250.00</Quantity>
      <bIsWeighted>0</bIsWeighted>
      <UnitOfMeasure>100 מ"ל</UnitOfMeasure>
      <QtyInPackage>1</QtyInPackage>
      <ItemPrice>13.20</ItemPrice>
      <UnitOfMeasurePrice>5.28</UnitOfMeasurePrice>
      <AllowDiscount>1</AllowDiscount>
      <ItemStatus>1</ItemStatus>
    </Item>
    <Item>
      <PriceUpdateDate>2024-12-23 17:17</PriceUpdateDate>
      <ItemCode>7290018043134</ItemCode>
      <ItemType>1</ItemType>
      <ItemName>אול אין שוק.לבן עוגיות60</ItemName>
      <ManufacturerName>Hearthside</ManufacturerName>
      <ManufactureCountry>NL</ManufactureCountry>
      <ManufacturerItemDescription>אול אין שוק.לבן עוגיות60</ManufacturerItemDescription>
      <UnitQty>גרמים</UnitQty>
      <Quantity>60.00</Quantity>
      <bIsWeighted>0</bIsWeighted>
      <UnitOfMeasure>100 גרם</UnitOfMeasure>
      <QtyInPackage>1</QtyInPackage>
      <ItemPrice>16.50</ItemPrice>
      <UnitOfMeasurePrice>27.50</UnitOfMeasurePrice>
      <AllowDiscount>1</AllowDiscount>
      <ItemStatus>1</ItemStatus>
    </Item>
    <Item>
      <PriceUpdateDate>2025-07-23 12:56</PriceUpdateDate>
      <ItemCode>7290018080276</ItemCode>
      <ItemType>1</ItemType>
      <ItemName>רפידות הנקה 60 יח</ItemName>
      <ManufacturerName>מאמי קר</ManufacturerName>
      <ManufactureCountry>IL</ManufactureCountry>
      <ManufacturerItemDescription>רפידות הנקה 60 יח</ManufacturerItemDescription>
      <UnitQty>יחידה</UnitQty>
      <Quantity>1.00</Quantity>
      <bIsWeighted>0</bIsWeighted>
      <UnitOfMeasure>יחידה</UnitOfMeasure>
      <QtyInPackage>1</QtyInPackage>
      <ItemPrice>67.90</ItemPrice>
      <UnitOfMeasurePrice>67.90</UnitOfMeasurePrice>
      <AllowDiscount>1</AllowDiscount>
      <ItemStatus>1</ItemStatus>
    </Item>
    <Item>
      <PriceUpdateDate>2024-12-23 17:26</PriceUpdateDate>
      <ItemCode>7290018080900</ItemCode>
      <ItemType>1</ItemType>
      <ItemName>סינרים חד פעמיים לתינוק</ItemName>
      <ManufacturerName>CARE DAILYS</ManufacturerName>
      <ManufactureCountry>CN</ManufactureCountry>
      <ManufacturerItemDescription>סינרים חד פעמיים</ManufacturerItemDescription>
      <UnitQty>יחידה</UnitQty>
      <Quantity>1.00</Quantity>
      <bIsWeighted>0</bIsWeighted>
      <UnitOfMeasure>יחידה</UnitOfMeasure>
      <QtyInPackage>1</QtyInPackage>
      <ItemPrice>25.60</ItemPrice>
      <UnitOfMeasurePrice>25.60</UnitOfMeasurePrice>
      <AllowDiscount>1</AllowDiscount>
      <ItemStatus>1</ItemStatus>
    </Item>
    <Item>
      <PriceUpdateDate>2025-01-01 10:06</PriceUpdateDate>
      <ItemCode>7290018124048</ItemCode>
      <ItemType>1</ItemType>
      <ItemName>מבשם שיער 50 מ"ל</ItemName>
      <ManufacturerName>קשמיר</ManufacturerName>
      <ManufactureCountry>IL</ManufactureCountry>
      <ManufacturerItemDescription>מבשם שיער 50 מ"ל</ManufacturerItemDescription>
      <UnitQty>מיליליטרים</UnitQty>
      <Quantity>50.00</Quantity>
      <bIsWeighted>0</bIsWeighted>
      <UnitOfMeasure>100 מ"ל</UnitOfMeasure>
      <QtyInPackage>0</QtyInPackage>
      <ItemPrice>141.00</ItemPrice>
      <UnitOfMeasurePrice>282.00</UnitOfMeasurePrice>
      <AllowDiscount>1</AllowDiscount>
      <ItemStatus>1</ItemStatus>
    </Item>
    <Item>
      <PriceUpdateDate>2025-01-01 10:06</PriceUpdateDate>
      <ItemCode>7290018124321</ItemCode>
      <ItemType>1</ItemType>
      <ItemName>סרום רד פייבר 120 מ"ל</ItemName>
      <ManufacturerName>קשמיר</ManufacturerName>
      <ManufactureCountry>IL</ManufactureCountry>
      <ManufacturerItemDescription>סרום רד פייבר 120 מ"ל</ManufacturerItemDescription>
      <UnitQty>מיליליטרים</UnitQty>
      <Quantity>120.00</Quantity>
      <bIsWeighted>0</bIsWeighted>
      <UnitOfMeasure>100 מ"ל</UnitOfMeasure>
      <QtyInPackage>1</QtyInPackage>
      <ItemPrice>122.00</ItemPrice>
      <UnitOfMeasurePrice>101.67</UnitOfMeasurePrice>
      <AllowDiscount>1</AllowDiscount>
      <ItemStatus>1</ItemStatus>
    </Item>
    <Item>
      <PriceUpdateDate>2025-01-01 10:06</PriceUpdateDate>
      <ItemCode>7290018124680</ItemCode>
      <ItemType>1</ItemType>
      <ItemName>שמפו רד פייבר 750 מ"ל</ItemName>
      <ManufacturerName>קשמיר</ManufacturerName>
      <ManufactureCountry>IL</ManufactureCountry>
      <ManufacturerItemDescription>שמפו רד פייבר 750 מ"ל</ManufacturerItemDescription>
      <UnitQty>מיליליטרים</UnitQty>
      <Quantity>750.00</Quantity>
      <bIsWeighted>0</bIsWeighted>
      <UnitOfMeasure>100 מ"ל</UnitOfMeasure>
      <QtyInPackage>1</QtyInPackage>
      <ItemPrice>102.00</ItemPrice>
      <UnitOfMeasurePrice>13.60</UnitOfMeasurePrice>
      <AllowDiscount>1</AllowDiscount>
      <ItemStatus>1</ItemStatus>
    </Item>
    <Item>
      <PriceUpdateDate>2024-08-30 05:40</PriceUpdateDate>
      <ItemCode>7290018124741</ItemCode>
      <ItemType>1</ItemType>
      <ItemName>מסיכה רד פייבר 500 מ"ל</ItemName>
      <ManufacturerName>קשמיר</ManufacturerName>
      <ManufactureCountry>IL</ManufactureCountry>
      <ManufacturerItemDescription>מסיכה רד פייבר 500 מ"ל</ManufacturerItemDescription>
      <UnitQty>מיליליטרים</UnitQty>
      <Quantity>500.00</Quantity>
      <bIsWeighted>0</bIsWeighted>
      <UnitOfMeasure>100 מ"ל</UnitOfMeasure>
      <QtyInPackage>1</QtyInPackage>
      <ItemPrice>119.90</ItemPrice>
      <UnitOfMeasurePrice>23.98</UnitOfMeasurePrice>
      <AllowDiscount>1</AllowDiscount>
      <ItemStatus>1</ItemStatus>
    </Item>
    <Item>
      <PriceUpdateDate>2024-12-23 17:21</PriceUpdateDate>
      <ItemCode>7290018124802</ItemCode>
      <ItemType>1</ItemType>
      <ItemName>שמפו 750 מ"ל</ItemName>
      <ManufacturerName>קשמיר</ManufacturerName>
      <ManufactureCountry>IL</ManufactureCountry>
      <ManufacturerItemDescription>שמפו הוט קוטור</ManufacturerItemDescription>
      <UnitQty>מיליליטרים</UnitQty>
      <Quantity>750.00</Quantity>
      <bIsWeighted>0</bIsWeighted>
      <UnitOfMeasure>100 מ"ל</UnitOfMeasure>
      <QtyInPackage>0</QtyInPackage>
      <ItemPrice>127.50</ItemPrice>
      <UnitOfMeasurePrice>17.00</UnitOfMeasurePrice>
      <AllowDiscount>1</AllowDiscount>
      <ItemStatus>1</ItemStatus>
    </Item>
    <Item>
      <PriceUpdateDate>2025-05-09 12:16</PriceUpdateDate>
      <ItemCode>7290018132340</ItemCode>
      <ItemType>1</ItemType>
      <ItemName>מטרנה גולד שלב 1 700 גרם</ItemName>
      <ManufacturerName>מטרנה תעשיות ש.מ</ManufacturerName>
      <ManufactureCountry>IL</ManufactureCountry>
      <ManufacturerItemDescription>מטרנה גולד שלב 1 700 גרם</ManufacturerItemDescription>
      <UnitQty>גרמים</UnitQty>
      <Quantity>700.00</Quantity>
      <bIsWeighted>0</bIsWeighted>
      <UnitOfMeasure>100 גרם</UnitOfMeasure>
      <QtyInPackage>1</QtyInPackage>
      <ItemPrice>72.90</ItemPrice>
      <UnitOfMeasurePrice>10.41</UnitOfMeasurePrice>
      <AllowDiscount>1</AllowDiscount>
      <ItemStatus>1</ItemStatus>
    </Item>
    <Item>
      <PriceUpdateDate>2025-05-09 12:16</PriceUpdateDate>
      <ItemCode>7290018132388</ItemCode>
      <ItemType>1</ItemType>
      <ItemName>מטרנה גולד שלב 2 700 גרם</ItemName>
      <ManufacturerName>מטרנה תעשיות ש.מ</ManufacturerName>
      <ManufactureCountry>IL</ManufactureCountry>
      <ManufacturerItemDescription>מטרנה גולד שלב 2 700 גרם</ManufacturerItemDescription>
      <UnitQty>גרמים</UnitQty>
      <Quantity>700.00</Quantity>
      <bIsWeighted>0</bIsWeighted>
      <UnitOfMeasure>100 גרם</UnitOfMeasure>
      <QtyInPackage>1</QtyInPackage>
      <ItemPrice>72.90</ItemPrice>
      <UnitOfMeasurePrice>10.41</UnitOfMeasurePrice>
      <AllowDiscount>1</AllowDiscount>
      <ItemStatus>1</ItemStatus>
    </Item>
    <Item>
      <PriceUpdateDate>2025-05-09 12:16</PriceUpdateDate>
      <ItemCode>7290018132425</ItemCode>
      <ItemType>1</ItemType>
      <ItemName>מטרנה גולד שלב3 700ג בדץ</ItemName>
      <ManufacturerName>מטרנה תעשיות ש.מ</ManufacturerName>
      <ManufactureCountry>IL</ManufactureCountry>
      <ManufacturerItemDescription>מטרנה גולד שלב3 700ג בדץ</ManufacturerItemDescription>
      <UnitQty>גרמים</UnitQty>
      <Quantity>700.00</Quantity>
      <bIsWeighted>0</bIsWeighted>
      <UnitOfMeasure>100 גרם</UnitOfMeasure>
      <QtyInPackage>1</QtyInPackage>
      <ItemPrice>72.90</ItemPrice>
      <UnitOfMeasurePrice>10.41</UnitOfMeasurePrice>
      <AllowDiscount>1</AllowDiscount>
      <ItemStatus>1</ItemStatus>
    </Item>
    <Item>
      <PriceUpdateDate>2024-12-23 17:26</PriceUpdateDate>
      <ItemCode>7290018156445</ItemCode>
      <ItemType>1</ItemType>
      <ItemName>אולטרסול סטיק לתינוק14מ</ItemName>
      <ManufacturerName>---</ManufacturerName>
      <ManufactureCountry>IL</ManufactureCountry>
      <ManufacturerItemDescription>אולטרסול סטיק לתינוק14מ</ManufacturerItemDescription>
      <UnitQty>מיליליטרים</UnitQty>
      <Quantity>14.00</Quantity>
      <bIsWeighted>0</bIsWeighted>
      <UnitOfMeasure>100 מ"ל</UnitOfMeasure>
      <QtyInPackage>1</QtyInPackage>
      <ItemPrice>56.50</ItemPrice>
      <UnitOfMeasurePrice>403.57</UnitOfMeasurePrice>
      <AllowDiscount>1</AllowDiscount>
      <ItemStatus>1</ItemStatus>
    </Item>
    <Item>
      <PriceUpdateDate>2025-01-01 10:05</PriceUpdateDate>
      <ItemCode>7290018182239</ItemCode>
      <ItemType>1</ItemType>
      <ItemName>מארז גרדן אואזיס יח'</ItemName>
      <ManufacturerName>ניקנור</ManufacturerName>
      <ManufactureCountry>CN</ManufactureCountry>
      <ManufacturerItemDescription>מארז גרדן אואזיס</ManufacturerItemDescription>
      <UnitQty>יחידה</UnitQty>
      <Quantity>1.00</Quantity>
      <bIsWeighted>0</bIsWeighted>
      <UnitOfMeasure>יחידה</UnitOfMeasure>
      <QtyInPackage>1</QtyInPackage>
      <ItemPrice>68.90</ItemPrice>
      <UnitOfMeasurePrice>68.90</UnitOfMeasurePrice>
      <AllowDiscount>1</AllowDiscount>
      <ItemStatus>1</ItemStatus>
    </Item>
    <Item>
      <PriceUpdateDate>2024-12-23 17:46</PriceUpdateDate>
      <ItemCode>7290018182277</ItemCode>
      <ItemType>1</ItemType>
      <ItemName>מקלוני נייר שחור 200 יחי</ItemName>
      <ManufacturerName>---</ManufacturerName>
      <ManufactureCountry>CN</ManufactureCountry>
      <ManufacturerItemDescription>מקלוני נייר שחור</ManufacturerItemDescription>
      <UnitQty>יחידה</UnitQty>
      <Quantity>1.00</Quantity>
      <bIsWeighted>0</bIsWeighted>
      <UnitOfMeasure>יחידה</UnitOfMeasure>
      <QtyInPackage>1</QtyInPackage>
      <ItemPrice>10.20</ItemPrice>
      <UnitOfMeasurePrice>10.20</UnitOfMeasurePrice>
      <AllowDiscount>1</AllowDiscount>
      <ItemStatus>1</ItemStatus>
    </Item>
    <Item>
      <PriceUpdateDate>2024-12-23 17:46</PriceUpdateDate>
      <ItemCode>7290018182307</ItemCode>
      <ItemType>1</ItemType>
      <ItemName>מקלוני נייר לבן 200 יחיד</ItemName>
      <ManufacturerName>---</ManufacturerName>
      <ManufactureCountry>CN</ManufactureCountry>
      <ManufacturerItemDescription>מקלוני נייר לבן</ManufacturerItemDescription>
      <UnitQty>יחידה</UnitQty>
      <Quantity>1.00</Quantity>
      <bIsWeighted>0</bIsWeighted>
      <UnitOfMeasure>יחידה</UnitOfMeasure>
      <QtyInPackage>1</QtyInPackage>
      <ItemPrice>10.20</ItemPrice>
      <UnitOfMeasurePrice>10.20</UnitOfMeasurePrice>
      <AllowDiscount>1</AllowDiscount>
      <ItemStatus>1</ItemStatus>
    </Item>
    <Item>
      <PriceUpdateDate>2025-01-01 10:05</PriceUpdateDate>
      <ItemCode>7290018182383</ItemCode>
      <ItemType>1</ItemType>
      <ItemName>מארז בקבוקי לבבות יח</ItemName>
      <ManufacturerName>ניקנור</ManufacturerName>
      <ManufactureCountry>CN</ManufactureCountry>
      <ManufacturerItemDescription>מארז בקבוקי לבבות יח</ManufacturerItemDescription>
      <UnitQty>יחידה</UnitQty>
      <Quantity>1.00</Quantity>
      <bIsWeighted>0</bIsWeighted>
      <UnitOfMeasure>יחידה</UnitOfMeasure>
      <QtyInPackage>1</QtyInPackage>
      <ItemPrice>40.90</ItemPrice>
      <UnitOfMeasurePrice>40.90</UnitOfMeasurePrice>
      <AllowDiscount>1</AllowDiscount>
      <ItemStatus>1</ItemStatus>
    </Item>
    <Item>
      <PriceUpdateDate>2025-01-01 10:05</PriceUpdateDate>
      <ItemCode>7290018182390</ItemCode>
      <ItemType>1</ItemType>
      <ItemName>מארז נעל לבבות יח</ItemName>
      <ManufacturerName>ניקנור</ManufacturerName>
      <ManufactureCountry>CN</ManufactureCountry>
      <ManufacturerItemDescription>מארז נעל לבבות יח</ManufacturerItemDescription>
      <UnitQty>יחידה</UnitQty>
      <Quantity>1.00</Quantity>
      <bIsWeighted>0</bIsWeighted>
      <UnitOfMeasure>יחידה</UnitOfMeasure>
      <QtyInPackage>1</QtyInPackage>
      <ItemPrice>40.90</ItemPrice>
      <UnitOfMeasurePrice>40.90</UnitOfMeasurePrice>
      <AllowDiscount>1</AllowDiscount>
      <ItemStatus>1</ItemStatus>
    </Item>
    <Item>
      <PriceUpdateDate>2024-12-23 17:26</PriceUpdateDate>
      <ItemCode>7290018182888</ItemCode>
      <ItemType>1</ItemType>
      <ItemName>קיסמי מברשות רכים מגומי</ItemName>
      <ManufacturerName>כללי</ManufacturerName>
      <ManufactureCountry>IL</ManufactureCountry>
      <ManufacturerItemDescription>קיסמי מברשות גומ</ManufacturerItemDescription>
      <UnitQty>יחידה</UnitQty>
      <Quantity>1.00</Quantity>
      <bIsWeighted>0</bIsWeighted>
      <UnitOfMeasure>יחידה</UnitOfMeasure>
      <QtyInPackage>1</QtyInPackage>
      <ItemPrice>20.50</ItemPrice>
      <UnitOfMeasurePrice>20.50</UnitOfMeasurePrice>
      <AllowDiscount>1</AllowDiscount>
      <ItemStatus>1</ItemStatus>
    </Item>
    <Item>
      <PriceUpdateDate>2025-01-01 10:05</PriceUpdateDate>
      <ItemCode>7290018182932</ItemCode>
      <ItemType>1</ItemType>
      <ItemName>מארז מהודר לגבר 3 פריטים</ItemName>
      <ManufacturerName>נטור קארינג</ManufacturerName>
      <ManufactureCountry>CN</ManufactureCountry>
      <ManufacturerItemDescription>מארז מהודר לגבר 3 פריטים</ManufacturerItemDescription>
      <UnitQty>יחידה</UnitQty>
      <Quantity>1.00</Quantity>
      <bIsWeighted>0</bIsWeighted>
      <UnitOfMeasure>יחידה</UnitOfMeasure>
      <QtyInPackage>1</QtyInPackage>
      <ItemPrice>56.50</ItemPrice>
      <UnitOfMeasurePrice>56.50</UnitOfMeasurePrice>
      <AllowDiscount>1</AllowDiscount>
      <ItemStatus>1</ItemStatus>
    </Item>
    <Item>
      <PriceUpdateDate>2025-01-01 10:06</PriceUpdateDate>
      <ItemCode>7290018183823</ItemCode>
      <ItemType>1</ItemType>
      <ItemName>ספוג רחצה מפנק .</ItemName>
      <ManufacturerName>כללי</ManufacturerName>
      <ManufactureCountry>IL</ManufactureCountry>
      <ManufacturerItemDescription>ספוג רחצה מפנק .</ManufacturerItemDescription>
      <UnitQty>יחידה</UnitQty>
      <Quantity>1.00</Quantity>
      <bIsWeighted>0</bIsWeighted>
      <UnitOfMeasure>יחידה</UnitOfMeasure>
      <QtyInPackage>1</QtyInPackage>
      <ItemPrice>12.20</ItemPrice>
      <UnitOfMeasurePrice>12.20</UnitOfMeasurePrice>
      <AllowDiscount>1</AllowDiscount>
      <ItemStatus>1</ItemStatus>
    </Item>
    <Item>
      <PriceUpdateDate>2024-12-23 17:26</PriceUpdateDate>
      <ItemCode>7290018292549</ItemCode>
      <ItemType>1</ItemType>
      <ItemName>מסיכת שיער ללא שטיפה250מ</ItemName>
      <ManufacturerName>ארגניה יצור ושיווק</ManufacturerName>
      <ManufactureCountry>IL</ManufactureCountry>
      <ManufacturerItemDescription>מסיכה לשיער ללא</ManufacturerItemDescription>
      <UnitQty>מיליליטרים</UnitQty>
      <Quantity>250.00</Quantity>
      <bIsWeighted>0</bIsWeighted>
      <UnitOfMeasure>100 מ"ל</UnitOfMeasure>
      <QtyInPackage>1</QtyInPackage>
      <ItemPrice>51.50</ItemPrice>
      <UnitOfMeasurePrice>20.60</UnitOfMeasurePrice>
      <AllowDiscount>1</AllowDiscount>
      <ItemStatus>1</ItemStatus>
    </Item>
    <Item>
      <PriceUpdateDate>2023-02-06 12:48</PriceUpdateDate>
      <ItemCode>7290018292556</ItemCode>
      <ItemType>1</ItemType>
      <ItemName>קרם לחות לשיער400מל</ItemName>
      <ManufacturerName>ארגניה יצור ושיווק</ManufacturerName>
      <ManufactureCountry>IL</ManufactureCountry>
      <ManufacturerItemDescription>קרם לחות לשיער</ManufacturerItemDescription>
      <UnitQty>מיליליטרים</UnitQty>
      <Quantity>400.00</Quantity>
      <bIsWeighted>0</bIsWeighted>
      <UnitOfMeasure>100 מ"ל</UnitOfMeasure>
      <QtyInPackage>1</QtyInPackage>
      <ItemPrice>49.90</ItemPrice>
      <UnitOfMeasurePrice>12.48</UnitOfMeasurePrice>
      <AllowDiscount>1</AllowDiscount>
      <ItemStatus>1</ItemStatus>
    </Item>
    <Item>
      <PriceUpdateDate>2025-01-01 10:06</PriceUpdateDate>
      <ItemCode>7290018343296</ItemCode>
      <ItemType>1</ItemType>
      <ItemName>אלכוג'ל 100 מ"ל</ItemName>
      <ManufacturerName>---</ManufacturerName>
      <ManufactureCountry>IL</ManufactureCountry>
      <ManufacturerItemDescription>אלכוגל 100 מ"ל</ManufacturerItemDescription>
      <UnitQty>מיליליטרים</UnitQty>
      <Quantity>100.00</Quantity>
      <bIsWeighted>0</bIsWeighted>
      <UnitOfMeasure>100 מ"ל</UnitOfMeasure>
      <QtyInPackage>1</QtyInPackage>
      <ItemPrice>11.20</ItemPrice>
      <UnitOfMeasurePrice>11.20</UnitOfMeasurePrice>
      <AllowDiscount>1</AllowDiscount>
      <ItemStatus>1</ItemStatus>
    </Item>
    <Item>
      <PriceUpdateDate>2025-11-27 21:40</PriceUpdateDate>
      <ItemCode>7290018343364</ItemCode>
      <ItemType>1</ItemType>
      <ItemName>מסכה לאחר החלקה 300 מ"ל</ItemName>
      <ManufacturerName>פישר מעבדות פרמצבטיות בע</ManufacturerName>
      <ManufactureCountry>IL</ManufactureCountry>
      <ManufacturerItemDescription>מסכה לאחר החלקה 300 מ"ל</ManufacturerItemDescription>
      <UnitQty>מיליליטרים</UnitQty>
      <Quantity>300.00</Quantity>
      <bIsWeighted>0</bIsWeighted>
      <UnitOfMeasure>100 מ"ל</UnitOfMeasure>
      <QtyInPackage>1</QtyInPackage>
      <ItemPrice>24.90</ItemPrice>
      <UnitOfMeasurePrice>8.30</UnitOfMeasurePrice>
      <AllowDiscount>1</AllowDiscount>
      <ItemStatus>1</ItemStatus>
    </Item>
    <Item>
      <PriceUpdateDate>2025-05-12 17:43</PriceUpdateDate>
      <ItemCode>7290018386538</ItemCode>
      <ItemType>1</ItemType>
      <ItemName>טפטפים פרסטי+פלואוריד20מ</ItemName>
      <ManufacturerName>כצט</ManufacturerName>
      <ManufactureCountry>IL</ManufactureCountry>
      <ManufacturerItemDescription>טפטפים פרסטי+ פ</ManufacturerItemDescription>
      <UnitQty>מיליליטרים</UnitQty>
      <Quantity>20.00</Quantity>
      <bIsWeighted>0</bIsWeighted>
      <UnitOfMeasure>100 מ"ל</UnitOfMeasure>
      <QtyInPackage>1</QtyInPackage>
      <ItemPrice>29.90</ItemPrice>
      <UnitOfMeasurePrice>149.50</UnitOfMeasurePrice>
      <AllowDiscount>1</AllowDiscount>
      <ItemStatus>1</ItemStatus>
    </Item>
    <Item>
      <PriceUpdateDate>2024-12-23 17:26</PriceUpdateDate>
      <ItemCode>7290018493076</ItemCode>
      <ItemType>1</ItemType>
      <ItemName>ק. דיים אפקטיב ארגןו100</ItemName>
      <ManufacturerName>פישר מעבדות פרמצבטיות בע</ManufacturerName>
      <ManufactureCountry>IL</ManufactureCountry>
      <ManufacturerItemDescription>ק.ידיים אפקטיב ארגן 100מ</ManufacturerItemDescription>
      <UnitQty>מיליליטרים</UnitQty>
      <Quantity>100.00</Quantity>
      <bIsWeighted>0</bIsWeighted>
      <UnitOfMeasure>100 מ"ל</UnitOfMeasure>
      <QtyInPackage>1</QtyInPackage>
      <ItemPrice>16.50</ItemPrice>
      <UnitOfMeasurePrice>16.50</UnitOfMeasurePrice>
      <AllowDiscount>1</AllowDiscount>
      <ItemStatus>1</ItemStatus>
    </Item>
    <Item>
      <PriceUpdateDate>2023-11-16 16:57</PriceUpdateDate>
      <ItemCode>7290018516324</ItemCode>
      <ItemType>1</ItemType>
      <ItemName>פרינוק פאוצ' ת"פ ושיב120</ItemName>
      <ManufacturerName>פרוטה פודיווין איי.אס</ManufacturerName>
      <ManufactureCountry>CZ</ManufactureCountry>
      <ManufacturerItemDescription>פרינוק פאוצ ת"פ ושיב120</ManufacturerItemDescription>
      <UnitQty>גרמים</UnitQty>
      <Quantity>120.00</Quantity>
      <bIsWeighted>0</bIsWeighted>
      <UnitOfMeasure>100 גרם</UnitOfMeasure>
      <QtyInPackage>1</QtyInPackage>
      <ItemPrice>6.90</ItemPrice>
      <UnitOfMeasurePrice>5.75</UnitOfMeasurePrice>
      <AllowDiscount>1</AllowDiscount>
      <ItemStatus>1</ItemStatus>
    </Item>
    <Item>
      <PriceUpdateDate>2024-12-23 17:17</PriceUpdateDate>
      <ItemCode>7290018703304</ItemCode>
      <ItemType>1</ItemType>
      <ItemName>אול אין קרם עוגיות60 גרם</ItemName>
      <ManufacturerName>Hearthside</ManufacturerName>
      <ManufactureCountry>NL</ManufactureCountry>
      <ManufacturerItemDescription>אול אין קרם עוגיות60 גרם</ManufacturerItemDescription>
      <UnitQty>גרמים</UnitQty>
      <Quantity>60.00</Quantity>
      <bIsWeighted>0</bIsWeighted>
      <UnitOfMeasure>100 גרם</UnitOfMeasure>
      <QtyInPackage>1</QtyInPackage>
      <ItemPrice>16.50</ItemPrice>
      <UnitOfMeasurePrice>27.50</UnitOfMeasurePrice>
      <AllowDiscount>1</AllowDiscount>
      <ItemStatus>1</ItemStatus>
    </Item>
    <Item>
      <PriceUpdateDate>2025-01-01 10:06</PriceUpdateDate>
      <ItemCode>7290018733059</ItemCode>
      <ItemType>1</ItemType>
      <ItemName>שמפו קרטין 125 מ"ל</ItemName>
      <ManufacturerName>ח.ויטמינס</ManufacturerName>
      <ManufactureCountry>IL</ManufactureCountry>
      <ManufacturerItemDescription>שמפו קרטין 125 מ"ל</ManufacturerItemDescription>
      <UnitQty>מיליליטרים</UnitQty>
      <Quantity>500.00</Quantity>
      <bIsWeighted>0</bIsWeighted>
      <UnitOfMeasure>100 מ"ל</UnitOfMeasure>
      <QtyInPackage>1</QtyInPackage>
      <ItemPrice>70.90</ItemPrice>
      <UnitOfMeasurePrice>14.18</UnitOfMeasurePrice>
      <AllowDiscount>1</AllowDiscount>
      <ItemStatus>1</ItemStatus>
    </Item>
    <Item>
      <PriceUpdateDate>2022-03-04 05:37</PriceUpdateDate>
      <ItemCode>7290018733301</ItemCode>
      <ItemType>1</ItemType>
      <ItemName>מסכה לשיער מתולתל 10 מ"ל</ItemName>
      <ManufacturerName>מיסטר בונד</ManufacturerName>
      <ManufactureCountry>IL</ManufactureCountry>
      <ManufacturerItemDescription>מסכה לשיער מתולת</ManufacturerItemDescription>
      <UnitQty>מיליליטרים</UnitQty>
      <Quantity>100.00</Quantity>
      <bIsWeighted>0</bIsWeighted>
      <UnitOfMeasure>100 מ"ל</UnitOfMeasure>
      <QtyInPackage>1</QtyInPackage>
      <ItemPrice>9.90</ItemPrice>
      <UnitOfMeasurePrice>9.90</UnitOfMeasurePrice>
      <AllowDiscount>1</AllowDiscount>
      <ItemStatus>1</ItemStatus>
    </Item>
    <Item>
      <PriceUpdateDate>2025-05-23 06:22</PriceUpdateDate>
      <ItemCode>7290018893722</ItemCode>
      <ItemType>1</ItemType>
      <ItemName>צ'וקטה בישקוטים 200 גרם</ItemName>
      <ManufacturerName>דניסטה</ManufacturerName>
      <ManufactureCountry>PT</ManufactureCountry>
      <ManufacturerItemDescription>צוקטה בישקוטים 200 גרם</ManufacturerItemDescription>
      <UnitQty>גרמים</UnitQty>
      <Quantity>200.00</Quantity>
      <bIsWeighted>0</bIsWeighted>
      <UnitOfMeasure>100 גרם</UnitOfMeasure>
      <QtyInPackage>1</QtyInPackage>
      <ItemPrice>8.90</ItemPrice>
      <UnitOfMeasurePrice>4.45</UnitOfMeasurePrice>
      <AllowDiscount>1</AllowDiscount>
      <ItemStatus>1</ItemStatus>
    </Item>
    <Item>
      <PriceUpdateDate>2024-12-23 17:21</PriceUpdateDate>
      <ItemCode>7290019014508</ItemCode>
      <ItemType>1</ItemType>
      <ItemName>מרכך כביסה אוריאנטל900מ</ItemName>
      <ManufacturerName>סאסאטק אגש"ח בע"מ</ManufacturerName>
      <ManufactureCountry>IL</ManufactureCountry>
      <ManufacturerItemDescription>מרכך כביסה אוריאנטל900מ</ManufacturerItemDescription>
      <UnitQty>מיליליטרים</UnitQty>
      <Quantity>900.00</Quantity>
      <bIsWeighted>0</bIsWeighted>
      <UnitOfMeasure>100 מ"ל</UnitOfMeasure>
      <QtyInPackage>1</QtyInPackage>
      <ItemPrice>20.90</ItemPrice>
      <UnitOfMeasurePrice>2.32</UnitOfMeasurePrice>
      <AllowDiscount>1</AllowDiscount>
      <ItemStatus>1</ItemStatus>
    </Item>
    <Item>
      <PriceUpdateDate>2024-12-23 17:21</PriceUpdateDate>
      <ItemCode>7290019014614</ItemCode>
      <ItemType>1</ItemType>
      <ItemName>מרכך כביסה בלו 900 מ"ל</ItemName>
      <ManufacturerName>סאסאטק אגש"ח בע"מ</ManufacturerName>
      <ManufactureCountry>IL</ManufactureCountry>
      <ManufacturerItemDescription>מרכך כביסה בלו 900 מ"ל</ManufacturerItemDescription>
      <UnitQty>מיליליטרים</UnitQty>
      <Quantity>900.00</Quantity>
      <bIsWeighted>0</bIsWeighted>
      <UnitOfMeasure>100 מ"ל</UnitOfMeasure>
      <QtyInPackage>1</QtyInPackage>
      <ItemPrice>20.90</ItemPrice>
      <UnitOfMeasurePrice>2.32</UnitOfMeasurePrice>
      <AllowDiscount>1</AllowDiscount>
      <ItemStatus>1</ItemStatus>
    </Item>
    <Item>
      <PriceUpdateDate>2024-12-23 17:21</PriceUpdateDate>
      <ItemCode>7290019014638</ItemCode>
      <ItemType>1</ItemType>
      <ItemName>מרכך כביסה פרש וויט 900</ItemName>
      <ManufacturerName>סאסאטק אגש"ח בע"מ</ManufacturerName>
      <ManufactureCountry>IL</ManufactureCountry>
      <ManufacturerItemDescription>מרכך כביסה פרש וויט 900</ManufacturerItemDescription>
      <UnitQty>מיליליטרים</UnitQty>
      <Quantity>900.00</Quantity>
      <bIsWeighted>0</bIsWeighted>
      <UnitOfMeasure>100 מ"ל</UnitOfMeasure>
      <QtyInPackage>1</QtyInPackage>
      <ItemPrice>20.90</ItemPrice>
      <UnitOfMeasurePrice>2.32</UnitOfMeasurePrice>
      <AllowDiscount>1</AllowDiscount>
      <ItemStatus>1</ItemStatus>
    </Item>
    <Item>
      <PriceUpdateDate>2024-12-23 17:21</PriceUpdateDate>
      <ItemCode>7290019014652</ItemCode>
      <ItemType>1</ItemType>
      <ItemName>מרכך כביסה בייבי לאב900מ</ItemName>
      <ManufacturerName>סאסאטק אגש"ח בע"מ</ManufacturerName>
      <ManufactureCountry>IL</ManufactureCountry>
      <ManufacturerItemDescription>מרכך כביסה בייבי לאב900מ</ManufacturerItemDescription>
      <UnitQty>מיליליטרים</UnitQty>
      <Quantity>900.00</Quantity>
      <bIsWeighted>0</bIsWeighted>
      <UnitOfMeasure>100 מ"ל</UnitOfMeasure>
      <QtyInPackage>1</QtyInPackage>
      <ItemPrice>25.90</ItemPrice>
      <UnitOfMeasurePrice>2.88</UnitOfMeasurePrice>
      <AllowDiscount>1</AllowDiscount>
      <ItemStatus>1</ItemStatus>
    </Item>
    <Item>
      <PriceUpdateDate>2024-12-23 17:26</PriceUpdateDate>
      <ItemCode>7290019014744</ItemCode>
      <ItemType>1</ItemType>
      <ItemName>מרסס חלונות פרש וויט750מ</ItemName>
      <ManufacturerName>סאסאטק אגש"ח בע"מ</ManufacturerName>
      <ManufactureCountry>IL</ManufactureCountry>
      <ManufacturerItemDescription>מרסס חלונות פרש וויט750מ</ManufacturerItemDescription>
      <UnitQty>מיליליטרים</UnitQty>
      <Quantity>750.00</Quantity>
      <bIsWeighted>0</bIsWeighted>
      <UnitOfMeasure>100 מ"ל</UnitOfMeasure>
      <QtyInPackage>1</QtyInPackage>
      <ItemPrice>15.50</ItemPrice>
      <UnitOfMeasurePrice>2.07</UnitOfMeasurePrice>
      <AllowDiscount>1</AllowDiscount>
      <ItemStatus>1</ItemStatus>
    </Item>
    <Item>
      <PriceUpdateDate>2024-12-23 17:20</PriceUpdateDate>
      <ItemCode>7290019014768</ItemCode>
      <ItemType>1</ItemType>
      <ItemName>ניקוי כלים 24% 750מ"ל</ItemName>
      <ManufacturerName>סאסאטק אגש"ח בע"מ</ManufacturerName>
      <ManufactureCountry>IL</ManufactureCountry>
      <ManufacturerItemDescription>ניקוי כלים 24% 750מ"ל</ManufacturerItemDescription>
      <UnitQty>מיליליטרים</UnitQty>
      <Quantity>750.00</Quantity>
      <bIsWeighted>0</bIsWeighted>
      <UnitOfMeasure>100 מ"ל</UnitOfMeasure>
      <QtyInPackage>1</QtyInPackage>
      <ItemPrice>15.90</ItemPrice>
      <UnitOfMeasurePrice>2.12</UnitOfMeasurePrice>
      <AllowDiscount>1</AllowDiscount>
      <ItemStatus>1</ItemStatus>
    </Item>
    <Item>
      <PriceUpdateDate>2024-12-23 17:20</PriceUpdateDate>
      <ItemCode>7290019014805</ItemCode>
      <ItemType>1</ItemType>
      <ItemName>מרסס מנקה ריפודים 500מ"ל</ItemName>
      <ManufacturerName>סאסאטק אגש"ח בע"מ</ManufacturerName>
      <ManufactureCountry>IL</ManufactureCountry>
      <ManufacturerItemDescription>מרסס מנקה ריפודים 500מ"ל</ManufacturerItemDescription>
      <UnitQty>מיליליטרים</UnitQty>
      <Quantity>500.00</Quantity>
      <bIsWeighted>0</bIsWeighted>
      <UnitOfMeasure>100 מ"ל</UnitOfMeasure>
      <QtyInPackage>1</QtyInPackage>
      <ItemPrice>25.90</ItemPrice>
      <UnitOfMeasurePrice>5.18</UnitOfMeasurePrice>
      <AllowDiscount>1</AllowDiscount>
      <ItemStatus>1</ItemStatus>
    </Item>
    <Item>
      <PriceUpdateDate>2024-12-23 17:26</PriceUpdateDate>
      <ItemCode>7290019014812</ItemCode>
      <ItemType>1</ItemType>
      <ItemName>מרסס מנטרל ריחות 500 מ"ל</ItemName>
      <ManufacturerName>סאסאטק אגש"ח בע"מ</ManufacturerName>
      <ManufactureCountry>IL</ManufactureCountry>
      <ManufacturerItemDescription>מרסס מנטרל ריחות 500 מ"ל</ManufacturerItemDescription>
      <UnitQty>מיליליטרים</UnitQty>
      <Quantity>500.00</Quantity>
      <bIsWeighted>0</bIsWeighted>
      <UnitOfMeasure>100 מ"ל</UnitOfMeasure>
      <QtyInPackage>1</QtyInPackage>
      <ItemPrice>20.50</ItemPrice>
      <UnitOfMeasurePrice>4.10</UnitOfMeasurePrice>
      <AllowDiscount>1</AllowDiscount>
      <ItemStatus>1</ItemStatus>
    </Item>
    <Item>
      <PriceUpdateDate>2024-12-23 17:21</PriceUpdateDate>
      <ItemCode>7290019014836</ItemCode>
      <ItemType>1</ItemType>
      <ItemName>דלי מטליות פרדייס TNX250</ItemName>
      <ManufacturerName>סאסאטק</ManufacturerName>
      <ManufactureCountry>IL</ManufactureCountry>
      <ManufacturerItemDescription>דלי מטליות פרדייס TNX250</ManufacturerItemDescription>
      <UnitQty>יחידה</UnitQty>
      <Quantity>1.00</Quantity>
      <bIsWeighted>0</bIsWeighted>
      <UnitOfMeasure>יחידה</UnitOfMeasure>
      <QtyInPackage>1</QtyInPackage>
      <ItemPrice>26.90</ItemPrice>
      <UnitOfMeasurePrice>26.90</UnitOfMeasurePrice>
      <AllowDiscount>1</AllowDiscount>
      <ItemStatus>1</ItemStatus>
    </Item>
    <Item>
      <PriceUpdateDate>2024-12-23 17:20</PriceUpdateDate>
      <ItemCode>7290019014881</ItemCode>
      <ItemType>1</ItemType>
      <ItemName>נוזל רצפות בלו טאצ1.35ל</ItemName>
      <ManufacturerName>סאסאטק אגש"ח בע"מ</ManufacturerName>
      <ManufactureCountry>IL</ManufactureCountry>
      <ManufacturerItemDescription>נוזל רצפות בלו טאצ1.35ל</ManufacturerItemDescription>
      <UnitQty>ליטרים</UnitQty>
      <Quantity>1.35</Quantity>
      <bIsWeighted>0</bIsWeighted>
      <UnitOfMeasure>ליטר</UnitOfMeasure>
      <QtyInPackage>1</QtyInPackage>
      <ItemPrice>26.90</ItemPrice>
      <UnitOfMeasurePrice>19.93</UnitOfMeasurePrice>
      <AllowDiscount>1</AllowDiscount>
      <ItemStatus>1</ItemStatus>
    </Item>
    <Item>
      <PriceUpdateDate>2024-12-23 17:18</PriceUpdateDate>
      <ItemCode>7290019014973</ItemCode>
      <ItemType>1</ItemType>
      <ItemName>מבשם בדים בייבי לאב500מ</ItemName>
      <ManufacturerName>סאסאטק אגש"ח בע"מ</ManufacturerName>
      <ManufactureCountry>IL</ManufactureCountry>
      <ManufacturerItemDescription>מבשם בדים בייבי לאב500מ</ManufacturerItemDescription>
      <UnitQty>מיליליטרים</UnitQty>
      <Quantity>500.00</Quantity>
      <bIsWeighted>0</bIsWeighted>
      <UnitOfMeasure>100 מ"ל</UnitOfMeasure>
      <QtyInPackage>1</QtyInPackage>
      <ItemPrice>20.50</ItemPrice>
      <UnitOfMeasurePrice>4.10</UnitOfMeasurePrice>
      <AllowDiscount>1</AllowDiscount>
      <ItemStatus>1</ItemStatus>
    </Item>
    <Item>
      <PriceUpdateDate>2024-12-23 17:21</PriceUpdateDate>
      <ItemCode>7290019014997</ItemCode>
      <ItemType>1</ItemType>
      <ItemName>מ.לחות לרצפה TNXפרש 10יח</ItemName>
      <ManufacturerName>---</ManufacturerName>
      <ManufactureCountry>IL</ManufactureCountry>
      <ManufacturerItemDescription>מ.לחות לרצפהtnx</ManufacturerItemDescription>
      <UnitQty>יחידה</UnitQty>
      <Quantity>1.00</Quantity>
      <bIsWeighted>0</bIsWeighted>
      <UnitOfMeasure>יחידה</UnitOfMeasure>
      <QtyInPackage>1</QtyInPackage>
      <ItemPrice>15.50</ItemPrice>
      <UnitOfMeasurePrice>15.50</UnitOfMeasurePrice>
      <AllowDiscount>1</AllowDiscount>
      <ItemStatus>1</ItemStatus>
    </Item>
    <Item>
      <PriceUpdateDate>2025-01-01 10:05</PriceUpdateDate>
      <ItemCode>7290019019824</ItemCode>
      <ItemType>1</ItemType>
      <ItemName>ב. ספלאש אינטנס 180מ"ל</ItemName>
      <ManufacturerName>ספרינג אווירה וריח בע"מ</ManufacturerName>
      <ManufactureCountry>IL</ManufactureCountry>
      <ManufacturerItemDescription>ב. ספלאש אינטנס</ManufacturerItemDescription>
      <UnitQty>מיליליטרים</UnitQty>
      <Quantity>180.00</Quantity>
      <bIsWeighted>0</bIsWeighted>
      <UnitOfMeasure>100 מ"ל</UnitOfMeasure>
      <QtyInPackage>1</QtyInPackage>
      <ItemPrice>46.50</ItemPrice>
      <UnitOfMeasurePrice>25.83</UnitOfMeasurePrice>
      <AllowDiscount>1</AllowDiscount>
      <ItemStatus>1</ItemStatus>
    </Item>
    <Item>
      <PriceUpdateDate>2024-12-10 10:20</PriceUpdateDate>
      <ItemCode>7290019048060</ItemCode>
      <ItemType>1</ItemType>
      <ItemName>מארז מקופלת למון גראס יח</ItemName>
      <ManufacturerName>ניקנור</ManufacturerName>
      <ManufactureCountry>CN</ManufactureCountry>
      <ManufacturerItemDescription>מארז מקופלת למון</ManufacturerItemDescription>
      <UnitQty>יחידה</UnitQty>
      <Quantity>1.00</Quantity>
      <bIsWeighted>0</bIsWeighted>
      <UnitOfMeasure>יחידה</UnitOfMeasure>
      <QtyInPackage>1</QtyInPackage>
      <ItemPrice>30.90</ItemPrice>
      <UnitOfMeasurePrice>30.90</UnitOfMeasurePrice>
      <AllowDiscount>1</AllowDiscount>
      <ItemStatus>1</ItemStatus>
    </Item>
    <Item>
      <PriceUpdateDate>2025-12-01 20:10</PriceUpdateDate>
      <ItemCode>7290019048107</ItemCode>
      <ItemType>1</ItemType>
      <ItemName>חוט דנטלי מצופה שעווה 50</ItemName>
      <ManufacturerName>כללי</ManufacturerName>
      <ManufactureCountry>CN</ManufactureCountry>
      <ManufacturerItemDescription>חוט דנטלי מצופה</ManufacturerItemDescription>
      <UnitQty>מטרים</UnitQty>
      <Quantity>50.00</Quantity>
      <bIsWeighted>0</bIsWeighted>
      <UnitOfMeasure>מטר</UnitOfMeasure>
      <QtyInPackage>1</QtyInPackage>
      <ItemPrice>8.90</ItemPrice>
      <UnitOfMeasurePrice>0.17</UnitOfMeasurePrice>
      <AllowDiscount>1</AllowDiscount>
      <ItemStatus>1</ItemStatus>
    </Item>
    <Item>
      <PriceUpdateDate>2024-12-23 17:35</PriceUpdateDate>
      <ItemCode>7290019048206</ItemCode>
      <ItemType>1</ItemType>
      <ItemName>מארז תיק רחצה 4 פריטים</ItemName>
      <ManufacturerName>נטור קארינג</ManufacturerName>
      <ManufactureCountry>CN</ManufactureCountry>
      <ManufacturerItemDescription>סט ספא 4 פריטים</ManufacturerItemDescription>
      <UnitQty>יחידה</UnitQty>
      <Quantity>1.00</Quantity>
      <bIsWeighted>0</bIsWeighted>
      <UnitOfMeasure>יחידה</UnitOfMeasure>
      <QtyInPackage>1</QtyInPackage>
      <ItemPrice>40.90</ItemPrice>
      <UnitOfMeasurePrice>40.90</UnitOfMeasurePrice>
      <AllowDiscount>1</AllowDiscount>
      <ItemStatus>1</ItemStatus>
    </Item>
    <Item>
      <PriceUpdateDate>2025-12-01 20:10</PriceUpdateDate>
      <ItemCode>7290019048442</ItemCode>
      <ItemType>1</ItemType>
      <ItemName>חוט דנטלי מצופה שעווה 50</ItemName>
      <ManufacturerName>כללי</ManufacturerName>
      <ManufactureCountry>CN</ManufactureCountry>
      <ManufacturerItemDescription>חוט דנטלי מצופה</ManufacturerItemDescription>
      <UnitQty>מטרים</UnitQty>
      <Quantity>50.00</Quantity>
      <bIsWeighted>0</bIsWeighted>
      <UnitOfMeasure>מטר</UnitOfMeasure>
      <QtyInPackage>1</QtyInPackage>
      <ItemPrice>8.90</ItemPrice>
      <UnitOfMeasurePrice>0.17</UnitOfMeasurePrice>
      <AllowDiscount>1</AllowDiscount>
      <ItemStatus>1</ItemStatus>
    </Item>
    <Item>
      <PriceUpdateDate>2024-12-10 10:20</PriceUpdateDate>
      <ItemCode>7290019048466</ItemCode>
      <ItemType>1</ItemType>
      <ItemName>מארז מקופלת 3 פריטים</ItemName>
      <ManufacturerName>כללי</ManufacturerName>
      <ManufactureCountry>CN</ManufactureCountry>
      <ManufacturerItemDescription>מארז מקופלת 3 פריטים</ManufacturerItemDescription>
      <UnitQty>יחידה</UnitQty>
      <Quantity>1.00</Quantity>
      <bIsWeighted>0</bIsWeighted>
      <UnitOfMeasure>יחידה</UnitOfMeasure>
      <QtyInPackage>1</QtyInPackage>
      <ItemPrice>30.90</ItemPrice>
      <UnitOfMeasurePrice>30.90</UnitOfMeasurePrice>
      <AllowDiscount>1</AllowDiscount>
      <ItemStatus>1</ItemStatus>
    </Item>
    <Item>
      <PriceUpdateDate>2024-12-23 17:20</PriceUpdateDate>
      <ItemCode>7290019048558</ItemCode>
      <ItemType>1</ItemType>
      <ItemName>GARDEN OASIS סט 4 פריטים</ItemName>
      <ManufacturerName>כללי</ManufacturerName>
      <ManufactureCountry>CN</ManufactureCountry>
      <ManufacturerItemDescription>GARDEN OASIS סט 4 פריטים</ManufacturerItemDescription>
      <UnitQty>יחידה</UnitQty>
      <Quantity>1.00</Quantity>
      <bIsWeighted>0</bIsWeighted>
      <UnitOfMeasure>יחידה</UnitOfMeasure>
      <QtyInPackage>1</QtyInPackage>
      <ItemPrice>41.50</ItemPrice>
      <UnitOfMeasurePrice>41.50</UnitOfMeasurePrice>
      <AllowDiscount>1</AllowDiscount>
      <ItemStatus>1</ItemStatus>
    </Item>
    <Item>
      <PriceUpdateDate>2024-12-10 10:20</PriceUpdateDate>
      <ItemCode>7290019048565</ItemCode>
      <ItemType>1</ItemType>
      <ItemName>GARDEN OASIS סט 4 פריטים</ItemName>
      <ManufacturerName>כללי</ManufacturerName>
      <ManufactureCountry>CN</ManufactureCountry>
      <ManufacturerItemDescription>GARDEN OASIS סט 4 פריטים</ManufacturerItemDescription>
      <UnitQty>יחידה</UnitQty>
      <Quantity>1.00</Quantity>
      <bIsWeighted>0</bIsWeighted>
      <UnitOfMeasure>יחידה</UnitOfMeasure>
      <QtyInPackage>1</QtyInPackage>
      <ItemPrice>41.50</ItemPrice>
      <UnitOfMeasurePrice>41.50</UnitOfMeasurePrice>
      <AllowDiscount>1</AllowDiscount>
      <ItemStatus>1</ItemStatus>
    </Item>
    <Item>
      <PriceUpdateDate>2024-10-18 05:37</PriceUpdateDate>
      <ItemCode>7290019048725</ItemCode>
      <ItemType>1</ItemType>
      <ItemName>מקלוני אוזניים מפלסטיק</ItemName>
      <ManufacturerName>BETO</ManufacturerName>
      <ManufactureCountry>IL</ManufactureCountry>
      <ManufacturerItemDescription>מקלוני פלסטיק</ManufacturerItemDescription>
      <UnitQty>יחידה</UnitQty>
      <Quantity>1.00</Quantity>
      <bIsWeighted>0</bIsWeighted>
      <UnitOfMeasure>יחידה</UnitOfMeasure>
      <QtyInPackage>1</QtyInPackage>
      <ItemPrice>6.90</ItemPrice>
      <UnitOfMeasurePrice>6.90</UnitOfMeasurePrice>
      <AllowDiscount>1</AllowDiscount>
      <ItemStatus>1</ItemStatus>
    </Item>
    <Item>
      <PriceUpdateDate>2024-12-27 18:12</PriceUpdateDate>
      <ItemCode>7290019048763</ItemCode>
      <ItemType>1</ItemType>
      <ItemName>ספוג רחצה עגול יחידה</ItemName>
      <ManufacturerName>כללי</ManufacturerName>
      <ManufactureCountry>CN</ManufactureCountry>
      <ManufacturerItemDescription>ספוג רחצה עגול יחידה</ManufacturerItemDescription>
      <UnitQty>יחידה</UnitQty>
      <Quantity>1.00</Quantity>
      <bIsWeighted>0</bIsWeighted>
      <UnitOfMeasure>יחידה</UnitOfMeasure>
      <QtyInPackage>1</QtyInPackage>
      <ItemPrice>14.90</ItemPrice>
      <UnitOfMeasurePrice>14.90</UnitOfMeasurePrice>
      <AllowDiscount>1</AllowDiscount>
      <ItemStatus>1</ItemStatus>
    </Item>
    <Item>
      <PriceUpdateDate>2024-12-27 18:12</PriceUpdateDate>
      <ItemCode>7290019048787</ItemCode>
      <ItemType>1</ItemType>
      <ItemName>ספוג רחצה מתמתח יחידה</ItemName>
      <ManufacturerName>כללי</ManufacturerName>
      <ManufactureCountry>CN</ManufactureCountry>
      <ManufacturerItemDescription>ספוג רחצה מתמתח יחידה</ManufacturerItemDescription>
      <UnitQty>יחידה</UnitQty>
      <Quantity>1.00</Quantity>
      <bIsWeighted>0</bIsWeighted>
      <UnitOfMeasure>יחידה</UnitOfMeasure>
      <QtyInPackage>1</QtyInPackage>
      <ItemPrice>14.90</ItemPrice>
      <UnitOfMeasurePrice>14.90</UnitOfMeasurePrice>
      <AllowDiscount>1</AllowDiscount>
      <ItemStatus>1</ItemStatus>
    </Item>
    <Item>
      <PriceUpdateDate>2025-02-26 19:17</PriceUpdateDate>
      <ItemCode>7290019048961</ItemCode>
      <ItemType>1</ItemType>
      <ItemName>פצצות אמבטיה מארז</ItemName>
      <ManufacturerName>פארמה דיל</ManufacturerName>
      <ManufactureCountry>CN</ManufactureCountry>
      <ManufacturerItemDescription>פצצות אמבטיה מארז</ManufacturerItemDescription>
      <UnitQty>יחידה</UnitQty>
      <Quantity>1.00</Quantity>
      <bIsWeighted>0</bIsWeighted>
      <UnitOfMeasure>יחידה</UnitOfMeasure>
      <QtyInPackage>0</QtyInPackage>
      <ItemPrice>39.90</ItemPrice>
      <UnitOfMeasurePrice>39.90</UnitOfMeasurePrice>
      <AllowDiscount>1</AllowDiscount>
      <ItemStatus>1</ItemStatus>
    </Item>
    <Item>
      <PriceUpdateDate>2025-08-28 14:42</PriceUpdateDate>
      <ItemCode>7290019048992</ItemCode>
      <ItemType>1</ItemType>
      <ItemName>מארז טיפוח קייצי</ItemName>
      <ManufacturerName>נטור קארינג</ManufacturerName>
      <ManufactureCountry>CN</ManufactureCountry>
      <ManufacturerItemDescription>מארז טיפוח קייצי</ManufacturerItemDescription>
      <UnitQty>יחידה</UnitQty>
      <Quantity>1.00</Quantity>
      <bIsWeighted>0</bIsWeighted>
      <UnitOfMeasure>יחידה</UnitOfMeasure>
      <QtyInPackage>0</QtyInPackage>
      <ItemPrice>89.90</ItemPrice>
      <UnitOfMeasurePrice>89.90</UnitOfMeasurePrice>
      <AllowDiscount>1</AllowDiscount>
      <ItemStatus>1</ItemStatus>
    </Item>
    <Item>
      <PriceUpdateDate>2024-12-23 17:26</PriceUpdateDate>
      <ItemCode>7290019075547</ItemCode>
      <ItemType>1</ItemType>
      <ItemName>אפקטיב קר קרם גוף 450מ"ל</ItemName>
      <ManufacturerName>פישר מעבדות פרמצבטיות בע</ManufacturerName>
      <ManufactureCountry>IL</ManufactureCountry>
      <ManufacturerItemDescription>אפקטיב קר קרם גוף 450מ"ל</ManufacturerItemDescription>
      <UnitQty>מיליליטרים</UnitQty>
      <Quantity>450.00</Quantity>
      <bIsWeighted>0</bIsWeighted>
      <UnitOfMeasure>100 מ"ל</UnitOfMeasure>
      <QtyInPackage>1</QtyInPackage>
      <ItemPrice>31.90</ItemPrice>
      <UnitOfMeasurePrice>7.09</UnitOfMeasurePrice>
      <AllowDiscount>1</AllowDiscount>
      <ItemStatus>1</ItemStatus>
    </Item>
    <Item>
      <PriceUpdateDate>2024-12-23 17:26</PriceUpdateDate>
      <ItemCode>7290019075851</ItemCode>
      <ItemType>1</ItemType>
      <ItemName>פלואיד תחליב פנים קליל50</ItemName>
      <ManufacturerName>פישר מעבדות פרמצבטיות בע</ManufacturerName>
      <ManufactureCountry>IL</ManufactureCountry>
      <ManufacturerItemDescription>פלואיד תחליב פנים קליל50</ManufacturerItemDescription>
      <UnitQty>מיליליטרים</UnitQty>
      <Quantity>50.00</Quantity>
      <bIsWeighted>0</bIsWeighted>
      <UnitOfMeasure>100 מ"ל</UnitOfMeasure>
      <QtyInPackage>1</QtyInPackage>
      <ItemPrice>71.90</ItemPrice>
      <UnitOfMeasurePrice>143.80</UnitOfMeasurePrice>
      <AllowDiscount>1</AllowDiscount>
      <ItemStatus>1</ItemStatus>
    </Item>
    <Item>
      <PriceUpdateDate>2024-12-23 17:26</PriceUpdateDate>
      <ItemCode>7290019232155</ItemCode>
      <ItemType>1</ItemType>
      <ItemName>חליטת קמומיל לבנדר 25שק</ItemName>
      <ManufacturerName>ויסוצקי</ManufacturerName>
      <ManufactureCountry>IL</ManufactureCountry>
      <ManufacturerItemDescription>חליטת קמומיל לבנדר 25שק</ManufacturerItemDescription>
      <UnitQty>גרמים</UnitQty>
      <Quantity>37.00</Quantity>
      <bIsWeighted>0</bIsWeighted>
      <UnitOfMeasure>100 גרם</UnitOfMeasure>
      <QtyInPackage>1</QtyInPackage>
      <ItemPrice>26.90</ItemPrice>
      <UnitOfMeasurePrice>72.70</UnitOfMeasurePrice>
      <AllowDiscount>1</AllowDiscount>
      <ItemStatus>1</ItemStatus>
    </Item>
    <Item>
      <PriceUpdateDate>2024-12-23 17:20</PriceUpdateDate>
      <ItemCode>7290019274056</ItemCode>
      <ItemType>1</ItemType>
      <ItemName>נוזל רצפה בייבי לאב1.35ל</ItemName>
      <ManufacturerName>סאסאטק אגש"ח בע"מ</ManufacturerName>
      <ManufactureCountry>IL</ManufactureCountry>
      <ManufacturerItemDescription>נוזל רצפה בייבי לאב1.35ל</ManufacturerItemDescription>
      <UnitQty>ליטרים</UnitQty>
      <Quantity>1.35</Quantity>
      <bIsWeighted>0</bIsWeighted>
      <UnitOfMeasure>ליטר</UnitOfMeasure>
      <QtyInPackage>1</QtyInPackage>
      <ItemPrice>26.90</ItemPrice>
      <UnitOfMeasurePrice>19.93</UnitOfMeasurePrice>
      <AllowDiscount>1</AllowDiscount>
      <ItemStatus>1</ItemStatus>
    </Item>
    <Item>
      <PriceUpdateDate>2024-12-23 17:26</PriceUpdateDate>
      <ItemCode>7290019274063</ItemCode>
      <ItemType>1</ItemType>
      <ItemName>ג'ל כביסה בייבי 1.35 ל'</ItemName>
      <ManufacturerName>סאסאטק אגש"ח בע"מ</ManufacturerName>
      <ManufactureCountry>IL</ManufactureCountry>
      <ManufacturerItemDescription>גל כביסה בייבי 1.35 ל</ManufacturerItemDescription>
      <UnitQty>ליטרים</UnitQty>
      <Quantity>1.35</Quantity>
      <bIsWeighted>0</bIsWeighted>
      <UnitOfMeasure>ליטר</UnitOfMeasure>
      <QtyInPackage>1</QtyInPackage>
      <ItemPrice>34.90</ItemPrice>
      <UnitOfMeasurePrice>25.85</UnitOfMeasurePrice>
      <AllowDiscount>1</AllowDiscount>
      <ItemStatus>1</ItemStatus>
    </Item>
    <Item>
      <PriceUpdateDate>2024-12-23 17:26</PriceUpdateDate>
      <ItemCode>7290019274100</ItemCode>
      <ItemType>1</ItemType>
      <ItemName>מרסס לגיהוץ קל 500 מ"ל</ItemName>
      <ManufacturerName>סאסאטק אגש"ח בע"מ</ManufacturerName>
      <ManufactureCountry>IL</ManufactureCountry>
      <ManufacturerItemDescription>מרסס לגיהוץ קל 500 מ"ל</ManufacturerItemDescription>
      <UnitQty>מיליליטרים</UnitQty>
      <Quantity>500.00</Quantity>
      <bIsWeighted>0</bIsWeighted>
      <UnitOfMeasure>100 מ"ל</UnitOfMeasure>
      <QtyInPackage>1</QtyInPackage>
      <ItemPrice>20.50</ItemPrice>
      <UnitOfMeasurePrice>4.10</UnitOfMeasurePrice>
      <AllowDiscount>1</AllowDiscount>
      <ItemStatus>1</ItemStatus>
    </Item>
    <Item>
      <PriceUpdateDate>2024-12-23 17:26</PriceUpdateDate>
      <ItemCode>7290019274254</ItemCode>
      <ItemType>1</ItemType>
      <ItemName>תרסיס TNXלניקוי מזגן400מ</ItemName>
      <ManufacturerName>סאסאטק אגש"ח בע"מ</ManufacturerName>
      <ManufactureCountry>IL</ManufactureCountry>
      <ManufacturerItemDescription>תרסיס TNXלניקוי מזגן400מ</ManufacturerItemDescription>
      <UnitQty>מיליליטרים</UnitQty>
      <Quantity>400.00</Quantity>
      <bIsWeighted>0</bIsWeighted>
      <UnitOfMeasure>100 מ"ל</UnitOfMeasure>
      <QtyInPackage>1</QtyInPackage>
      <ItemPrice>40.90</ItemPrice>
      <UnitOfMeasurePrice>10.23</UnitOfMeasurePrice>
      <AllowDiscount>1</AllowDiscount>
      <ItemStatus>1</ItemStatus>
    </Item>
    <Item>
      <PriceUpdateDate>2024-12-23 17:18</PriceUpdateDate>
      <ItemCode>7290019274261</ItemCode>
      <ItemType>1</ItemType>
      <ItemName>מבשם בדים לגון 500 מ"ל</ItemName>
      <ManufacturerName>סאסאטק אגש"ח בע"מ</ManufacturerName>
      <ManufactureCountry>IL</ManufactureCountry>
      <ManufacturerItemDescription>מבשם בדים לגון 500 מ"ל</ManufacturerItemDescription>
      <UnitQty>מיליליטרים</UnitQty>
      <Quantity>500.00</Quantity>
      <bIsWeighted>0</bIsWeighted>
      <UnitOfMeasure>100 מ"ל</UnitOfMeasure>
      <QtyInPackage>1</QtyInPackage>
      <ItemPrice>20.50</ItemPrice>
      <UnitOfMeasurePrice>4.10</UnitOfMeasurePrice>
      <AllowDiscount>1</AllowDiscount>
      <ItemStatus>1</ItemStatus>
    </Item>
    <Item>
      <PriceUpdateDate>2024-12-23 17:26</PriceUpdateDate>
      <ItemCode>7290019274315</ItemCode>
      <ItemType>1</ItemType>
      <ItemName>קוקהנומיקה לבנדר 1.25 ל</ItemName>
      <ManufacturerName>---</ManufacturerName>
      <ManufactureCountry>IL</ManufactureCountry>
      <ManufacturerItemDescription>קוקהנומיקה לבנדר 1.25 ל</ManufacturerItemDescription>
      <UnitQty>ליטרים</UnitQty>
      <Quantity>1.25</Quantity>
      <bIsWeighted>0</bIsWeighted>
      <UnitOfMeasure>ליטר</UnitOfMeasure>
      <QtyInPackage>1</QtyInPackage>
      <ItemPrice>15.50</ItemPrice>
      <UnitOfMeasurePrice>12.40</UnitOfMeasurePrice>
      <AllowDiscount>1</AllowDiscount>
      <ItemStatus>1</ItemStatus>
    </Item>
    <Item>
      <PriceUpdateDate>2024-12-23 17:18</PriceUpdateDate>
      <ItemCode>7290019274551</ItemCode>
      <ItemType>1</ItemType>
      <ItemName>מבשם בדים ניו בורן 500 מ</ItemName>
      <ManufacturerName>סאסאטק אגש"ח בע"מ</ManufacturerName>
      <ManufactureCountry>IL</ManufactureCountry>
      <ManufacturerItemDescription>מבשם בדים ניו בורן 500 מ</ManufacturerItemDescription>
      <UnitQty>מיליליטרים</UnitQty>
      <Quantity>500.00</Quantity>
      <bIsWeighted>0</bIsWeighted>
      <UnitOfMeasure>100 מ"ל</UnitOfMeasure>
      <QtyInPackage>1</QtyInPackage>
      <ItemPrice>20.50</ItemPrice>
      <UnitOfMeasurePrice>4.10</UnitOfMeasurePrice>
      <AllowDiscount>1</AllowDiscount>
      <ItemStatus>1</ItemStatus>
    </Item>
    <Item>
      <PriceUpdateDate>2025-12-21 15:30</PriceUpdateDate>
      <ItemCode>7290019489382</ItemCode>
      <ItemType>1</ItemType>
      <ItemName>תחליב רחצה קוקוס 700 מ"ל</ItemName>
      <ManufacturerName>סאסא קוסמטיקס</ManufacturerName>
      <ManufactureCountry>IL</ManufactureCountry>
      <ManufacturerItemDescription>תחליב רחצה קוקוס 700 מ"ל</ManufacturerItemDescription>
      <UnitQty>מיליליטרים</UnitQty>
      <Quantity>700.00</Quantity>
      <bIsWeighted>0</bIsWeighted>
      <UnitOfMeasure>100 מ"ל</UnitOfMeasure>
      <QtyInPackage>1</QtyInPackage>
      <ItemPrice>7.90</ItemPrice>
      <UnitOfMeasurePrice>1.13</UnitOfMeasurePrice>
      <AllowDiscount>1</AllowDiscount>
      <ItemStatus>1</ItemStatus>
    </Item>
    <Item>
      <PriceUpdateDate>2025-12-21 15:30</PriceUpdateDate>
      <ItemCode>7290019489399</ItemCode>
      <ItemType>1</ItemType>
      <ItemName>תחליב רחצה שמן ארגן 700</ItemName>
      <ManufacturerName>סאסא קוסמטיקס</ManufacturerName>
      <ManufactureCountry>IL</ManufactureCountry>
      <ManufacturerItemDescription>תחליב רחצה שמן ארגן 700</ManufacturerItemDescription>
      <UnitQty>מיליליטרים</UnitQty>
      <Quantity>700.00</Quantity>
      <bIsWeighted>0</bIsWeighted>
      <UnitOfMeasure>100 מ"ל</UnitOfMeasure>
      <QtyInPackage>1</QtyInPackage>
      <ItemPrice>7.90</ItemPrice>
      <UnitOfMeasurePrice>1.13</UnitOfMeasurePrice>
      <AllowDiscount>1</AllowDiscount>
      <ItemStatus>1</ItemStatus>
    </Item>
    <Item>
      <PriceUpdateDate>2025-12-21 15:30</PriceUpdateDate>
      <ItemCode>7290019489405</ItemCode>
      <ItemType>1</ItemType>
      <ItemName>תחליב רחצה פרש 700 מ"ל</ItemName>
      <ManufacturerName>סאסא קוסמטיקס</ManufacturerName>
      <ManufactureCountry>IL</ManufactureCountry>
      <ManufacturerItemDescription>תחליב רחצה פרש 700 מ"ל</ManufacturerItemDescription>
      <UnitQty>מיליליטרים</UnitQty>
      <Quantity>700.00</Quantity>
      <bIsWeighted>0</bIsWeighted>
      <UnitOfMeasure>100 מ"ל</UnitOfMeasure>
      <QtyInPackage>1</QtyInPackage>
      <ItemPrice>7.90</ItemPrice>
      <UnitOfMeasurePrice>1.13</UnitOfMeasurePrice>
      <AllowDiscount>1</AllowDiscount>
      <ItemStatus>1</ItemStatus>
    </Item>
    <Item>
      <PriceUpdateDate>2025-12-21 15:30</PriceUpdateDate>
      <ItemCode>7290019489412</ItemCode>
      <ItemType>1</ItemType>
      <ItemName>תחליב רחצה לבנדר 700 מ"ל</ItemName>
      <ManufacturerName>סאסא קוסמטיקס</ManufacturerName>
      <ManufactureCountry>IL</ManufactureCountry>
      <ManufacturerItemDescription>תחליב רחצה לבנדר 700 מ"ל</ManufacturerItemDescription>
      <UnitQty>מיליליטרים</UnitQty>
      <Quantity>700.00</Quantity>
      <bIsWeighted>0</bIsWeighted>
      <UnitOfMeasure>100 מ"ל</UnitOfMeasure>
      <QtyInPackage>1</QtyInPackage>
      <ItemPrice>7.90</ItemPrice>
      <UnitOfMeasurePrice>1.13</UnitOfMeasurePrice>
      <AllowDiscount>1</AllowDiscount>
      <ItemStatus>1</ItemStatus>
    </Item>
    <Item>
      <PriceUpdateDate>2025-12-01 20:10</PriceUpdateDate>
      <ItemCode>7290019489429</ItemCode>
      <ItemType>1</ItemType>
      <ItemName>שמפו לשיער רגיל 700 מ"ל</ItemName>
      <ManufacturerName>סאסא קוסמטיקס</ManufacturerName>
      <ManufactureCountry>IL</ManufactureCountry>
      <ManufacturerItemDescription>שמפו לשיער רגיל 700 מ"ל</ManufacturerItemDescription>
      <UnitQty>מיליליטרים</UnitQty>
      <Quantity>700.00</Quantity>
      <bIsWeighted>0</bIsWeighted>
      <UnitOfMeasure>100 מ"ל</UnitOfMeasure>
      <QtyInPackage>1</QtyInPackage>
      <ItemPrice>10.00</ItemPrice>
      <UnitOfMeasurePrice>1.43</UnitOfMeasurePrice>
      <AllowDiscount>1</AllowDiscount>
      <ItemStatus>1</ItemStatus>
    </Item>
    <Item>
      <PriceUpdateDate>2025-12-01 20:10</PriceUpdateDate>
      <ItemCode>7290019489436</ItemCode>
      <ItemType>1</ItemType>
      <ItemName>שמפו לשיער יבש 700 מ"ל</ItemName>
      <ManufacturerName>סאסא קוסמטיקס</ManufacturerName>
      <ManufactureCountry>IL</ManufactureCountry>
      <ManufacturerItemDescription>שמפו לשיער יבש 700 מ"ל</ManufacturerItemDescription>
      <UnitQty>מיליליטרים</UnitQty>
      <Quantity>700.00</Quantity>
      <bIsWeighted>0</bIsWeighted>
      <UnitOfMeasure>100 מ"ל</UnitOfMeasure>
      <QtyInPackage>1</QtyInPackage>
      <ItemPrice>10.00</ItemPrice>
      <UnitOfMeasurePrice>1.43</UnitOfMeasurePrice>
      <AllowDiscount>1</AllowDiscount>
      <ItemStatus>1</ItemStatus>
    </Item>
    <Item>
      <PriceUpdateDate>2025-12-01 20:10</PriceUpdateDate>
      <ItemCode>7290019489450</ItemCode>
      <ItemType>1</ItemType>
      <ItemName>מרכך לשיער 700 מ"ל</ItemName>
      <ManufacturerName>סאסא קוסמטיקס</ManufacturerName>
      <ManufactureCountry>IL</ManufactureCountry>
      <ManufacturerItemDescription>מרכך לשיער 700 מ"ל</ManufacturerItemDescription>
      <UnitQty>מיליליטרים</UnitQty>
      <Quantity>700.00</Quantity>
      <bIsWeighted>0</bIsWeighted>
      <UnitOfMeasure>100 מ"ל</UnitOfMeasure>
      <QtyInPackage>1</QtyInPackage>
      <ItemPrice>10.00</ItemPrice>
      <UnitOfMeasurePrice>1.43</UnitOfMeasurePrice>
      <AllowDiscount>1</AllowDiscount>
      <ItemStatus>1</ItemStatus>
    </Item>
    <Item>
      <PriceUpdateDate>2025-12-01 20:10</PriceUpdateDate>
      <ItemCode>7290019489467</ItemCode>
      <ItemType>1</ItemType>
      <ItemName>אלסבון לבנדר סיישל 1 ליט</ItemName>
      <ManufacturerName>סאסא קוסמטיקס</ManufacturerName>
      <ManufactureCountry>IL</ManufactureCountry>
      <ManufacturerItemDescription>אלסבון לבנדר סיישל 1 ליט</ManufacturerItemDescription>
      <UnitQty>ליטרים</UnitQty>
      <Quantity>1.00</Quantity>
      <bIsWeighted>0</bIsWeighted>
      <UnitOfMeasure>ליטר</UnitOfMeasure>
      <QtyInPackage>1</QtyInPackage>
      <ItemPrice>8.90</ItemPrice>
      <UnitOfMeasurePrice>8.90</UnitOfMeasurePrice>
      <AllowDiscount>1</AllowDiscount>
      <ItemStatus>1</ItemStatus>
    </Item>
    <Item>
      <PriceUpdateDate>2025-12-01 20:10</PriceUpdateDate>
      <ItemCode>7290019489474</ItemCode>
      <ItemType>1</ItemType>
      <ItemName>אלסבון בלוסום סיישל 1 לי</ItemName>
      <ManufacturerName>סאסא קוסמטיקס</ManufacturerName>
      <ManufactureCountry>IL</ManufactureCountry>
      <ManufacturerItemDescription>אלסבון בלוסום סיישל 1 לי</ManufacturerItemDescription>
      <UnitQty>ליטרים</UnitQty>
      <Quantity>1.00</Quantity>
      <bIsWeighted>0</bIsWeighted>
      <UnitOfMeasure>ליטר</UnitOfMeasure>
      <QtyInPackage>1</QtyInPackage>
      <ItemPrice>8.90</ItemPrice>
      <UnitOfMeasurePrice>8.90</UnitOfMeasurePrice>
      <AllowDiscount>1</AllowDiscount>
      <ItemStatus>1</ItemStatus>
    </Item>
    <Item>
      <PriceUpdateDate>2025-12-01 20:10</PriceUpdateDate>
      <ItemCode>7290019489481</ItemCode>
      <ItemType>1</ItemType>
      <ItemName>אלסבון פרש סיישל 1 ליטר</ItemName>
      <ManufacturerName>סאסא קוסמטיקס</ManufacturerName>
      <ManufactureCountry>IL</ManufactureCountry>
      <ManufacturerItemDescription>אלסבון פרש סיישל 1 ליטר</ManufacturerItemDescription>
      <UnitQty>ליטרים</UnitQty>
      <Quantity>1.00</Quantity>
      <bIsWeighted>0</bIsWeighted>
      <UnitOfMeasure>ליטר</UnitOfMeasure>
      <QtyInPackage>1</QtyInPackage>
      <ItemPrice>8.90</ItemPrice>
      <UnitOfMeasurePrice>8.90</UnitOfMeasurePrice>
      <AllowDiscount>1</AllowDiscount>
      <ItemStatus>1</ItemStatus>
    </Item>
    <Item>
      <PriceUpdateDate>2025-12-21 15:30</PriceUpdateDate>
      <ItemCode>7290019489498</ItemCode>
      <ItemType>1</ItemType>
      <ItemName>סבון ידיים פרש 500*3מל</ItemName>
      <ManufacturerName>---</ManufacturerName>
      <ManufactureCountry>IL</ManufactureCountry>
      <ManufacturerItemDescription>סבון ידיים פרש 3*500מל</ManufacturerItemDescription>
      <UnitQty>מיליליטרים</UnitQty>
      <Quantity>1500.00</Quantity>
      <bIsWeighted>0</bIsWeighted>
      <UnitOfMeasure>100 מ"ל</UnitOfMeasure>
      <QtyInPackage>1</QtyInPackage>
      <ItemPrice>10.00</ItemPrice>
      <UnitOfMeasurePrice>0.67</UnitOfMeasurePrice>
      <AllowDiscount>1</AllowDiscount>
      <ItemStatus>1</ItemStatus>
    </Item>
    <Item>
      <PriceUpdateDate>2025-12-21 15:30</PriceUpdateDate>
      <ItemCode>7290019489504</ItemCode>
      <ItemType>1</ItemType>
      <ItemName>אלסבון בלוסום500*3</ItemName>
      <ManufacturerName>---</ManufacturerName>
      <ManufactureCountry>IL</ManufactureCountry>
      <ManufacturerItemDescription>אלסבון בלוסום3*500</ManufacturerItemDescription>
      <UnitQty>מיליליטרים</UnitQty>
      <Quantity>1500.00</Quantity>
      <bIsWeighted>0</bIsWeighted>
      <UnitOfMeasure>100 מ"ל</UnitOfMeasure>
      <QtyInPackage>1</QtyInPackage>
      <ItemPrice>10.00</ItemPrice>
      <UnitOfMeasurePrice>0.67</UnitOfMeasurePrice>
      <AllowDiscount>1</AllowDiscount>
      <ItemStatus>1</ItemStatus>
    </Item>
    <Item>
      <PriceUpdateDate>2025-12-21 15:30</PriceUpdateDate>
      <ItemCode>7290019489528</ItemCode>
      <ItemType>1</ItemType>
      <ItemName>תחליב רחצה בלוסום 700 מ"</ItemName>
      <ManufacturerName>סאסא קוסמטיקס</ManufacturerName>
      <ManufactureCountry>IL</ManufactureCountry>
      <ManufacturerItemDescription>תחליב רחצה בלוסום 700 מ"</ManufacturerItemDescription>
      <UnitQty>מיליליטרים</UnitQty>
      <Quantity>700.00</Quantity>
      <bIsWeighted>0</bIsWeighted>
      <UnitOfMeasure>100 מ"ל</UnitOfMeasure>
      <QtyInPackage>1</QtyInPackage>
      <ItemPrice>7.90</ItemPrice>
      <UnitOfMeasurePrice>1.13</UnitOfMeasurePrice>
      <AllowDiscount>1</AllowDiscount>
      <ItemStatus>1</ItemStatus>
    </Item>
    <Item>
      <PriceUpdateDate>2025-04-11 12:45</PriceUpdateDate>
      <ItemCode>7290019489795</ItemCode>
      <ItemType>1</ItemType>
      <ItemName>גל אלוורה 200 מ"ל</ItemName>
      <ManufacturerName>סאסא קוסמטיקס</ManufacturerName>
      <ManufactureCountry>IL</ManufactureCountry>
      <ManufacturerItemDescription>גל אלוורה 200 מ"ל</ManufacturerItemDescription>
      <UnitQty>מיליליטרים</UnitQty>
      <Quantity>200.00</Quantity>
      <bIsWeighted>0</bIsWeighted>
      <UnitOfMeasure>100 מ"ל</UnitOfMeasure>
      <QtyInPackage>1</QtyInPackage>
      <ItemPrice>19.90</ItemPrice>
      <UnitOfMeasurePrice>9.95</UnitOfMeasurePrice>
      <AllowDiscount>1</AllowDiscount>
      <ItemStatus>1</ItemStatus>
    </Item>
    <Item>
      <PriceUpdateDate>2025-04-11 12:45</PriceUpdateDate>
      <ItemCode>7290019489818</ItemCode>
      <ItemType>1</ItemType>
      <ItemName>ת.הגנה לפנים לילד75 ZOZO</ItemName>
      <ManufacturerName>סאסא קוסמטיקס</ManufacturerName>
      <ManufactureCountry>IL</ManufactureCountry>
      <ManufacturerItemDescription>ת.הגנה לפנים לילד75 ZOZO</ManufacturerItemDescription>
      <UnitQty>מיליליטרים</UnitQty>
      <Quantity>75.00</Quantity>
      <bIsWeighted>0</bIsWeighted>
      <UnitOfMeasure>100 מ"ל</UnitOfMeasure>
      <QtyInPackage>1</QtyInPackage>
      <ItemPrice>29.90</ItemPrice>
      <UnitOfMeasurePrice>39.87</UnitOfMeasurePrice>
      <AllowDiscount>1</AllowDiscount>
      <ItemStatus>1</ItemStatus>
    </Item>
    <Item>
      <PriceUpdateDate>2025-05-18 10:18</PriceUpdateDate>
      <ItemCode>7290019501374</ItemCode>
      <ItemType>1</ItemType>
      <ItemName>סרקל מתיר קשרים ספרי300</ItemName>
      <ManufacturerName>פישר מעבדות פרמצבטיות בע</ManufacturerName>
      <ManufactureCountry>IL</ManufactureCountry>
      <ManufacturerItemDescription>סרקל מתיר קשרים ספרי300</ManufacturerItemDescription>
      <UnitQty>מיליליטרים</UnitQty>
      <Quantity>300.00</Quantity>
      <bIsWeighted>0</bIsWeighted>
      <UnitOfMeasure>100 מ"ל</UnitOfMeasure>
      <QtyInPackage>1</QtyInPackage>
      <ItemPrice>34.90</ItemPrice>
      <UnitOfMeasurePrice>11.63</UnitOfMeasurePrice>
      <AllowDiscount>1</AllowDiscount>
      <ItemStatus>1</ItemStatus>
    </Item>
    <Item>
      <PriceUpdateDate>2025-05-09 12:16</PriceUpdateDate>
      <ItemCode>7290019501381</ItemCode>
      <ItemType>1</ItemType>
      <ItemName>סרקל מתיר קשרים 340 מ"ל</ItemName>
      <ManufacturerName>פישר מעבדות פרמצבטיות בע</ManufacturerName>
      <ManufactureCountry>IL</ManufactureCountry>
      <ManufacturerItemDescription>סרקל מתיר קשרים 340 מ"ל</ManufacturerItemDescription>
      <UnitQty>מיליליטרים</UnitQty>
      <Quantity>340.00</Quantity>
      <bIsWeighted>0</bIsWeighted>
      <UnitOfMeasure>100 מ"ל</UnitOfMeasure>
      <QtyInPackage>1</QtyInPackage>
      <ItemPrice>27.90</ItemPrice>
      <UnitOfMeasurePrice>8.21</UnitOfMeasurePrice>
      <AllowDiscount>1</AllowDiscount>
      <ItemStatus>1</ItemStatus>
    </Item>
    <Item>
      <PriceUpdateDate>2025-12-04 16:10</PriceUpdateDate>
      <ItemCode>7290019501473</ItemCode>
      <ItemType>1</ItemType>
      <ItemName>סרקל שמפו לילדים לשיער1ל</ItemName>
      <ManufacturerName>פישר מעבדות פרמצבטיות בע</ManufacturerName>
      <ManufactureCountry>IL</ManufactureCountry>
      <ManufacturerItemDescription>סרקל שמפו לילדים לשיער1ל</ManufacturerItemDescription>
      <UnitQty>ליטרים</UnitQty>
      <Quantity>1.00</Quantity>
      <bIsWeighted>0</bIsWeighted>
      <UnitOfMeasure>ליטר</UnitOfMeasure>
      <QtyInPackage>1</QtyInPackage>
      <ItemPrice>24.90</ItemPrice>
      <UnitOfMeasurePrice>24.90</UnitOfMeasurePrice>
      <AllowDiscount>1</AllowDiscount>
      <ItemStatus>1</ItemStatus>
    </Item>
    <Item>
      <PriceUpdateDate>2025-01-01 10:06</PriceUpdateDate>
      <ItemCode>7290019501985</ItemCode>
      <ItemType>1</ItemType>
      <ItemName>אפקטיב קר תרחיץ פנים 180</ItemName>
      <ManufacturerName>פישר מעבדות פרמצבטיות בע</ManufacturerName>
      <ManufactureCountry>IL</ManufactureCountry>
      <ManufacturerItemDescription>אפקטיב קר תרחיץ פנים 180</ManufacturerItemDescription>
      <UnitQty>מיליליטרים</UnitQty>
      <Quantity>180.00</Quantity>
      <bIsWeighted>0</bIsWeighted>
      <UnitOfMeasure>100 מ"ל</UnitOfMeasure>
      <QtyInPackage>1</QtyInPackage>
      <ItemPrice>18.50</ItemPrice>
      <UnitOfMeasurePrice>10.28</UnitOfMeasurePrice>
      <AllowDiscount>1</AllowDiscount>
      <ItemStatus>1</ItemStatus>
    </Item>
    <Item>
      <PriceUpdateDate>2025-05-09 12:16</PriceUpdateDate>
      <ItemCode>7290019502500</ItemCode>
      <ItemType>1</ItemType>
      <ItemName>סרקל מתיר קשרים שיער340מ</ItemName>
      <ManufacturerName>פישר מעבדות פרמצבטיות בע</ManufacturerName>
      <ManufactureCountry>IL</ManufactureCountry>
      <ManufacturerItemDescription>סרקל מתיר קשרים שיער340מ</ManufacturerItemDescription>
      <UnitQty>מיליליטרים</UnitQty>
      <Quantity>340.00</Quantity>
      <bIsWeighted>0</bIsWeighted>
      <UnitOfMeasure>100 מ"ל</UnitOfMeasure>
      <QtyInPackage>1</QtyInPackage>
      <ItemPrice>27.90</ItemPrice>
      <UnitOfMeasurePrice>8.21</UnitOfMeasurePrice>
      <AllowDiscount>1</AllowDiscount>
      <ItemStatus>1</ItemStatus>
    </Item>
    <Item>
      <PriceUpdateDate>2024-12-23 17:20</PriceUpdateDate>
      <ItemCode>7290019576129</ItemCode>
      <ItemType>1</ItemType>
      <ItemName>בושם מספר 44 100 מ"ל</ItemName>
      <ManufacturerName>PARFUM INCENSE</ManufacturerName>
      <ManufactureCountry>IL</ManufactureCountry>
      <ManufacturerItemDescription>בושם מספר 44 100 מ"ל</ManufacturerItemDescription>
      <UnitQty>מיליליטרים</UnitQty>
      <Quantity>100.00</Quantity>
      <bIsWeighted>0</bIsWeighted>
      <UnitOfMeasure>100 מ"ל</UnitOfMeasure>
      <QtyInPackage>0</QtyInPackage>
      <ItemPrice>407.00</ItemPrice>
      <UnitOfMeasurePrice>407.00</UnitOfMeasurePrice>
      <AllowDiscount>1</AllowDiscount>
      <ItemStatus>1</ItemStatus>
    </Item>
    <Item>
      <PriceUpdateDate>2024-12-23 17:26</PriceUpdateDate>
      <ItemCode>7290019611646</ItemCode>
      <ItemType>1</ItemType>
      <ItemName>מטליות עבות סופגות בז' 2</ItemName>
      <ManufacturerName>---</ManufacturerName>
      <ManufactureCountry>IL</ManufactureCountry>
      <ManufacturerItemDescription>מטליות עבות סופגות בז 2</ManufacturerItemDescription>
      <UnitQty>יחידה</UnitQty>
      <Quantity>1.00</Quantity>
      <bIsWeighted>0</bIsWeighted>
      <UnitOfMeasure>יחידה</UnitOfMeasure>
      <QtyInPackage>1</QtyInPackage>
      <ItemPrice>11.20</ItemPrice>
      <UnitOfMeasurePrice>11.20</UnitOfMeasurePrice>
      <AllowDiscount>1</AllowDiscount>
      <ItemStatus>1</ItemStatus>
    </Item>
    <Item>
      <PriceUpdateDate>2024-12-23 17:21</PriceUpdateDate>
      <ItemCode>7290019611653</ItemCode>
      <ItemType>1</ItemType>
      <ItemName>מטליות מיקרו נשלפות30י</ItemName>
      <ManufacturerName>---</ManufacturerName>
      <ManufactureCountry>IL</ManufactureCountry>
      <ManufacturerItemDescription>מטליות מיקרו נשלפות30י</ManufacturerItemDescription>
      <UnitQty>יחידה</UnitQty>
      <Quantity>1.00</Quantity>
      <bIsWeighted>0</bIsWeighted>
      <UnitOfMeasure>יחידה</UnitOfMeasure>
      <QtyInPackage>1</QtyInPackage>
      <ItemPrice>43.50</ItemPrice>
      <UnitOfMeasurePrice>43.50</UnitOfMeasurePrice>
      <AllowDiscount>1</AllowDiscount>
      <ItemStatus>1</ItemStatus>
    </Item>
    <Item>
      <PriceUpdateDate>2024-12-23 17:26</PriceUpdateDate>
      <ItemCode>7290019611684</ItemCode>
      <ItemType>1</ItemType>
      <ItemName>מטלית רצפה לייבוש מהיר</ItemName>
      <ManufacturerName>---</ManufacturerName>
      <ManufactureCountry>IL</ManufactureCountry>
      <ManufacturerItemDescription>מטלית רצפה לייבוש מהיר</ManufacturerItemDescription>
      <UnitQty>יחידה</UnitQty>
      <Quantity>1.00</Quantity>
      <bIsWeighted>0</bIsWeighted>
      <UnitOfMeasure>יחידה</UnitOfMeasure>
      <QtyInPackage>1</QtyInPackage>
      <ItemPrice>15.20</ItemPrice>
      <UnitOfMeasurePrice>15.20</UnitOfMeasurePrice>
      <AllowDiscount>1</AllowDiscount>
      <ItemStatus>1</ItemStatus>
    </Item>
    <Item>
      <PriceUpdateDate>2024-12-23 17:26</PriceUpdateDate>
      <ItemCode>7290019611707</ItemCode>
      <ItemType>1</ItemType>
      <ItemName>2כריות קרצוף נירוסטה TNX</ItemName>
      <ManufacturerName>---</ManufacturerName>
      <ManufactureCountry>IL</ManufactureCountry>
      <ManufacturerItemDescription>2כריות קרצוף נירוסטה TNX</ManufacturerItemDescription>
      <UnitQty>יחידה</UnitQty>
      <Quantity>1.00</Quantity>
      <bIsWeighted>0</bIsWeighted>
      <UnitOfMeasure>יחידה</UnitOfMeasure>
      <QtyInPackage>1</QtyInPackage>
      <ItemPrice>12.20</ItemPrice>
      <UnitOfMeasurePrice>12.20</UnitOfMeasurePrice>
      <AllowDiscount>1</AllowDiscount>
      <ItemStatus>1</ItemStatus>
    </Item>
    <Item>
      <PriceUpdateDate>2024-12-23 17:26</PriceUpdateDate>
      <ItemCode>7290019611721</ItemCode>
      <ItemType>1</ItemType>
      <ItemName>מטלית ייעודית לניקוי אבק</ItemName>
      <ManufacturerName>---</ManufacturerName>
      <ManufactureCountry>IL</ManufactureCountry>
      <ManufacturerItemDescription>מטלית ייעודית לניקוי אבק</ManufacturerItemDescription>
      <UnitQty>יחידה</UnitQty>
      <Quantity>1.00</Quantity>
      <bIsWeighted>0</bIsWeighted>
      <UnitOfMeasure>יחידה</UnitOfMeasure>
      <QtyInPackage>1</QtyInPackage>
      <ItemPrice>9.20</ItemPrice>
      <UnitOfMeasurePrice>9.20</UnitOfMeasurePrice>
      <AllowDiscount>1</AllowDiscount>
      <ItemStatus>1</ItemStatus>
    </Item>
    <Item>
      <PriceUpdateDate>2024-12-23 17:26</PriceUpdateDate>
      <ItemCode>7290019611738</ItemCode>
      <ItemType>1</ItemType>
      <ItemName>6כריות קרצוף לכלים TNX</ItemName>
      <ManufacturerName>---</ManufacturerName>
      <ManufactureCountry>IL</ManufactureCountry>
      <ManufacturerItemDescription>6כריות קרצוף לכלים TNX</ManufacturerItemDescription>
      <UnitQty>יחידה</UnitQty>
      <Quantity>1.00</Quantity>
      <bIsWeighted>0</bIsWeighted>
      <UnitOfMeasure>יחידה</UnitOfMeasure>
      <QtyInPackage>1</QtyInPackage>
      <ItemPrice>15.30</ItemPrice>
      <UnitOfMeasurePrice>15.30</UnitOfMeasurePrice>
      <AllowDiscount>1</AllowDiscount>
      <ItemStatus>1</ItemStatus>
    </Item>
    <Item>
      <PriceUpdateDate>2025-07-01 11:08</PriceUpdateDate>
      <ItemCode>7290019612643</ItemCode>
      <ItemType>1</ItemType>
      <ItemName>אלסבון קטיפתי רוז 1ל XPO</ItemName>
      <ManufacturerName>טרופיקל דגיל תעשיות קוסמ</ManufacturerName>
      <ManufactureCountry>IL</ManufactureCountry>
      <ManufacturerItemDescription>אלסבון קטיפתי רוז 1ל XPO</ManufacturerItemDescription>
      <UnitQty>מיליליטרים</UnitQty>
      <Quantity>1000.00</Quantity>
      <bIsWeighted>0</bIsWeighted>
      <UnitOfMeasure>100 מ"ל</UnitOfMeasure>
      <QtyInPackage>1</QtyInPackage>
      <ItemPrice>14.90</ItemPrice>
      <UnitOfMeasurePrice>1.49</UnitOfMeasurePrice>
      <AllowDiscount>1</AllowDiscount>
      <ItemStatus>1</ItemStatus>
    </Item>
    <Item>
      <PriceUpdateDate>2025-04-10 12:53</PriceUpdateDate>
      <ItemCode>7290019612681</ItemCode>
      <ItemType>1</ItemType>
      <ItemName>אל סבון לידיים מארז3*500</ItemName>
      <ManufacturerName>טרופיקל דגיל תעשיות קוסמ</ManufacturerName>
      <ManufactureCountry>IL</ManufactureCountry>
      <ManufacturerItemDescription>אל סבון לידיים מארז3*500</ManufacturerItemDescription>
      <UnitQty>מיליליטרים</UnitQty>
      <Quantity>1500.00</Quantity>
      <bIsWeighted>0</bIsWeighted>
      <UnitOfMeasure>100 מ"ל</UnitOfMeasure>
      <QtyInPackage>1</QtyInPackage>
      <ItemPrice>15.90</ItemPrice>
      <UnitOfMeasurePrice>1.06</UnitOfMeasurePrice>
      <AllowDiscount>1</AllowDiscount>
      <ItemStatus>1</ItemStatus>
    </Item>
    <Item>
      <PriceUpdateDate>2025-01-01 10:05</PriceUpdateDate>
      <ItemCode>7290019715337</ItemCode>
      <ItemType>1</ItemType>
      <ItemName>סרום מטפח שיזוף 30מל</ItemName>
      <ManufacturerName>נוטריליניה SRL</ManufacturerName>
      <ManufactureCountry>IT</ManufactureCountry>
      <ManufacturerItemDescription>סרום מטפח שיזוף 30מל</ManufacturerItemDescription>
      <UnitQty>מיליליטרים</UnitQty>
      <Quantity>30.00</Quantity>
      <bIsWeighted>0</bIsWeighted>
      <UnitOfMeasure>100 מ"ל</UnitOfMeasure>
      <QtyInPackage>1</QtyInPackage>
      <ItemPrice>152.00</ItemPrice>
      <UnitOfMeasurePrice>506.67</UnitOfMeasurePrice>
      <AllowDiscount>1</AllowDiscount>
      <ItemStatus>1</ItemStatus>
    </Item>
    <Item>
      <PriceUpdateDate>2024-12-23 17:21</PriceUpdateDate>
      <ItemCode>7290019715368</ItemCode>
      <ItemType>1</ItemType>
      <ItemName>בראוני ברונזר מטפח30מל</ItemName>
      <ManufacturerName>WECKERLE</ManufacturerName>
      <ManufactureCountry>CN</ManufactureCountry>
      <ManufacturerItemDescription>בראוני ברונז ברו</ManufacturerItemDescription>
      <UnitQty>מיליליטרים</UnitQty>
      <Quantity>30.00</Quantity>
      <bIsWeighted>0</bIsWeighted>
      <UnitOfMeasure>100 מ"ל</UnitOfMeasure>
      <QtyInPackage>1</QtyInPackage>
      <ItemPrice>81.50</ItemPrice>
      <UnitOfMeasurePrice>271.67</UnitOfMeasurePrice>
      <AllowDiscount>1</AllowDiscount>
      <ItemStatus>1</ItemStatus>
    </Item>
    <Item>
      <PriceUpdateDate>2025-01-01 10:06</PriceUpdateDate>
      <ItemCode>7290019715542</ItemCode>
      <ItemType>1</ItemType>
      <ItemName>מסקרה  חומה לעיבוי</ItemName>
      <ManufacturerName>ANCOROTTI</ManufacturerName>
      <ManufactureCountry>IT</ManufactureCountry>
      <ManufacturerItemDescription>מסקרה  חומה לעיב</ManufacturerItemDescription>
      <UnitQty>יחידה</UnitQty>
      <Quantity>1.00</Quantity>
      <bIsWeighted>0</bIsWeighted>
      <UnitOfMeasure>יחידה</UnitOfMeasure>
      <QtyInPackage>1</QtyInPackage>
      <ItemPrice>70.90</ItemPrice>
      <UnitOfMeasurePrice>70.90</UnitOfMeasurePrice>
      <AllowDiscount>1</AllowDiscount>
      <ItemStatus>1</ItemStatus>
    </Item>
    <Item>
      <PriceUpdateDate>2025-05-23 06:22</PriceUpdateDate>
      <ItemCode>7290019771852</ItemCode>
      <ItemType>1</ItemType>
      <ItemName>מברשת ספרים עם שיער שחור</ItemName>
      <ManufacturerName>JK</ManufacturerName>
      <ManufactureCountry>CN</ManufactureCountry>
      <ManufacturerItemDescription>מברשת ספרים עם שיער שחור</ManufacturerItemDescription>
      <UnitQty>יחידה</UnitQty>
      <Quantity>1.00</Quantity>
      <bIsWeighted>0</bIsWeighted>
      <UnitOfMeasure>יחידה</UnitOfMeasure>
      <QtyInPackage>0</QtyInPackage>
      <ItemPrice>24.90</ItemPrice>
      <UnitOfMeasurePrice>24.90</UnitOfMeasurePrice>
      <AllowDiscount>1</AllowDiscount>
      <ItemStatus>1</ItemStatus>
    </Item>
    <Item>
      <PriceUpdateDate>2024-10-27 16:17</PriceUpdateDate>
      <ItemCode>7290019841838</ItemCode>
      <ItemType>1</ItemType>
      <ItemName>מנקה אסלות לימון 1ל XPO</ItemName>
      <ManufacturerName>סאסאטק אגש"ח בע"מ</ManufacturerName>
      <ManufactureCountry>IL</ManufactureCountry>
      <ManufacturerItemDescription>מנקה אסלות לימון 1ל XPO</ManufacturerItemDescription>
      <UnitQty>ליטרים</UnitQty>
      <Quantity>1.00</Quantity>
      <bIsWeighted>0</bIsWeighted>
      <UnitOfMeasure>ליטר</UnitOfMeasure>
      <QtyInPackage>1</QtyInPackage>
      <ItemPrice>8.90</ItemPrice>
      <UnitOfMeasurePrice>8.90</UnitOfMeasurePrice>
      <AllowDiscount>1</AllowDiscount>
      <ItemStatus>1</ItemStatus>
    </Item>
    <Item>
      <PriceUpdateDate>2025-11-27 21:30</PriceUpdateDate>
      <ItemCode>7290019841852</ItemCode>
      <ItemType>1</ItemType>
      <ItemName>ת.אקונומיקה לימון 1ל XPO</ItemName>
      <ManufacturerName>סאסאטק אגש"ח בע"מ</ManufacturerName>
      <ManufactureCountry>IL</ManufactureCountry>
      <ManufacturerItemDescription>ת.אקונומיקה לימון 1ל XPO</ManufacturerItemDescription>
      <UnitQty>ליטרים</UnitQty>
      <Quantity>1.00</Quantity>
      <bIsWeighted>0</bIsWeighted>
      <UnitOfMeasure>ליטר</UnitOfMeasure>
      <QtyInPackage>1</QtyInPackage>
      <ItemPrice>10.00</ItemPrice>
      <UnitOfMeasurePrice>10.00</UnitOfMeasurePrice>
      <AllowDiscount>1</AllowDiscount>
      <ItemStatus>1</ItemStatus>
    </Item>
    <Item>
      <PriceUpdateDate>2025-12-01 20:10</PriceUpdateDate>
      <ItemCode>7290019841869</ItemCode>
      <ItemType>1</ItemType>
      <ItemName>ג'ל אסלות לימון 750מ XPO</ItemName>
      <ManufacturerName>סאסאטק אגש"ח בע"מ</ManufacturerName>
      <ManufactureCountry>IL</ManufactureCountry>
      <ManufacturerItemDescription>גל אסלות לימון 750מ XPO</ManufacturerItemDescription>
      <UnitQty>מיליליטרים</UnitQty>
      <Quantity>750.00</Quantity>
      <bIsWeighted>0</bIsWeighted>
      <UnitOfMeasure>100 מ"ל</UnitOfMeasure>
      <QtyInPackage>1</QtyInPackage>
      <ItemPrice>7.90</ItemPrice>
      <UnitOfMeasurePrice>1.05</UnitOfMeasurePrice>
      <AllowDiscount>1</AllowDiscount>
      <ItemStatus>1</ItemStatus>
    </Item>
    <Item>
      <PriceUpdateDate>2025-12-01 20:10</PriceUpdateDate>
      <ItemCode>7290019841883</ItemCode>
      <ItemType>1</ItemType>
      <ItemName>גל כביסה מרוכז ירוקXPO3</ItemName>
      <ManufacturerName>סאסאטק אגש"ח בע"מ</ManufacturerName>
      <ManufactureCountry>IL</ManufactureCountry>
      <ManufacturerItemDescription>גל כביסה מרוכז ירוקXPO3</ManufacturerItemDescription>
      <UnitQty>ליטרים</UnitQty>
      <Quantity>3.00</Quantity>
      <bIsWeighted>0</bIsWeighted>
      <UnitOfMeasure>ליטר</UnitOfMeasure>
      <QtyInPackage>1</QtyInPackage>
      <ItemPrice>24.90</ItemPrice>
      <UnitOfMeasurePrice>8.30</UnitOfMeasurePrice>
      <AllowDiscount>1</AllowDiscount>
      <ItemStatus>1</ItemStatus>
    </Item>
    <Item>
      <PriceUpdateDate>2024-10-14 01:12</PriceUpdateDate>
      <ItemCode>7290019841920</ItemCode>
      <ItemType>1</ItemType>
      <ItemName>נוזל ניקוי חלונות 1ל XPO</ItemName>
      <ManufacturerName>סאסאטק אגש"ח בע"מ</ManufacturerName>
      <ManufactureCountry>IL</ManufactureCountry>
      <ManufacturerItemDescription>נוזל ניקוי חלונות 1ל XPO</ManufacturerItemDescription>
      <UnitQty>ליטרים</UnitQty>
      <Quantity>1.00</Quantity>
      <bIsWeighted>0</bIsWeighted>
      <UnitOfMeasure>ליטר</UnitOfMeasure>
      <QtyInPackage>1</QtyInPackage>
      <ItemPrice>10.90</ItemPrice>
      <UnitOfMeasurePrice>10.90</UnitOfMeasurePrice>
      <AllowDiscount>1</AllowDiscount>
      <ItemStatus>1</ItemStatus>
    </Item>
    <Item>
      <PriceUpdateDate>2024-12-23 17:26</PriceUpdateDate>
      <ItemCode>7290019841937</ItemCode>
      <ItemType>1</ItemType>
      <ItemName>מרסס מסיר שומנים XPO 1 ל</ItemName>
      <ManufacturerName>סאסאטק אגש"ח בע"מ</ManufacturerName>
      <ManufactureCountry>IL</ManufactureCountry>
      <ManufacturerItemDescription>מרסס מסיר שומנים XPO 1 ל</ManufacturerItemDescription>
      <UnitQty>ליטרים</UnitQty>
      <Quantity>1.00</Quantity>
      <bIsWeighted>0</bIsWeighted>
      <UnitOfMeasure>ליטר</UnitOfMeasure>
      <QtyInPackage>1</QtyInPackage>
      <ItemPrice>15.20</ItemPrice>
      <UnitOfMeasurePrice>15.20</UnitOfMeasurePrice>
      <AllowDiscount>1</AllowDiscount>
      <ItemStatus>1</ItemStatus>
    </Item>
    <Item>
      <PriceUpdateDate>2025-01-24 10:50</PriceUpdateDate>
      <ItemCode>7290019841944</ItemCode>
      <ItemType>1</ItemType>
      <ItemName>פותח סתימות 1ל XPO</ItemName>
      <ManufacturerName>סאסאטק אגש"ח בע"מ</ManufacturerName>
      <ManufactureCountry>IL</ManufactureCountry>
      <ManufacturerItemDescription>פותח סתימות 1ל XPO</ManufacturerItemDescription>
      <UnitQty>ליטרים</UnitQty>
      <Quantity>1.00</Quantity>
      <bIsWeighted>0</bIsWeighted>
      <UnitOfMeasure>ליטר</UnitOfMeasure>
      <QtyInPackage>1</QtyInPackage>
      <ItemPrice>20.90</ItemPrice>
      <UnitOfMeasurePrice>20.90</UnitOfMeasurePrice>
      <AllowDiscount>1</AllowDiscount>
      <ItemStatus>1</ItemStatus>
    </Item>
    <Item>
      <PriceUpdateDate>2025-01-01 10:05</PriceUpdateDate>
      <ItemCode>7290019960300</ItemCode>
      <ItemType>1</ItemType>
      <ItemName>וולווט פיור אדפ אישה 75מ</ItemName>
      <ManufacturerName>ספרינג אווירה וריח בע"מ</ManufacturerName>
      <ManufactureCountry>IL</ManufactureCountry>
      <ManufacturerItemDescription>וולווט פיור אדפ אישה 75מ</ManufacturerItemDescription>
      <UnitQty>מיליליטרים</UnitQty>
      <Quantity>75.00</Quantity>
      <bIsWeighted>0</bIsWeighted>
      <UnitOfMeasure>100 מ"ל</UnitOfMeasure>
      <QtyInPackage>1</QtyInPackage>
      <ItemPrice>152.00</ItemPrice>
      <UnitOfMeasurePrice>202.67</UnitOfMeasurePrice>
      <AllowDiscount>1</AllowDiscount>
      <ItemStatus>1</ItemStatus>
    </Item>
    <Item>
      <PriceUpdateDate>2025-05-16 05:41</PriceUpdateDate>
      <ItemCode>7290020092564</ItemCode>
      <ItemType>1</ItemType>
      <ItemName>סט התארגנות ביוטי</ItemName>
      <ManufacturerName>ג.זירו</ManufacturerName>
      <ManufactureCountry>CN</ManufactureCountry>
      <ManufacturerItemDescription>סט התארגנות ביוטי</ManufacturerItemDescription>
      <UnitQty>יחידה</UnitQty>
      <Quantity>1.00</Quantity>
      <bIsWeighted>0</bIsWeighted>
      <UnitOfMeasure>יחידה</UnitOfMeasure>
      <QtyInPackage>0</QtyInPackage>
      <ItemPrice>49.90</ItemPrice>
      <UnitOfMeasurePrice>49.90</UnitOfMeasurePrice>
      <AllowDiscount>1</AllowDiscount>
      <ItemStatus>1</ItemStatus>
    </Item>
    <Item>
      <PriceUpdateDate>2025-05-16 05:41</PriceUpdateDate>
      <ItemCode>7290020092571</ItemCode>
      <ItemType>1</ItemType>
      <ItemName>מברשת חפיפה ועיסוי</ItemName>
      <ManufacturerName>ג.זירו</ManufacturerName>
      <ManufactureCountry>CN</ManufactureCountry>
      <ManufacturerItemDescription>מברשת חפיפה ועיסוי</ManufacturerItemDescription>
      <UnitQty>יחידה</UnitQty>
      <Quantity>1.00</Quantity>
      <bIsWeighted>0</bIsWeighted>
      <UnitOfMeasure>יחידה</UnitOfMeasure>
      <QtyInPackage>0</QtyInPackage>
      <ItemPrice>29.90</ItemPrice>
      <UnitOfMeasurePrice>29.90</UnitOfMeasurePrice>
      <AllowDiscount>1</AllowDiscount>
      <ItemStatus>1</ItemStatus>
    </Item>
    <Item>
      <PriceUpdateDate>2025-05-16 05:41</PriceUpdateDate>
      <ItemCode>7290020092908</ItemCode>
      <ItemType>1</ItemType>
      <ItemName>מדבקות סיליקון לפטמות M</ItemName>
      <ManufacturerName>ג.זירו</ManufacturerName>
      <ManufactureCountry>CN</ManufactureCountry>
      <ManufacturerItemDescription>מדבקות סיליקון לפטמות M</ManufacturerItemDescription>
      <UnitQty>יחידה</UnitQty>
      <Quantity>1.00</Quantity>
      <bIsWeighted>0</bIsWeighted>
      <UnitOfMeasure>יחידה</UnitOfMeasure>
      <QtyInPackage>0</QtyInPackage>
      <ItemPrice>29.90</ItemPrice>
      <UnitOfMeasurePrice>29.90</UnitOfMeasurePrice>
      <AllowDiscount>1</AllowDiscount>
      <ItemStatus>1</ItemStatus>
    </Item>
    <Item>
      <PriceUpdateDate>2025-02-13 17:04</PriceUpdateDate>
      <ItemCode>7290020103703</ItemCode>
      <ItemType>1</ItemType>
      <ItemName>שמפו קרטין 400 מ"ל</ItemName>
      <ManufacturerName>SPA OF SEA</ManufacturerName>
      <ManufactureCountry>IL</ManufactureCountry>
      <ManufacturerItemDescription>שמפו קרטין 400 מ"ל</ManufacturerItemDescription>
      <UnitQty>מיליליטרים</UnitQty>
      <Quantity>400.00</Quantity>
      <bIsWeighted>0</bIsWeighted>
      <UnitOfMeasure>100 מ"ל</UnitOfMeasure>
      <QtyInPackage>1</QtyInPackage>
      <ItemPrice>29.90</ItemPrice>
      <UnitOfMeasurePrice>7.48</UnitOfMeasurePrice>
      <AllowDiscount>1</AllowDiscount>
      <ItemStatus>1</ItemStatus>
    </Item>
    <Item>
      <PriceUpdateDate>2025-02-13 17:04</PriceUpdateDate>
      <ItemCode>7290020103734</ItemCode>
      <ItemType>1</ItemType>
      <ItemName>סרום קרטין 125מ"ל</ItemName>
      <ManufacturerName>SPA OF SEA</ManufacturerName>
      <ManufactureCountry>IL</ManufactureCountry>
      <ManufacturerItemDescription>סרום קרטין 125מ"ל</ManufacturerItemDescription>
      <UnitQty>מיליליטרים</UnitQty>
      <Quantity>125.00</Quantity>
      <bIsWeighted>0</bIsWeighted>
      <UnitOfMeasure>100 מ"ל</UnitOfMeasure>
      <QtyInPackage>1</QtyInPackage>
      <ItemPrice>39.90</ItemPrice>
      <UnitOfMeasurePrice>31.92</UnitOfMeasurePrice>
      <AllowDiscount>1</AllowDiscount>
      <ItemStatus>1</ItemStatus>
    </Item>
    <Item>
      <PriceUpdateDate>2025-02-13 17:04</PriceUpdateDate>
      <ItemCode>7290020103741</ItemCode>
      <ItemType>1</ItemType>
      <ItemName>רידיפיין מרכך קרטין400מל</ItemName>
      <ManufacturerName>SPA OF SEA</ManufacturerName>
      <ManufactureCountry>IL</ManufactureCountry>
      <ManufacturerItemDescription>רידיפיין מרכך קרטין400מל</ManufacturerItemDescription>
      <UnitQty>מיליליטרים</UnitQty>
      <Quantity>400.00</Quantity>
      <bIsWeighted>0</bIsWeighted>
      <UnitOfMeasure>100 מ"ל</UnitOfMeasure>
      <QtyInPackage>1</QtyInPackage>
      <ItemPrice>29.90</ItemPrice>
      <UnitOfMeasurePrice>7.48</UnitOfMeasurePrice>
      <AllowDiscount>1</AllowDiscount>
      <ItemStatus>1</ItemStatus>
    </Item>
    <Item>
      <PriceUpdateDate>2025-02-13 17:04</PriceUpdateDate>
      <ItemCode>7290020103765</ItemCode>
      <ItemType>1</ItemType>
      <ItemName>שמפו ארגן ופשתן 400 מ"ל</ItemName>
      <ManufacturerName>SPA OF SEA</ManufacturerName>
      <ManufactureCountry>IL</ManufactureCountry>
      <ManufacturerItemDescription>שמפו ארגן ופשתן 400 מ"ל</ManufacturerItemDescription>
      <UnitQty>מיליליטרים</UnitQty>
      <Quantity>400.00</Quantity>
      <bIsWeighted>0</bIsWeighted>
      <UnitOfMeasure>100 מ"ל</UnitOfMeasure>
      <QtyInPackage>1</QtyInPackage>
      <ItemPrice>29.90</ItemPrice>
      <UnitOfMeasurePrice>7.48</UnitOfMeasurePrice>
      <AllowDiscount>1</AllowDiscount>
      <ItemStatus>1</ItemStatus>
    </Item>
    <Item>
      <PriceUpdateDate>2025-02-13 17:04</PriceUpdateDate>
      <ItemCode>7290020103772</ItemCode>
      <ItemType>1</ItemType>
      <ItemName>מסכה ארגן ופשתן 400 מ"ל</ItemName>
      <ManufacturerName>SPA OF SEA</ManufacturerName>
      <ManufactureCountry>IL</ManufactureCountry>
      <ManufacturerItemDescription>מסכה ארגן ופשתן 400 מ"ל</ManufacturerItemDescription>
      <UnitQty>מיליליטרים</UnitQty>
      <Quantity>400.00</Quantity>
      <bIsWeighted>0</bIsWeighted>
      <UnitOfMeasure>100 מ"ל</UnitOfMeasure>
      <QtyInPackage>1</QtyInPackage>
      <ItemPrice>44.90</ItemPrice>
      <UnitOfMeasurePrice>11.23</UnitOfMeasurePrice>
      <AllowDiscount>1</AllowDiscount>
      <ItemStatus>1</ItemStatus>
    </Item>
    <Item>
      <PriceUpdateDate>2025-02-13 17:04</PriceUpdateDate>
      <ItemCode>7290020103826</ItemCode>
      <ItemType>1</ItemType>
      <ItemName>שמפו חוחובה וקוקוס 400מל</ItemName>
      <ManufacturerName>SPA OF SEA</ManufacturerName>
      <ManufactureCountry>IL</ManufactureCountry>
      <ManufacturerItemDescription>שמפו חוחובה וקוקוס 400מל</ManufacturerItemDescription>
      <UnitQty>מיליליטרים</UnitQty>
      <Quantity>400.00</Quantity>
      <bIsWeighted>0</bIsWeighted>
      <UnitOfMeasure>100 מ"ל</UnitOfMeasure>
      <QtyInPackage>1</QtyInPackage>
      <ItemPrice>29.90</ItemPrice>
      <UnitOfMeasurePrice>7.48</UnitOfMeasurePrice>
      <AllowDiscount>1</AllowDiscount>
      <ItemStatus>1</ItemStatus>
    </Item>
    <Item>
      <PriceUpdateDate>2025-02-13 17:04</PriceUpdateDate>
      <ItemCode>7290020103833</ItemCode>
      <ItemType>1</ItemType>
      <ItemName>מסיכה חוחובה 500 מ"ל</ItemName>
      <ManufacturerName>SPA OF SEA</ManufacturerName>
      <ManufactureCountry>IL</ManufactureCountry>
      <ManufacturerItemDescription>מסיכה חוחובה 500 מ"ל</ManufacturerItemDescription>
      <UnitQty>מיליליטרים</UnitQty>
      <Quantity>500.00</Quantity>
      <bIsWeighted>0</bIsWeighted>
      <UnitOfMeasure>100 מ"ל</UnitOfMeasure>
      <QtyInPackage>1</QtyInPackage>
      <ItemPrice>44.90</ItemPrice>
      <UnitOfMeasurePrice>8.98</UnitOfMeasurePrice>
      <AllowDiscount>1</AllowDiscount>
      <ItemStatus>1</ItemStatus>
    </Item>
    <Item>
      <PriceUpdateDate>2025-02-13 17:04</PriceUpdateDate>
      <ItemCode>7290020103840</ItemCode>
      <ItemType>1</ItemType>
      <ItemName>סרום חוחובה וקוקוס125מ"ל</ItemName>
      <ManufacturerName>SPA OF SEA</ManufacturerName>
      <ManufactureCountry>IL</ManufactureCountry>
      <ManufacturerItemDescription>סרום חוחובה וקוקוס125מ"ל</ManufacturerItemDescription>
      <UnitQty>מיליליטרים</UnitQty>
      <Quantity>125.00</Quantity>
      <bIsWeighted>0</bIsWeighted>
      <UnitOfMeasure>100 מ"ל</UnitOfMeasure>
      <QtyInPackage>1</QtyInPackage>
      <ItemPrice>39.90</ItemPrice>
      <UnitOfMeasurePrice>31.92</UnitOfMeasurePrice>
      <AllowDiscount>1</AllowDiscount>
      <ItemStatus>1</ItemStatus>
    </Item>
    <Item>
      <PriceUpdateDate>2025-02-13 17:04</PriceUpdateDate>
      <ItemCode>7290020103857</ItemCode>
      <ItemType>1</ItemType>
      <ItemName>מסיכהלשיער חוחובה200 מ"ל</ItemName>
      <ManufacturerName>SPA OF SEA</ManufacturerName>
      <ManufactureCountry>IL</ManufactureCountry>
      <ManufacturerItemDescription>מסיכהלשיער חוחובה200 מ"ל</ManufacturerItemDescription>
      <UnitQty>מיליליטרים</UnitQty>
      <Quantity>200.00</Quantity>
      <bIsWeighted>0</bIsWeighted>
      <UnitOfMeasure>100 מ"ל</UnitOfMeasure>
      <QtyInPackage>1</QtyInPackage>
      <ItemPrice>39.90</ItemPrice>
      <UnitOfMeasurePrice>19.95</UnitOfMeasurePrice>
      <AllowDiscount>1</AllowDiscount>
      <ItemStatus>1</ItemStatus>
    </Item>
    <Item>
      <PriceUpdateDate>2025-02-13 17:04</PriceUpdateDate>
      <ItemCode>7290020103918</ItemCode>
      <ItemType>1</ItemType>
      <ItemName>מסכה נגד נשירה 400 מ"ל</ItemName>
      <ManufacturerName>SPA OF SEA</ManufacturerName>
      <ManufactureCountry>IL</ManufactureCountry>
      <ManufacturerItemDescription>מסכה נגד נשירה 400 מ"ל</ManufacturerItemDescription>
      <UnitQty>מיליליטרים</UnitQty>
      <Quantity>400.00</Quantity>
      <bIsWeighted>0</bIsWeighted>
      <UnitOfMeasure>100 מ"ל</UnitOfMeasure>
      <QtyInPackage>1</QtyInPackage>
      <ItemPrice>44.90</ItemPrice>
      <UnitOfMeasurePrice>11.23</UnitOfMeasurePrice>
      <AllowDiscount>1</AllowDiscount>
      <ItemStatus>1</ItemStatus>
    </Item>
    <Item>
      <PriceUpdateDate>2025-12-01 20:10</PriceUpdateDate>
      <ItemCode>7290020188007</ItemCode>
      <ItemType>1</ItemType>
      <ItemName>מט.לניקוי לימון 400י XPO</ItemName>
      <ManufacturerName>סאסאטק אגש"ח בע"מ</ManufacturerName>
      <ManufactureCountry>IL</ManufactureCountry>
      <ManufacturerItemDescription>מט.לניקוי לימון 400י XPO</ManufacturerItemDescription>
      <UnitQty>יחידה</UnitQty>
      <Quantity>1.00</Quantity>
      <bIsWeighted>0</bIsWeighted>
      <UnitOfMeasure>יחידה</UnitOfMeasure>
      <QtyInPackage>1</QtyInPackage>
      <ItemPrice>19.90</ItemPrice>
      <UnitOfMeasurePrice>19.90</UnitOfMeasurePrice>
      <AllowDiscount>1</AllowDiscount>
      <ItemStatus>1</ItemStatus>
    </Item>
    <Item>
      <PriceUpdateDate>2025-12-01 20:10</PriceUpdateDate>
      <ItemCode>7290020188045</ItemCode>
      <ItemType>1</ItemType>
      <ItemName>מ.לחות לרצפה ספאXPO 10</ItemName>
      <ManufacturerName>סאסאטק אגש"ח בע"מ</ManufacturerName>
      <ManufactureCountry>IL</ManufactureCountry>
      <ManufacturerItemDescription>מ.לחות לרצפה ספא10 XPO</ManufacturerItemDescription>
      <UnitQty>יחידה</UnitQty>
      <Quantity>1.00</Quantity>
      <bIsWeighted>0</bIsWeighted>
      <UnitOfMeasure>יחידה</UnitOfMeasure>
      <QtyInPackage>1</QtyInPackage>
      <ItemPrice>10.00</ItemPrice>
      <UnitOfMeasurePrice>10.00</UnitOfMeasurePrice>
      <AllowDiscount>1</AllowDiscount>
      <ItemStatus>1</ItemStatus>
    </Item>
    <Item>
      <PriceUpdateDate>2025-12-01 20:10</PriceUpdateDate>
      <ItemCode>7290020188052</ItemCode>
      <ItemType>1</ItemType>
      <ItemName>מ.לחות לרצפה רענןXPO 10</ItemName>
      <ManufacturerName>סאסאטק אגש"ח בע"מ</ManufacturerName>
      <ManufactureCountry>IL</ManufactureCountry>
      <ManufacturerItemDescription>מ.לחות לרצפה רענן10 XPO</ManufacturerItemDescription>
      <UnitQty>יחידה</UnitQty>
      <Quantity>1.00</Quantity>
      <bIsWeighted>0</bIsWeighted>
      <UnitOfMeasure>יחידה</UnitOfMeasure>
      <QtyInPackage>1</QtyInPackage>
      <ItemPrice>10.00</ItemPrice>
      <UnitOfMeasurePrice>10.00</UnitOfMeasurePrice>
      <AllowDiscount>1</AllowDiscount>
      <ItemStatus>1</ItemStatus>
    </Item>
    <Item>
      <PriceUpdateDate>2025-11-27 21:30</PriceUpdateDate>
      <ItemCode>7290020188076</ItemCode>
      <ItemType>1</ItemType>
      <ItemName>מ.כביסה מרוכז פיור1ל XPO</ItemName>
      <ManufacturerName>סאסאטק אגש"ח בע"מ</ManufacturerName>
      <ManufactureCountry>IL</ManufactureCountry>
      <ManufacturerItemDescription>מ.כביסה מרוכז פיור1ל XPO</ManufacturerItemDescription>
      <UnitQty>ליטרים</UnitQty>
      <Quantity>1.00</Quantity>
      <bIsWeighted>0</bIsWeighted>
      <UnitOfMeasure>ליטר</UnitOfMeasure>
      <QtyInPackage>1</QtyInPackage>
      <ItemPrice>10.00</ItemPrice>
      <UnitOfMeasurePrice>10.00</UnitOfMeasurePrice>
      <AllowDiscount>1</AllowDiscount>
      <ItemStatus>1</ItemStatus>
    </Item>
    <Item>
      <PriceUpdateDate>2025-11-27 21:30</PriceUpdateDate>
      <ItemCode>7290020188083</ItemCode>
      <ItemType>1</ItemType>
      <ItemName>מ.כביסה מרוכז ויטאל1 XPO</ItemName>
      <ManufacturerName>סאסאטק אגש"ח בע"מ</ManufacturerName>
      <ManufactureCountry>IL</ManufactureCountry>
      <ManufacturerItemDescription>מ.כביסה מרוכז ויטאל1 XPO</ManufacturerItemDescription>
      <UnitQty>ליטרים</UnitQty>
      <Quantity>1.00</Quantity>
      <bIsWeighted>0</bIsWeighted>
      <UnitOfMeasure>ליטר</UnitOfMeasure>
      <QtyInPackage>1</QtyInPackage>
      <ItemPrice>10.00</ItemPrice>
      <UnitOfMeasurePrice>10.00</UnitOfMeasurePrice>
      <AllowDiscount>1</AllowDiscount>
      <ItemStatus>1</ItemStatus>
    </Item>
    <Item>
      <PriceUpdateDate>2025-11-27 21:30</PriceUpdateDate>
      <ItemCode>7290020188090</ItemCode>
      <ItemType>1</ItemType>
      <ItemName>מ.כביסה מרוכז1 BREEZ-XPO</ItemName>
      <ManufacturerName>סאסאטק אגש"ח בע"מ</ManufacturerName>
      <ManufactureCountry>IL</ManufactureCountry>
      <ManufacturerItemDescription>מ.כביסה מרוכז1 BREEZ-XPO</ManufacturerItemDescription>
      <UnitQty>ליטרים</UnitQty>
      <Quantity>1.00</Quantity>
      <bIsWeighted>0</bIsWeighted>
      <UnitOfMeasure>ליטר</UnitOfMeasure>
      <QtyInPackage>1</QtyInPackage>
      <ItemPrice>10.00</ItemPrice>
      <UnitOfMeasurePrice>10.00</UnitOfMeasurePrice>
      <AllowDiscount>1</AllowDiscount>
      <ItemStatus>1</ItemStatus>
    </Item>
    <Item>
      <PriceUpdateDate>2025-11-27 21:30</PriceUpdateDate>
      <ItemCode>7290020188106</ItemCode>
      <ItemType>1</ItemType>
      <ItemName>מ.כביסה מרוכז1VALVET-XPO</ItemName>
      <ManufacturerName>סאסאטק אגש"ח בע"מ</ManufacturerName>
      <ManufactureCountry>IL</ManufactureCountry>
      <ManufacturerItemDescription>מ.כביסה מרוכז1VALVET-XPO</ManufacturerItemDescription>
      <UnitQty>ליטרים</UnitQty>
      <Quantity>1.00</Quantity>
      <bIsWeighted>0</bIsWeighted>
      <UnitOfMeasure>ליטר</UnitOfMeasure>
      <QtyInPackage>1</QtyInPackage>
      <ItemPrice>10.00</ItemPrice>
      <UnitOfMeasurePrice>10.00</UnitOfMeasurePrice>
      <AllowDiscount>1</AllowDiscount>
      <ItemStatus>1</ItemStatus>
    </Item>
    <Item>
      <PriceUpdateDate>2025-12-01 20:10</PriceUpdateDate>
      <ItemCode>7290020188151</ItemCode>
      <ItemType>1</ItemType>
      <ItemName>נוזל כלים24% לימוןXPO750</ItemName>
      <ManufacturerName>סאסאטק אגש"ח בע"מ</ManufacturerName>
      <ManufactureCountry>IL</ManufactureCountry>
      <ManufacturerItemDescription>נוזל כלים24% לימוןXPO750</ManufacturerItemDescription>
      <UnitQty>מיליליטרים</UnitQty>
      <Quantity>750.00</Quantity>
      <bIsWeighted>0</bIsWeighted>
      <UnitOfMeasure>100 מ"ל</UnitOfMeasure>
      <QtyInPackage>1</QtyInPackage>
      <ItemPrice>7.90</ItemPrice>
      <UnitOfMeasurePrice>1.05</UnitOfMeasurePrice>
      <AllowDiscount>1</AllowDiscount>
      <ItemStatus>1</ItemStatus>
    </Item>
    <Item>
      <PriceUpdateDate>2025-12-01 20:10</PriceUpdateDate>
      <ItemCode>7290020188168</ItemCode>
      <ItemType>1</ItemType>
      <ItemName>נוזל כלים תפוח 750מ XPO</ItemName>
      <ManufacturerName>סאסאטק אגש"ח בע"מ</ManufacturerName>
      <ManufactureCountry>IL</ManufactureCountry>
      <ManufacturerItemDescription>נוזל כלים תפוח 750מ XPO</ManufacturerItemDescription>
      <UnitQty>מיליליטרים</UnitQty>
      <Quantity>750.00</Quantity>
      <bIsWeighted>0</bIsWeighted>
      <UnitOfMeasure>100 מ"ל</UnitOfMeasure>
      <QtyInPackage>1</QtyInPackage>
      <ItemPrice>7.90</ItemPrice>
      <UnitOfMeasurePrice>1.05</UnitOfMeasurePrice>
      <AllowDiscount>1</AllowDiscount>
      <ItemStatus>1</ItemStatus>
    </Item>
    <Item>
      <PriceUpdateDate>2025-12-01 20:10</PriceUpdateDate>
      <ItemCode>7290020188182</ItemCode>
      <ItemType>1</ItemType>
      <ItemName>נ.כלים לימון+משאבה1ל XPO</ItemName>
      <ManufacturerName>סאסאטק אגש"ח בע"מ</ManufacturerName>
      <ManufactureCountry>IL</ManufactureCountry>
      <ManufacturerItemDescription>נ.כלים לימון+משאבה1ל XPO</ManufacturerItemDescription>
      <UnitQty>ליטרים</UnitQty>
      <Quantity>1.00</Quantity>
      <bIsWeighted>0</bIsWeighted>
      <UnitOfMeasure>ליטר</UnitOfMeasure>
      <QtyInPackage>1</QtyInPackage>
      <ItemPrice>10.00</ItemPrice>
      <UnitOfMeasurePrice>10.00</UnitOfMeasurePrice>
      <AllowDiscount>1</AllowDiscount>
      <ItemStatus>1</ItemStatus>
    </Item>
    <Item>
      <PriceUpdateDate>2025-12-01 20:10</PriceUpdateDate>
      <ItemCode>7290020188274</ItemCode>
      <ItemType>1</ItemType>
      <ItemName>5ב1נוזל+מ.כביסה אושןXPO2</ItemName>
      <ManufacturerName>סאסאטק אגש"ח בע"מ</ManufacturerName>
      <ManufactureCountry>IL</ManufactureCountry>
      <ManufacturerItemDescription>5ב1נוזל+מ.כביסה אושןXPO2</ManufacturerItemDescription>
      <UnitQty>ליטרים</UnitQty>
      <Quantity>2.00</Quantity>
      <bIsWeighted>0</bIsWeighted>
      <UnitOfMeasure>ליטר</UnitOfMeasure>
      <QtyInPackage>1</QtyInPackage>
      <ItemPrice>29.90</ItemPrice>
      <UnitOfMeasurePrice>14.95</UnitOfMeasurePrice>
      <AllowDiscount>1</AllowDiscount>
      <ItemStatus>1</ItemStatus>
    </Item>
    <Item>
      <PriceUpdateDate>2025-11-27 21:30</PriceUpdateDate>
      <ItemCode>7290020188304</ItemCode>
      <ItemType>1</ItemType>
      <ItemName>מרסס ניקוי כללי 1ל XPO</ItemName>
      <ManufacturerName>סאסאטק אגש"ח בע"מ</ManufacturerName>
      <ManufactureCountry>IL</ManufactureCountry>
      <ManufacturerItemDescription>מרסס ניקוי כללי 1ל XPO</ManufacturerItemDescription>
      <UnitQty>ליטרים</UnitQty>
      <Quantity>1.00</Quantity>
      <bIsWeighted>0</bIsWeighted>
      <UnitOfMeasure>ליטר</UnitOfMeasure>
      <QtyInPackage>1</QtyInPackage>
      <ItemPrice>10.00</ItemPrice>
      <UnitOfMeasurePrice>10.00</UnitOfMeasurePrice>
      <AllowDiscount>1</AllowDiscount>
      <ItemStatus>1</ItemStatus>
    </Item>
    <Item>
      <PriceUpdateDate>2025-12-01 20:10</PriceUpdateDate>
      <ItemCode>7290020188571</ItemCode>
      <ItemType>1</ItemType>
      <ItemName>תרסיס מסיר כתמים750מ XPO</ItemName>
      <ManufacturerName>סאסאטק אגש"ח בע"מ</ManufacturerName>
      <ManufactureCountry>IL</ManufactureCountry>
      <ManufacturerItemDescription>תרסיס מסיר כתמים750מ XPO</ManufacturerItemDescription>
      <UnitQty>מיליליטרים</UnitQty>
      <Quantity>750.00</Quantity>
      <bIsWeighted>0</bIsWeighted>
      <UnitOfMeasure>100 מ"ל</UnitOfMeasure>
      <QtyInPackage>1</QtyInPackage>
      <ItemPrice>12.90</ItemPrice>
      <UnitOfMeasurePrice>1.72</UnitOfMeasurePrice>
      <AllowDiscount>1</AllowDiscount>
      <ItemStatus>1</ItemStatus>
    </Item>
    <Item>
      <PriceUpdateDate>2025-07-25 05:39</PriceUpdateDate>
      <ItemCode>7290020188625</ItemCode>
      <ItemType>1</ItemType>
      <ItemName>קפסולות ג'ל למדיח30יXPO</ItemName>
      <ManufacturerName>שניב</ManufacturerName>
      <ManufactureCountry>IL</ManufactureCountry>
      <ManufacturerItemDescription>קפסולות גל למדיח30יXPO</ManufacturerItemDescription>
      <UnitQty>יחידה</UnitQty>
      <Quantity>1.00</Quantity>
      <bIsWeighted>0</bIsWeighted>
      <UnitOfMeasure>יחידה</UnitOfMeasure>
      <QtyInPackage>1</QtyInPackage>
      <ItemPrice>34.90</ItemPrice>
      <UnitOfMeasurePrice>34.90</UnitOfMeasurePrice>
      <AllowDiscount>1</AllowDiscount>
      <ItemStatus>1</ItemStatus>
    </Item>
    <Item>
      <PriceUpdateDate>2025-07-25 05:39</PriceUpdateDate>
      <ItemCode>7290020188632</ItemCode>
      <ItemType>1</ItemType>
      <ItemName>קפסולות ג'ל לכביסה30יXPO</ItemName>
      <ManufacturerName>שניב</ManufacturerName>
      <ManufactureCountry>IL</ManufactureCountry>
      <ManufacturerItemDescription>קפסולות גל לכביסה30יXPO</ManufacturerItemDescription>
      <UnitQty>יחידה</UnitQty>
      <Quantity>1.00</Quantity>
      <bIsWeighted>0</bIsWeighted>
      <UnitOfMeasure>יחידה</UnitOfMeasure>
      <QtyInPackage>1</QtyInPackage>
      <ItemPrice>34.90</ItemPrice>
      <UnitOfMeasurePrice>34.90</UnitOfMeasurePrice>
      <AllowDiscount>1</AllowDiscount>
      <ItemStatus>1</ItemStatus>
    </Item>
    <Item>
      <PriceUpdateDate>2025-09-05 05:37</PriceUpdateDate>
      <ItemCode>7290020209573</ItemCode>
      <ItemType>1</ItemType>
      <ItemName>בודי ספלאש וילוט קרם180מ</ItemName>
      <ManufacturerName>ספרינג אווירה וריח בע"מ</ManufacturerName>
      <ManufactureCountry>IL</ManufactureCountry>
      <ManufacturerItemDescription>בודי ספלאש וילוט קרם180מ</ManufacturerItemDescription>
      <UnitQty>מיליליטרים</UnitQty>
      <Quantity>180.00</Quantity>
      <bIsWeighted>0</bIsWeighted>
      <UnitOfMeasure>100 מ"ל</UnitOfMeasure>
      <QtyInPackage>1</QtyInPackage>
      <ItemPrice>46.50</ItemPrice>
      <UnitOfMeasurePrice>25.83</UnitOfMeasurePrice>
      <AllowDiscount>1</AllowDiscount>
      <ItemStatus>1</ItemStatus>
    </Item>
    <Item>
      <PriceUpdateDate>2025-06-27 05:42</PriceUpdateDate>
      <ItemCode>7290020269041</ItemCode>
      <ItemType>1</ItemType>
      <ItemName>נ.לשואב שוטף פיורXPO 1.5</ItemName>
      <ManufacturerName>סאסאטק אגש"ח בע"מ</ManufacturerName>
      <ManufactureCountry>IL</ManufactureCountry>
      <ManufacturerItemDescription>נ.לשואב שוטף פיור1.5 XPO</ManufacturerItemDescription>
      <UnitQty>ליטרים</UnitQty>
      <Quantity>1.50</Quantity>
      <bIsWeighted>0</bIsWeighted>
      <UnitOfMeasure>ליטר</UnitOfMeasure>
      <QtyInPackage>1</QtyInPackage>
      <ItemPrice>29.90</ItemPrice>
      <UnitOfMeasurePrice>19.93</UnitOfMeasurePrice>
      <AllowDiscount>1</AllowDiscount>
      <ItemStatus>1</ItemStatus>
    </Item>
    <Item>
      <PriceUpdateDate>2025-06-27 05:42</PriceUpdateDate>
      <ItemCode>7290020269058</ItemCode>
      <ItemType>1</ItemType>
      <ItemName>נ.שואב שוטף בוטיקXPO 1.5</ItemName>
      <ManufacturerName>סאסאטק אגש"ח בע"מ</ManufacturerName>
      <ManufactureCountry>IL</ManufactureCountry>
      <ManufacturerItemDescription>נ.שואב שוטף בוטיק1.5 XPO</ManufacturerItemDescription>
      <UnitQty>ליטרים</UnitQty>
      <Quantity>1.50</Quantity>
      <bIsWeighted>0</bIsWeighted>
      <UnitOfMeasure>ליטר</UnitOfMeasure>
      <QtyInPackage>1</QtyInPackage>
      <ItemPrice>29.90</ItemPrice>
      <UnitOfMeasurePrice>19.93</UnitOfMeasurePrice>
      <AllowDiscount>1</AllowDiscount>
      <ItemStatus>1</ItemStatus>
    </Item>
    <Item>
      <PriceUpdateDate>2025-05-07 18:43</PriceUpdateDate>
      <ItemCode>7290020312167</ItemCode>
      <ItemType>1</ItemType>
      <ItemName>גומיות ספירלה סיליקון</ItemName>
      <ManufacturerName>E.LSA</ManufacturerName>
      <ManufactureCountry>CN</ManufactureCountry>
      <ManufacturerItemDescription>גומיות ספירלה סיליקון</ManufacturerItemDescription>
      <UnitQty>יחידה</UnitQty>
      <Quantity>1.00</Quantity>
      <bIsWeighted>0</bIsWeighted>
      <UnitOfMeasure>יחידה</UnitOfMeasure>
      <QtyInPackage>0</QtyInPackage>
      <ItemPrice>8.90</ItemPrice>
      <UnitOfMeasurePrice>8.90</UnitOfMeasurePrice>
      <AllowDiscount>1</AllowDiscount>
      <ItemStatus>1</ItemStatus>
    </Item>
    <Item>
      <PriceUpdateDate>2025-05-07 18:43</PriceUpdateDate>
      <ItemCode>7290020312235</ItemCode>
      <ItemType>1</ItemType>
      <ItemName>שלישיית קליפסים זיג-זג</ItemName>
      <ManufacturerName>E.LSA</ManufacturerName>
      <ManufactureCountry>CN</ManufactureCountry>
      <ManufacturerItemDescription>שלישיית קליפסים זיג-זג</ManufacturerItemDescription>
      <UnitQty>יחידה</UnitQty>
      <Quantity>1.00</Quantity>
      <bIsWeighted>0</bIsWeighted>
      <UnitOfMeasure>יחידה</UnitOfMeasure>
      <QtyInPackage>0</QtyInPackage>
      <ItemPrice>14.90</ItemPrice>
      <UnitOfMeasurePrice>14.90</UnitOfMeasurePrice>
      <AllowDiscount>1</AllowDiscount>
      <ItemStatus>1</ItemStatus>
    </Item>
    <Item>
      <PriceUpdateDate>2025-05-07 18:43</PriceUpdateDate>
      <ItemCode>7290020312242</ItemCode>
      <ItemType>1</ItemType>
      <ItemName>קליפס גדול לשיער עבה</ItemName>
      <ManufacturerName>E.LSA</ManufacturerName>
      <ManufactureCountry>CN</ManufactureCountry>
      <ManufacturerItemDescription>קליפס גדול לשיער עבה</ManufacturerItemDescription>
      <UnitQty>יחידה</UnitQty>
      <Quantity>1.00</Quantity>
      <bIsWeighted>0</bIsWeighted>
      <UnitOfMeasure>יחידה</UnitOfMeasure>
      <QtyInPackage>0</QtyInPackage>
      <ItemPrice>8.90</ItemPrice>
      <UnitOfMeasurePrice>8.90</UnitOfMeasurePrice>
      <AllowDiscount>1</AllowDiscount>
      <ItemStatus>1</ItemStatus>
    </Item>
    <Item>
      <PriceUpdateDate>2025-05-07 18:43</PriceUpdateDate>
      <ItemCode>7290020312280</ItemCode>
      <ItemType>1</ItemType>
      <ItemName>זוג קליפסים מעוצבים</ItemName>
      <ManufacturerName>E.LSA</ManufacturerName>
      <ManufactureCountry>CN</ManufactureCountry>
      <ManufacturerItemDescription>זוג קליפסים מעוצבים</ManufacturerItemDescription>
      <UnitQty>יחידה</UnitQty>
      <Quantity>1.00</Quantity>
      <bIsWeighted>0</bIsWeighted>
      <UnitOfMeasure>יחידה</UnitOfMeasure>
      <QtyInPackage>0</QtyInPackage>
      <ItemPrice>12.90</ItemPrice>
      <UnitOfMeasurePrice>12.90</UnitOfMeasurePrice>
      <AllowDiscount>1</AllowDiscount>
      <ItemStatus>1</ItemStatus>
    </Item>
    <Item>
      <PriceUpdateDate>2025-05-07 18:43</PriceUpdateDate>
      <ItemCode>7290020312303</ItemCode>
      <ItemType>1</ItemType>
      <ItemName>קליפס פנינים גדול</ItemName>
      <ManufacturerName>E.LSA</ManufacturerName>
      <ManufactureCountry>CN</ManufactureCountry>
      <ManufacturerItemDescription>קליפס פנינים גדול</ManufacturerItemDescription>
      <UnitQty>יחידה</UnitQty>
      <Quantity>1.00</Quantity>
      <bIsWeighted>0</bIsWeighted>
      <UnitOfMeasure>יחידה</UnitOfMeasure>
      <QtyInPackage>0</QtyInPackage>
      <ItemPrice>8.90</ItemPrice>
      <UnitOfMeasurePrice>8.90</UnitOfMeasurePrice>
      <AllowDiscount>1</AllowDiscount>
      <ItemStatus>1</ItemStatus>
    </Item>
    <Item>
      <PriceUpdateDate>2025-05-07 18:43</PriceUpdateDate>
      <ItemCode>7290020312327</ItemCode>
      <ItemType>1</ItemType>
      <ItemName>קליפס פרח ורוד</ItemName>
      <ManufacturerName>E.LSA</ManufacturerName>
      <ManufactureCountry>CN</ManufactureCountry>
      <ManufacturerItemDescription>קליפס פרח ורוד</ManufacturerItemDescription>
      <UnitQty>יחידה</UnitQty>
      <Quantity>1.00</Quantity>
      <bIsWeighted>0</bIsWeighted>
      <UnitOfMeasure>יחידה</UnitOfMeasure>
      <QtyInPackage>0</QtyInPackage>
      <ItemPrice>11.90</ItemPrice>
      <UnitOfMeasurePrice>11.90</UnitOfMeasurePrice>
      <AllowDiscount>1</AllowDiscount>
      <ItemStatus>1</ItemStatus>
    </Item>
    <Item>
      <PriceUpdateDate>2025-05-07 18:43</PriceUpdateDate>
      <ItemCode>7290020312334</ItemCode>
      <ItemType>1</ItemType>
      <ItemName>קליפס פרח לבן</ItemName>
      <ManufacturerName>E.LSA</ManufacturerName>
      <ManufactureCountry>CN</ManufactureCountry>
      <ManufacturerItemDescription>קליפס פרח לבן</ManufacturerItemDescription>
      <UnitQty>יחידה</UnitQty>
      <Quantity>1.00</Quantity>
      <bIsWeighted>0</bIsWeighted>
      <UnitOfMeasure>יחידה</UnitOfMeasure>
      <QtyInPackage>0</QtyInPackage>
      <ItemPrice>11.90</ItemPrice>
      <UnitOfMeasurePrice>11.90</UnitOfMeasurePrice>
      <AllowDiscount>1</AllowDiscount>
      <ItemStatus>1</ItemStatus>
    </Item>
    <Item>
      <PriceUpdateDate>2025-05-07 18:43</PriceUpdateDate>
      <ItemCode>7290020312372</ItemCode>
      <ItemType>1</ItemType>
      <ItemName>סט קליפסים מיני צדפה</ItemName>
      <ManufacturerName>E.LSA</ManufacturerName>
      <ManufactureCountry>CN</ManufactureCountry>
      <ManufacturerItemDescription>סט קליפסים מיני צדפה</ManufacturerItemDescription>
      <UnitQty>יחידה</UnitQty>
      <Quantity>1.00</Quantity>
      <bIsWeighted>0</bIsWeighted>
      <UnitOfMeasure>יחידה</UnitOfMeasure>
      <QtyInPackage>0</QtyInPackage>
      <ItemPrice>14.90</ItemPrice>
      <UnitOfMeasurePrice>14.90</UnitOfMeasurePrice>
      <AllowDiscount>1</AllowDiscount>
      <ItemStatus>1</ItemStatus>
    </Item>
    <Item>
      <PriceUpdateDate>2025-05-07 18:43</PriceUpdateDate>
      <ItemCode>7290020312389</ItemCode>
      <ItemType>1</ItemType>
      <ItemName>קליפס בננה שטוח</ItemName>
      <ManufacturerName>E.LSA</ManufacturerName>
      <ManufactureCountry>CN</ManufactureCountry>
      <ManufacturerItemDescription>קליפס בננה שטוח</ManufacturerItemDescription>
      <UnitQty>יחידה</UnitQty>
      <Quantity>1.00</Quantity>
      <bIsWeighted>0</bIsWeighted>
      <UnitOfMeasure>יחידה</UnitOfMeasure>
      <QtyInPackage>0</QtyInPackage>
      <ItemPrice>13.90</ItemPrice>
      <UnitOfMeasurePrice>13.90</UnitOfMeasurePrice>
      <AllowDiscount>1</AllowDiscount>
      <ItemStatus>1</ItemStatus>
    </Item>
    <Item>
      <PriceUpdateDate>2025-09-10 10:50</PriceUpdateDate>
      <ItemCode>7290020312433</ItemCode>
      <ItemType>1</ItemType>
      <ItemName>זוג קליפסים כריש מנומר</ItemName>
      <ManufacturerName>E.LSA</ManufacturerName>
      <ManufactureCountry>CN</ManufactureCountry>
      <ManufacturerItemDescription>זוג קליפסים כריש מנומר</ManufacturerItemDescription>
      <UnitQty>יחידה</UnitQty>
      <Quantity>1.00</Quantity>
      <bIsWeighted>0</bIsWeighted>
      <UnitOfMeasure>יחידה</UnitOfMeasure>
      <QtyInPackage>1</QtyInPackage>
      <ItemPrice>17.90</ItemPrice>
      <UnitOfMeasurePrice>17.90</UnitOfMeasurePrice>
      <AllowDiscount>1</AllowDiscount>
      <ItemStatus>1</ItemStatus>
    </Item>
    <Item>
      <PriceUpdateDate>2025-05-07 18:43</PriceUpdateDate>
      <ItemCode>7290020312488</ItemCode>
      <ItemType>1</ItemType>
      <ItemName>זוג קליפס בננה</ItemName>
      <ManufacturerName>E.LSA</ManufacturerName>
      <ManufactureCountry>CN</ManufactureCountry>
      <ManufacturerItemDescription>זוג קליפס בננה</ManufacturerItemDescription>
      <UnitQty>יחידה</UnitQty>
      <Quantity>1.00</Quantity>
      <bIsWeighted>0</bIsWeighted>
      <UnitOfMeasure>יחידה</UnitOfMeasure>
      <QtyInPackage>0</QtyInPackage>
      <ItemPrice>15.90</ItemPrice>
      <UnitOfMeasurePrice>15.90</UnitOfMeasurePrice>
      <AllowDiscount>1</AllowDiscount>
      <ItemStatus>1</ItemStatus>
    </Item>
    <Item>
      <PriceUpdateDate>2025-05-07 18:43</PriceUpdateDate>
      <ItemCode>7290020312525</ItemCode>
      <ItemType>1</ItemType>
      <ItemName>זוג קליפסים מסולסלים</ItemName>
      <ManufacturerName>E.LSA</ManufacturerName>
      <ManufactureCountry>CN</ManufactureCountry>
      <ManufacturerItemDescription>זוג קליפסים מסולסלים</ManufacturerItemDescription>
      <UnitQty>יחידה</UnitQty>
      <Quantity>1.00</Quantity>
      <bIsWeighted>0</bIsWeighted>
      <UnitOfMeasure>יחידה</UnitOfMeasure>
      <QtyInPackage>0</QtyInPackage>
      <ItemPrice>13.90</ItemPrice>
      <UnitOfMeasurePrice>13.90</UnitOfMeasurePrice>
      <AllowDiscount>1</AllowDiscount>
      <ItemStatus>1</ItemStatus>
    </Item>
    <Item>
      <PriceUpdateDate>2025-05-23 06:22</PriceUpdateDate>
      <ItemCode>7290020312655</ItemCode>
      <ItemType>1</ItemType>
      <ItemName>מברשת מהודרת מטקה אפרסק</ItemName>
      <ManufacturerName>JK</ManufacturerName>
      <ManufactureCountry>CN</ManufactureCountry>
      <ManufacturerItemDescription>מברשת מהודרת מטקה אפרסק</ManufacturerItemDescription>
      <UnitQty>יחידה</UnitQty>
      <Quantity>1.00</Quantity>
      <bIsWeighted>0</bIsWeighted>
      <UnitOfMeasure>יחידה</UnitOfMeasure>
      <QtyInPackage>0</QtyInPackage>
      <ItemPrice>19.90</ItemPrice>
      <UnitOfMeasurePrice>19.90</UnitOfMeasurePrice>
      <AllowDiscount>1</AllowDiscount>
      <ItemStatus>1</ItemStatus>
    </Item>
    <Item>
      <PriceUpdateDate>2025-05-23 06:22</PriceUpdateDate>
      <ItemCode>7290020312686</ItemCode>
      <ItemType>1</ItemType>
      <ItemName>מברשת רטובה אובלית שחור</ItemName>
      <ManufacturerName>JK</ManufacturerName>
      <ManufactureCountry>CN</ManufactureCountry>
      <ManufacturerItemDescription>מברשת רטובה אובלית שחור</ManufacturerItemDescription>
      <UnitQty>יחידה</UnitQty>
      <Quantity>1.00</Quantity>
      <bIsWeighted>0</bIsWeighted>
      <UnitOfMeasure>יחידה</UnitOfMeasure>
      <QtyInPackage>0</QtyInPackage>
      <ItemPrice>29.90</ItemPrice>
      <UnitOfMeasurePrice>29.90</UnitOfMeasurePrice>
      <AllowDiscount>1</AllowDiscount>
      <ItemStatus>1</ItemStatus>
    </Item>
    <Item>
      <PriceUpdateDate>2025-05-23 06:22</PriceUpdateDate>
      <ItemCode>7290020312815</ItemCode>
      <ItemType>1</ItemType>
      <ItemName>מברשת ארגונומית שחור</ItemName>
      <ManufacturerName>JK</ManufacturerName>
      <ManufactureCountry>CN</ManufactureCountry>
      <ManufacturerItemDescription>מברשת ארגונומית שחור</ManufacturerItemDescription>
      <UnitQty>יחידה</UnitQty>
      <Quantity>1.00</Quantity>
      <bIsWeighted>0</bIsWeighted>
      <UnitOfMeasure>יחידה</UnitOfMeasure>
      <QtyInPackage>0</QtyInPackage>
      <ItemPrice>29.90</ItemPrice>
      <UnitOfMeasurePrice>29.90</UnitOfMeasurePrice>
      <AllowDiscount>1</AllowDiscount>
      <ItemStatus>1</ItemStatus>
    </Item>
    <Item>
      <PriceUpdateDate>2025-05-23 06:22</PriceUpdateDate>
      <ItemCode>7290020312860</ItemCode>
      <ItemType>1</ItemType>
      <ItemName>מברשת שיער ארגניה שמנת</ItemName>
      <ManufacturerName>JK</ManufacturerName>
      <ManufactureCountry>CN</ManufactureCountry>
      <ManufacturerItemDescription>מברשת שיער ארגניה שמנת</ManufacturerItemDescription>
      <UnitQty>יחידה</UnitQty>
      <Quantity>1.00</Quantity>
      <bIsWeighted>0</bIsWeighted>
      <UnitOfMeasure>יחידה</UnitOfMeasure>
      <QtyInPackage>0</QtyInPackage>
      <ItemPrice>29.90</ItemPrice>
      <UnitOfMeasurePrice>29.90</UnitOfMeasurePrice>
      <AllowDiscount>1</AllowDiscount>
      <ItemStatus>1</ItemStatus>
    </Item>
    <Item>
      <PriceUpdateDate>2025-07-21 12:09</PriceUpdateDate>
      <ItemCode>7290020365637</ItemCode>
      <ItemType>1</ItemType>
      <ItemName>מסכה לשיער מאצה 500 מ"ל</ItemName>
      <ManufacturerName>SPA OF SEA</ManufacturerName>
      <ManufactureCountry>IL</ManufactureCountry>
      <ManufacturerItemDescription>מסכה לשיער מאצה 500 מ"ל</ManufacturerItemDescription>
      <UnitQty>מיליליטרים</UnitQty>
      <Quantity>500.00</Quantity>
      <bIsWeighted>0</bIsWeighted>
      <UnitOfMeasure>100 מ"ל</UnitOfMeasure>
      <QtyInPackage>1</QtyInPackage>
      <ItemPrice>44.90</ItemPrice>
      <UnitOfMeasurePrice>8.98</UnitOfMeasurePrice>
      <AllowDiscount>1</AllowDiscount>
      <ItemStatus>1</ItemStatus>
    </Item>
    <Item>
      <PriceUpdateDate>2025-07-21 12:09</PriceUpdateDate>
      <ItemCode>7290020365651</ItemCode>
      <ItemType>1</ItemType>
      <ItemName>מסכה ללא שטיפה מאצה200מל</ItemName>
      <ManufacturerName>SPA OF SEA</ManufacturerName>
      <ManufactureCountry>IL</ManufactureCountry>
      <ManufacturerItemDescription>מסכה ללא שטיפה מאצה200מל</ManufacturerItemDescription>
      <UnitQty>מיליליטרים</UnitQty>
      <Quantity>200.00</Quantity>
      <bIsWeighted>0</bIsWeighted>
      <UnitOfMeasure>100 מ"ל</UnitOfMeasure>
      <QtyInPackage>1</QtyInPackage>
      <ItemPrice>34.90</ItemPrice>
      <UnitOfMeasurePrice>17.45</UnitOfMeasurePrice>
      <AllowDiscount>1</AllowDiscount>
      <ItemStatus>1</ItemStatus>
    </Item>
    <Item>
      <PriceUpdateDate>2025-07-21 12:09</PriceUpdateDate>
      <ItemCode>7290020365668</ItemCode>
      <ItemType>1</ItemType>
      <ItemName>רידיפיין סרום מאצה125מ"ל</ItemName>
      <ManufacturerName>SPA OF SEA</ManufacturerName>
      <ManufactureCountry>IL</ManufactureCountry>
      <ManufacturerItemDescription>רידיפיין סרום מאצה125מ"ל</ManufacturerItemDescription>
      <UnitQty>מיליליטרים</UnitQty>
      <Quantity>125.00</Quantity>
      <bIsWeighted>0</bIsWeighted>
      <UnitOfMeasure>100 מ"ל</UnitOfMeasure>
      <QtyInPackage>1</QtyInPackage>
      <ItemPrice>39.90</ItemPrice>
      <UnitOfMeasurePrice>31.92</UnitOfMeasurePrice>
      <AllowDiscount>1</AllowDiscount>
      <ItemStatus>1</ItemStatus>
    </Item>
    <Item>
      <PriceUpdateDate>2024-12-23 17:26</PriceUpdateDate>
      <ItemCode>7290100240137</ItemCode>
      <ItemType>1</ItemType>
      <ItemName>תרסיס בדין כחול למיבש500</ItemName>
      <ManufacturerName>זוהר דליה</ManufacturerName>
      <ManufactureCountry>IL</ManufactureCountry>
      <ManufacturerItemDescription>תרסיס בדין כחול למיבש500</ManufacturerItemDescription>
      <UnitQty>מיליליטרים</UnitQty>
      <Quantity>500.00</Quantity>
      <bIsWeighted>0</bIsWeighted>
      <UnitOfMeasure>100 מ"ל</UnitOfMeasure>
      <QtyInPackage>0</QtyInPackage>
      <ItemPrice>24.50</ItemPrice>
      <UnitOfMeasurePrice>4.90</UnitOfMeasurePrice>
      <AllowDiscount>1</AllowDiscount>
      <ItemStatus>1</ItemStatus>
    </Item>
    <Item>
      <PriceUpdateDate>2023-12-03 14:53</PriceUpdateDate>
      <ItemCode>7290100850916</ItemCode>
      <ItemType>1</ItemType>
      <ItemName>דוריטוס חמוץ חריף 70 גרם</ItemName>
      <ManufacturerName>שטראוס פריטו ליי בע"מ</ManufacturerName>
      <ManufactureCountry>IL</ManufactureCountry>
      <ManufacturerItemDescription>דוריטוס חמוץ חריף 70 גרם</ManufacturerItemDescription>
      <UnitQty>גרמים</UnitQty>
      <Quantity>70.00</Quantity>
      <bIsWeighted>0</bIsWeighted>
      <UnitOfMeasure>100 גרם</UnitOfMeasure>
      <QtyInPackage>0</QtyInPackage>
      <ItemPrice>6.90</ItemPrice>
      <UnitOfMeasurePrice>9.86</UnitOfMeasurePrice>
      <AllowDiscount>1</AllowDiscount>
      <ItemStatus>1</ItemStatus>
    </Item>
    <Item>
      <PriceUpdateDate>2023-12-03 14:53</PriceUpdateDate>
      <ItemCode>7290100850923</ItemCode>
      <ItemType>1</ItemType>
      <ItemName>דוריטוס גריל 70 גרם</ItemName>
      <ManufacturerName>שטראוס פריטו ליי בע"מ</ManufacturerName>
      <ManufactureCountry>IL</ManufactureCountry>
      <ManufacturerItemDescription>דוריטוס גריל 70 גרם</ManufacturerItemDescription>
      <UnitQty>גרמים</UnitQty>
      <Quantity>70.00</Quantity>
      <bIsWeighted>0</bIsWeighted>
      <UnitOfMeasure>100 גרם</UnitOfMeasure>
      <QtyInPackage>0</QtyInPackage>
      <ItemPrice>6.90</ItemPrice>
      <UnitOfMeasurePrice>9.86</UnitOfMeasurePrice>
      <AllowDiscount>1</AllowDiscount>
      <ItemStatus>1</ItemStatus>
    </Item>
    <Item>
      <PriceUpdateDate>2025-06-24 11:13</PriceUpdateDate>
      <ItemCode>7290101278955</ItemCode>
      <ItemType>1</ItemType>
      <ItemName>איילנר טוש שחור</ItemName>
      <ManufacturerName>גייד</ManufacturerName>
      <ManufactureCountry>IT</ManufactureCountry>
      <ManufacturerItemDescription>איילנר טוש שחור</ManufacturerItemDescription>
      <UnitQty>יחידה</UnitQty>
      <Quantity>1.00</Quantity>
      <bIsWeighted>0</bIsWeighted>
      <UnitOfMeasure>יחידה</UnitOfMeasure>
      <QtyInPackage>0</QtyInPackage>
      <ItemPrice>80.00</ItemPrice>
      <UnitOfMeasurePrice>80.00</UnitOfMeasurePrice>
      <AllowDiscount>1</AllowDiscount>
      <ItemStatus>1</ItemStatus>
    </Item>
    <Item>
      <PriceUpdateDate>2024-12-23 17:26</PriceUpdateDate>
      <ItemCode>7290101864127</ItemCode>
      <ItemType>1</ItemType>
      <ItemName>ספרי מסיר כתמים קליה750מ</ItemName>
      <ManufacturerName>רקיט בנקיזר</ManufacturerName>
      <ManufactureCountry>PL</ManufactureCountry>
      <ManufacturerItemDescription>ספרי מסיר כתמים קליה750מ</ManufacturerItemDescription>
      <UnitQty>מיליליטרים</UnitQty>
      <Quantity>750.00</Quantity>
      <bIsWeighted>0</bIsWeighted>
      <UnitOfMeasure>100 מ"ל</UnitOfMeasure>
      <QtyInPackage>0</QtyInPackage>
      <ItemPrice>24.50</ItemPrice>
      <UnitOfMeasurePrice>3.27</UnitOfMeasurePrice>
      <AllowDiscount>1</AllowDiscount>
      <ItemStatus>1</ItemStatus>
    </Item>
    <Item>
      <PriceUpdateDate>2025-11-27 21:30</PriceUpdateDate>
      <ItemCode>7290101865261</ItemCode>
      <ItemType>1</ItemType>
      <ItemName>פיניש נוזל הברקה 800 מ"ל</ItemName>
      <ManufacturerName>רקיט בנקיזר</ManufacturerName>
      <ManufactureCountry>PL</ManufactureCountry>
      <ManufacturerItemDescription>פיניש נוזל הברקה 800 מ"ל</ManufacturerItemDescription>
      <UnitQty>מיליליטרים</UnitQty>
      <Quantity>800.00</Quantity>
      <bIsWeighted>0</bIsWeighted>
      <UnitOfMeasure>100 מ"ל</UnitOfMeasure>
      <QtyInPackage>0</QtyInPackage>
      <ItemPrice>10.00</ItemPrice>
      <UnitOfMeasurePrice>1.25</UnitOfMeasurePrice>
      <AllowDiscount>1</AllowDiscount>
      <ItemStatus>1</ItemStatus>
    </Item>
    <Item>
      <PriceUpdateDate>2025-12-01 20:20</PriceUpdateDate>
      <ItemCode>7290102060764</ItemCode>
      <ItemType>1</ItemType>
      <ItemName>מב.ש.חניכים רגיש מרידול2</ItemName>
      <ManufacturerName>גאבה</ManufacturerName>
      <ManufactureCountry>CN</ManufactureCountry>
      <ManufacturerItemDescription>מב.ש.חניכים רגיש מרידול2</ManufacturerItemDescription>
      <UnitQty>יחידה</UnitQty>
      <Quantity>1.00</Quantity>
      <bIsWeighted>0</bIsWeighted>
      <UnitOfMeasure>יחידה</UnitOfMeasure>
      <QtyInPackage>0</QtyInPackage>
      <ItemPrice>29.90</ItemPrice>
      <UnitOfMeasurePrice>29.90</UnitOfMeasurePrice>
      <AllowDiscount>1</AllowDiscount>
      <ItemStatus>1</ItemStatus>
    </Item>
    <Item>
      <PriceUpdateDate>2024-12-23 17:26</PriceUpdateDate>
      <ItemCode>7290102062195</ItemCode>
      <ItemType>1</ItemType>
      <ItemName>משחת אלמקס ג'וניור 75מ"ל</ItemName>
      <ManufacturerName>קולגייט-פלמוליב</ManufacturerName>
      <ManufactureCountry>PE</ManufactureCountry>
      <ManufacturerItemDescription>משחת אלמקס גוניור 75מ"ל</ManufacturerItemDescription>
      <UnitQty>מיליליטרים</UnitQty>
      <Quantity>75.00</Quantity>
      <bIsWeighted>0</bIsWeighted>
      <UnitOfMeasure>100 מ"ל</UnitOfMeasure>
      <QtyInPackage>0</QtyInPackage>
      <ItemPrice>19.50</ItemPrice>
      <UnitOfMeasurePrice>26.00</UnitOfMeasurePrice>
      <AllowDiscount>1</AllowDiscount>
      <ItemStatus>1</ItemStatus>
    </Item>
    <Item>
      <PriceUpdateDate>2025-12-01 20:20</PriceUpdateDate>
      <ItemCode>7290103120658</ItemCode>
      <ItemType>1</ItemType>
      <ItemName>ספיד סטיק ג'ל24/7שחור85ג</ItemName>
      <ManufacturerName>קולגייט-פלמוליב</ManufacturerName>
      <ManufactureCountry>US</ManufactureCountry>
      <ManufacturerItemDescription>ספיד סטיק גל24/7שחור85ג</ManufacturerItemDescription>
      <UnitQty>גרמים</UnitQty>
      <Quantity>85.00</Quantity>
      <bIsWeighted>0</bIsWeighted>
      <UnitOfMeasure>100 גרם</UnitOfMeasure>
      <QtyInPackage>0</QtyInPackage>
      <ItemPrice>21.90</ItemPrice>
      <UnitOfMeasurePrice>25.76</UnitOfMeasurePrice>
      <AllowDiscount>1</AllowDiscount>
      <ItemStatus>1</ItemStatus>
    </Item>
    <Item>
      <PriceUpdateDate>2025-06-24 11:13</PriceUpdateDate>
      <ItemCode>7290103332273</ItemCode>
      <ItemType>1</ItemType>
      <ItemName>LONGEVITY מייק אפ 502</ItemName>
      <ManufacturerName>גייד</ManufacturerName>
      <ManufactureCountry>IT</ManufactureCountry>
      <ManufacturerItemDescription>LONGEVITY מייק אפ 502</ManufacturerItemDescription>
      <UnitQty>מיליליטרים</UnitQty>
      <Quantity>30.00</Quantity>
      <bIsWeighted>0</bIsWeighted>
      <UnitOfMeasure>100 מ"ל</UnitOfMeasure>
      <QtyInPackage>0</QtyInPackage>
      <ItemPrice>179.00</ItemPrice>
      <UnitOfMeasurePrice>596.67</UnitOfMeasurePrice>
      <AllowDiscount>1</AllowDiscount>
      <ItemStatus>1</ItemStatus>
    </Item>
    <Item>
      <PriceUpdateDate>2025-06-24 11:13</PriceUpdateDate>
      <ItemCode>7290103336738</ItemCode>
      <ItemType>1</ItemType>
      <ItemName>עפרון עיניים מטאליק100</ItemName>
      <ManufacturerName>גייד</ManufacturerName>
      <ManufactureCountry>IT</ManufactureCountry>
      <ManufacturerItemDescription>עפרון עיניים מטא</ManufacturerItemDescription>
      <UnitQty>יחידה</UnitQty>
      <Quantity>1.00</Quantity>
      <bIsWeighted>0</bIsWeighted>
      <UnitOfMeasure>יחידה</UnitOfMeasure>
      <QtyInPackage>0</QtyInPackage>
      <ItemPrice>69.00</ItemPrice>
      <UnitOfMeasurePrice>69.00</UnitOfMeasurePrice>
      <AllowDiscount>1</AllowDiscount>
      <ItemStatus>1</ItemStatus>
    </Item>
    <Item>
      <PriceUpdateDate>2025-06-24 11:13</PriceUpdateDate>
      <ItemCode>7290103336769</ItemCode>
      <ItemType>1</ItemType>
      <ItemName>עפרון עיניים מטאליק103</ItemName>
      <ManufacturerName>גייד</ManufacturerName>
      <ManufactureCountry>IT</ManufactureCountry>
      <ManufacturerItemDescription>עפרון עיניים מטא</ManufacturerItemDescription>
      <UnitQty>יחידה</UnitQty>
      <Quantity>1.00</Quantity>
      <bIsWeighted>0</bIsWeighted>
      <UnitOfMeasure>יחידה</UnitOfMeasure>
      <QtyInPackage>0</QtyInPackage>
      <ItemPrice>69.00</ItemPrice>
      <UnitOfMeasurePrice>69.00</UnitOfMeasurePrice>
      <AllowDiscount>1</AllowDiscount>
      <ItemStatus>1</ItemStatus>
    </Item>
    <Item>
      <PriceUpdateDate>2022-08-17 09:38</PriceUpdateDate>
      <ItemCode>7290103704957</ItemCode>
      <ItemType>1</ItemType>
      <ItemName>מגבות נייר 3 שכבות ענק3ג</ItemName>
      <ManufacturerName>---</ManufacturerName>
      <ManufactureCountry>IL</ManufactureCountry>
      <ManufacturerItemDescription>מגבות 3גלילי ענק</ManufacturerItemDescription>
      <UnitQty>מטרים</UnitQty>
      <Quantity>57.00</Quantity>
      <bIsWeighted>0</bIsWeighted>
      <UnitOfMeasure>מטר</UnitOfMeasure>
      <QtyInPackage>1</QtyInPackage>
      <ItemPrice>19.90</ItemPrice>
      <UnitOfMeasurePrice>0.35</UnitOfMeasurePrice>
      <AllowDiscount>1</AllowDiscount>
      <ItemStatus>1</ItemStatus>
    </Item>
    <Item>
      <PriceUpdateDate>2025-12-01 20:10</PriceUpdateDate>
      <ItemCode>7290103706197</ItemCode>
      <ItemType>1</ItemType>
      <ItemName>נייר טואלט דו שכבתיXPO32</ItemName>
      <ManufacturerName>שניב תעשיות נייר</ManufacturerName>
      <ManufactureCountry>IL</ManufactureCountry>
      <ManufacturerItemDescription>נייר טואלט דו שכבתיXPO32</ManufacturerItemDescription>
      <UnitQty>מטרים</UnitQty>
      <Quantity>573.00</Quantity>
      <bIsWeighted>0</bIsWeighted>
      <UnitOfMeasure>100 מטר</UnitOfMeasure>
      <QtyInPackage>1</QtyInPackage>
      <ItemPrice>29.90</ItemPrice>
      <UnitOfMeasurePrice>5.22</UnitOfMeasurePrice>
      <AllowDiscount>1</AllowDiscount>
      <ItemStatus>1</ItemStatus>
    </Item>
    <Item>
      <PriceUpdateDate>2025-01-24 10:50</PriceUpdateDate>
      <ItemCode>7290103706234</ItemCode>
      <ItemType>1</ItemType>
      <ItemName>מגבות נייר 6 גלילים XPO</ItemName>
      <ManufacturerName>שניב תעשיות נייר</ManufacturerName>
      <ManufactureCountry>IL</ManufactureCountry>
      <ManufacturerItemDescription>מגבות נייר 6 גלילים XPO</ManufacturerItemDescription>
      <UnitQty>מטרים</UnitQty>
      <Quantity>64.00</Quantity>
      <bIsWeighted>0</bIsWeighted>
      <UnitOfMeasure>מטר</UnitOfMeasure>
      <QtyInPackage>1</QtyInPackage>
      <ItemPrice>12.90</ItemPrice>
      <UnitOfMeasurePrice>0.20</UnitOfMeasurePrice>
      <AllowDiscount>1</AllowDiscount>
      <ItemStatus>1</ItemStatus>
    </Item>
    <Item>
      <PriceUpdateDate>2025-12-21 15:30</PriceUpdateDate>
      <ItemCode>7290103706258</ItemCode>
      <ItemType>1</ItemType>
      <ItemName>ממחטות אף פרחיםXPO 100*5</ItemName>
      <ManufacturerName>שניב תעשיות נייר</ManufacturerName>
      <ManufactureCountry>IL</ManufactureCountry>
      <ManufacturerItemDescription>ממחטות אף פרחיםXPO 5*100</ManufacturerItemDescription>
      <UnitQty>יחידה</UnitQty>
      <Quantity>1.00</Quantity>
      <bIsWeighted>0</bIsWeighted>
      <UnitOfMeasure>יחידה</UnitOfMeasure>
      <QtyInPackage>1</QtyInPackage>
      <ItemPrice>10.00</ItemPrice>
      <UnitOfMeasurePrice>10.00</UnitOfMeasurePrice>
      <AllowDiscount>1</AllowDiscount>
      <ItemStatus>1</ItemStatus>
    </Item>
    <Item>
      <PriceUpdateDate>2025-03-28 05:44</PriceUpdateDate>
      <ItemCode>7290103706456</ItemCode>
      <ItemType>1</ItemType>
      <ItemName>ש.אשפהXL חזקות20י XPO</ItemName>
      <ManufacturerName>שניב תעשיות נייר</ManufacturerName>
      <ManufactureCountry>IL</ManufactureCountry>
      <ManufacturerItemDescription>ש.אשפהXL חזקות20י XPO</ManufacturerItemDescription>
      <UnitQty>יחידה</UnitQty>
      <Quantity>1.00</Quantity>
      <bIsWeighted>0</bIsWeighted>
      <UnitOfMeasure>יחידה</UnitOfMeasure>
      <QtyInPackage>1</QtyInPackage>
      <ItemPrice>24.90</ItemPrice>
      <UnitOfMeasurePrice>24.90</UnitOfMeasurePrice>
      <AllowDiscount>1</AllowDiscount>
      <ItemStatus>1</ItemStatus>
    </Item>
    <Item>
      <PriceUpdateDate>2025-04-20 18:43</PriceUpdateDate>
      <ItemCode>7290103706555</ItemCode>
      <ItemType>1</ItemType>
      <ItemName>כריות יפניות XPO 4 יחידו</ItemName>
      <ManufacturerName>שניב תעשיות נייר</ManufacturerName>
      <ManufactureCountry>IL</ManufactureCountry>
      <ManufacturerItemDescription>כריות יפניות XPO 4 יחידו</ManufacturerItemDescription>
      <UnitQty>יחידה</UnitQty>
      <Quantity>1.00</Quantity>
      <bIsWeighted>0</bIsWeighted>
      <UnitOfMeasure>יחידה</UnitOfMeasure>
      <QtyInPackage>1</QtyInPackage>
      <ItemPrice>11.90</ItemPrice>
      <UnitOfMeasurePrice>11.90</UnitOfMeasurePrice>
      <AllowDiscount>1</AllowDiscount>
      <ItemStatus>1</ItemStatus>
    </Item>
    <Item>
      <PriceUpdateDate>2025-06-05 13:05</PriceUpdateDate>
      <ItemCode>7290103706609</ItemCode>
      <ItemType>1</ItemType>
      <ItemName>מטליות רצפה מיקרופברXPO3</ItemName>
      <ManufacturerName>שניב תעשיות נייר</ManufacturerName>
      <ManufactureCountry>IL</ManufactureCountry>
      <ManufacturerItemDescription>מטליות רצפה מיקרופברXPO3</ManufacturerItemDescription>
      <UnitQty>יחידה</UnitQty>
      <Quantity>1.00</Quantity>
      <bIsWeighted>0</bIsWeighted>
      <UnitOfMeasure>יחידה</UnitOfMeasure>
      <QtyInPackage>1</QtyInPackage>
      <ItemPrice>24.90</ItemPrice>
      <UnitOfMeasurePrice>24.90</UnitOfMeasurePrice>
      <AllowDiscount>1</AllowDiscount>
      <ItemStatus>1</ItemStatus>
    </Item>
    <Item>
      <PriceUpdateDate>2025-06-05 13:05</PriceUpdateDate>
      <ItemCode>7290103706685</ItemCode>
      <ItemType>1</ItemType>
      <ItemName>מטליות הפלא לניקוי 3יXPO</ItemName>
      <ManufacturerName>שניב תעשיות נייר</ManufacturerName>
      <ManufactureCountry>IL</ManufactureCountry>
      <ManufacturerItemDescription>מטליות הפלא לניקוי 3יXPO</ManufacturerItemDescription>
      <UnitQty>יחידה</UnitQty>
      <Quantity>1.00</Quantity>
      <bIsWeighted>0</bIsWeighted>
      <UnitOfMeasure>יחידה</UnitOfMeasure>
      <QtyInPackage>1</QtyInPackage>
      <ItemPrice>14.90</ItemPrice>
      <UnitOfMeasurePrice>14.90</UnitOfMeasurePrice>
      <AllowDiscount>1</AllowDiscount>
      <ItemStatus>1</ItemStatus>
    </Item>
    <Item>
      <PriceUpdateDate>2025-12-01 20:10</PriceUpdateDate>
      <ItemCode>7290103706753</ItemCode>
      <ItemType>1</ItemType>
      <ItemName>נ.טואלט 16ג.כפולLUNA XPO</ItemName>
      <ManufacturerName>שניב תעשיות נייר בע"\מ</ManufacturerName>
      <ManufactureCountry>IL</ManufactureCountry>
      <ManufacturerItemDescription>נ.טואלט 16ג.כפולXPO LUNA</ManufacturerItemDescription>
      <UnitQty>מטרים</UnitQty>
      <Quantity>573.00</Quantity>
      <bIsWeighted>0</bIsWeighted>
      <UnitOfMeasure>100 מטר</UnitOfMeasure>
      <QtyInPackage>1</QtyInPackage>
      <ItemPrice>29.90</ItemPrice>
      <UnitOfMeasurePrice>5.21</UnitOfMeasurePrice>
      <AllowDiscount>1</AllowDiscount>
      <ItemStatus>1</ItemStatus>
    </Item>
    <Item>
      <PriceUpdateDate>2025-01-14 14:39</PriceUpdateDate>
      <ItemCode>7290103706791</ItemCode>
      <ItemType>1</ItemType>
      <ItemName>6מגבות נייר XPOגליל כפול</ItemName>
      <ManufacturerName>שניב תעשיות נייר</ManufacturerName>
      <ManufactureCountry>IL</ManufactureCountry>
      <ManufacturerItemDescription>6מגבות נייר XPOגליל כפול</ManufacturerItemDescription>
      <UnitQty>מטרים</UnitQty>
      <Quantity>127.00</Quantity>
      <bIsWeighted>0</bIsWeighted>
      <UnitOfMeasure>מטר</UnitOfMeasure>
      <QtyInPackage>1</QtyInPackage>
      <ItemPrice>25.90</ItemPrice>
      <UnitOfMeasurePrice>0.20</UnitOfMeasurePrice>
      <AllowDiscount>1</AllowDiscount>
      <ItemStatus>1</ItemStatus>
    </Item>
    <Item>
      <PriceUpdateDate>2025-03-21 05:40</PriceUpdateDate>
      <ItemCode>7290103706869</ItemCode>
      <ItemType>1</ItemType>
      <ItemName>כפפות ניטרילXPO M 100 יח</ItemName>
      <ManufacturerName>---</ManufacturerName>
      <ManufactureCountry>IL</ManufactureCountry>
      <ManufacturerItemDescription>כפפות ניטרילM XPO 100 יח</ManufacturerItemDescription>
      <UnitQty>יחידה</UnitQty>
      <Quantity>1.00</Quantity>
      <bIsWeighted>0</bIsWeighted>
      <UnitOfMeasure>יחידה</UnitOfMeasure>
      <QtyInPackage>1</QtyInPackage>
      <ItemPrice>25.90</ItemPrice>
      <UnitOfMeasurePrice>25.90</UnitOfMeasurePrice>
      <AllowDiscount>1</AllowDiscount>
      <ItemStatus>1</ItemStatus>
    </Item>
    <Item>
      <PriceUpdateDate>2022-01-13 09:57</PriceUpdateDate>
      <ItemCode>7290104960253</ItemCode>
      <ItemType>1</ItemType>
      <ItemName>סבון נקה7 ארומה לבנדר750</ItemName>
      <ManufacturerName>טרופיקל דגיל תעשיות קוסמ</ManufacturerName>
      <ManufactureCountry>IL</ManufactureCountry>
      <ManufacturerItemDescription>סבון נקה7 ארומה לבנדר750</ManufacturerItemDescription>
      <UnitQty>מיליליטרים</UnitQty>
      <Quantity>750.00</Quantity>
      <bIsWeighted>0</bIsWeighted>
      <UnitOfMeasure>100 מ"ל</UnitOfMeasure>
      <QtyInPackage>0</QtyInPackage>
      <ItemPrice>12.90</ItemPrice>
      <UnitOfMeasurePrice>1.72</UnitOfMeasurePrice>
      <AllowDiscount>1</AllowDiscount>
      <ItemStatus>1</ItemStatus>
    </Item>
    <Item>
      <PriceUpdateDate>2022-01-13 09:57</PriceUpdateDate>
      <ItemCode>7290104960338</ItemCode>
      <ItemType>1</ItemType>
      <ItemName>תחליב רח.נקה 7 אלוורה750</ItemName>
      <ManufacturerName>טרופיקל דגיל תעשיות קוסמ</ManufacturerName>
      <ManufactureCountry>IL</ManufactureCountry>
      <ManufacturerItemDescription>תחליב רח.נקה 7 אלוורה750</ManufacturerItemDescription>
      <UnitQty>מיליליטרים</UnitQty>
      <Quantity>750.00</Quantity>
      <bIsWeighted>0</bIsWeighted>
      <UnitOfMeasure>100 מ"ל</UnitOfMeasure>
      <QtyInPackage>0</QtyInPackage>
      <ItemPrice>12.90</ItemPrice>
      <UnitOfMeasurePrice>1.72</UnitOfMeasurePrice>
      <AllowDiscount>1</AllowDiscount>
      <ItemStatus>1</ItemStatus>
    </Item>
    <Item>
      <PriceUpdateDate>2024-12-23 17:20</PriceUpdateDate>
      <ItemCode>7290104961878</ItemCode>
      <ItemType>1</ItemType>
      <ItemName>שמפו קרטין נטורל 400 מ"ל</ItemName>
      <ManufacturerName>קוסמופארם</ManufacturerName>
      <ManufactureCountry>IL</ManufactureCountry>
      <ManufacturerItemDescription>שמפו קרטין</ManufacturerItemDescription>
      <UnitQty>מיליליטרים</UnitQty>
      <Quantity>400.00</Quantity>
      <bIsWeighted>0</bIsWeighted>
      <UnitOfMeasure>100 מ"ל</UnitOfMeasure>
      <QtyInPackage>0</QtyInPackage>
      <ItemPrice>30.90</ItemPrice>
      <UnitOfMeasurePrice>7.73</UnitOfMeasurePrice>
      <AllowDiscount>1</AllowDiscount>
      <ItemStatus>1</ItemStatus>
    </Item>
    <Item>
      <PriceUpdateDate>2024-12-23 17:21</PriceUpdateDate>
      <ItemCode>7290104961915</ItemCode>
      <ItemType>1</ItemType>
      <ItemName>BOLD מסקרה שחורה</ItemName>
      <ManufacturerName>קרליין</ManufacturerName>
      <ManufactureCountry>IT</ManufactureCountry>
      <ManufacturerItemDescription>BOLD מסקרה שחורה</ManufacturerItemDescription>
      <UnitQty>יחידה</UnitQty>
      <Quantity>1.00</Quantity>
      <bIsWeighted>0</bIsWeighted>
      <UnitOfMeasure>יחידה</UnitOfMeasure>
      <QtyInPackage>1</QtyInPackage>
      <ItemPrice>69.90</ItemPrice>
      <UnitOfMeasurePrice>69.90</UnitOfMeasurePrice>
      <AllowDiscount>1</AllowDiscount>
      <ItemStatus>1</ItemStatus>
    </Item>
    <Item>
      <PriceUpdateDate>2024-12-23 17:20</PriceUpdateDate>
      <ItemCode>7290104962110</ItemCode>
      <ItemType>1</ItemType>
      <ItemName>דאו.קרליין  לנערות200מ"ל</ItemName>
      <ManufacturerName>מיוצר עי : אמיליה קוסמטי</ManufacturerName>
      <ManufactureCountry>TR</ManufactureCountry>
      <ManufacturerItemDescription>דאו.קרליין  לנערות200מ"ל</ManufacturerItemDescription>
      <UnitQty>מיליליטרים</UnitQty>
      <Quantity>200.00</Quantity>
      <bIsWeighted>0</bIsWeighted>
      <UnitOfMeasure>100 מ"ל</UnitOfMeasure>
      <QtyInPackage>0</QtyInPackage>
      <ItemPrice>14.50</ItemPrice>
      <UnitOfMeasurePrice>7.25</UnitOfMeasurePrice>
      <AllowDiscount>1</AllowDiscount>
      <ItemStatus>1</ItemStatus>
    </Item>
    <Item>
      <PriceUpdateDate>2024-12-23 17:26</PriceUpdateDate>
      <ItemCode>7290104962509</ItemCode>
      <ItemType>1</ItemType>
      <ItemName>קרם קרטין נטורל 145 מ"ל</ItemName>
      <ManufacturerName>קוסמופארם</ManufacturerName>
      <ManufactureCountry>IL</ManufactureCountry>
      <ManufacturerItemDescription>קרם קרטין נטורל 145 מ"ל</ManufacturerItemDescription>
      <UnitQty>מיליליטרים</UnitQty>
      <Quantity>145.00</Quantity>
      <bIsWeighted>0</bIsWeighted>
      <UnitOfMeasure>100 מ"ל</UnitOfMeasure>
      <QtyInPackage>0</QtyInPackage>
      <ItemPrice>40.90</ItemPrice>
      <UnitOfMeasurePrice>28.21</UnitOfMeasurePrice>
      <AllowDiscount>1</AllowDiscount>
      <ItemStatus>1</ItemStatus>
    </Item>
    <Item>
      <PriceUpdateDate>2024-12-23 17:21</PriceUpdateDate>
      <ItemCode>7290104963063</ItemCode>
      <ItemType>1</ItemType>
      <ItemName>מסקרה חום בולד יח</ItemName>
      <ManufacturerName>קרליין</ManufacturerName>
      <ManufactureCountry>IT</ManufactureCountry>
      <ManufacturerItemDescription>מסקרה חום</ManufacturerItemDescription>
      <UnitQty>יחידה</UnitQty>
      <Quantity>1.00</Quantity>
      <bIsWeighted>0</bIsWeighted>
      <UnitOfMeasure>יחידה</UnitOfMeasure>
      <QtyInPackage>1</QtyInPackage>
      <ItemPrice>69.90</ItemPrice>
      <UnitOfMeasurePrice>69.90</UnitOfMeasurePrice>
      <AllowDiscount>1</AllowDiscount>
      <ItemStatus>1</ItemStatus>
    </Item>
    <Item>
      <PriceUpdateDate>2024-12-23 17:20</PriceUpdateDate>
      <ItemCode>7290104963377</ItemCode>
      <ItemType>1</ItemType>
      <ItemName>עפרון שפתייםעם חידוד 169</ItemName>
      <ManufacturerName>קרל.איפור/טיפוח</ManufacturerName>
      <ManufactureCountry>IL</ManufactureCountry>
      <ManufacturerItemDescription>עפרון שפתייםעם חידוד 169</ManufacturerItemDescription>
      <UnitQty>יחידה</UnitQty>
      <Quantity>1.00</Quantity>
      <bIsWeighted>0</bIsWeighted>
      <UnitOfMeasure>יחידה</UnitOfMeasure>
      <QtyInPackage>0</QtyInPackage>
      <ItemPrice>30.90</ItemPrice>
      <UnitOfMeasurePrice>30.90</UnitOfMeasurePrice>
      <AllowDiscount>1</AllowDiscount>
      <ItemStatus>1</ItemStatus>
    </Item>
    <Item>
      <PriceUpdateDate>2025-06-08 16:07</PriceUpdateDate>
      <ItemCode>7290104963650</ItemCode>
      <ItemType>1</ItemType>
      <ItemName>סופטקר שמפו צהוב 1ליטר</ItemName>
      <ManufacturerName>קוסמופארם</ManufacturerName>
      <ManufactureCountry>IL</ManufactureCountry>
      <ManufacturerItemDescription>סופטקר שמפו צהוב 1ליטר</ManufacturerItemDescription>
      <UnitQty>ליטרים</UnitQty>
      <Quantity>1.00</Quantity>
      <bIsWeighted>0</bIsWeighted>
      <UnitOfMeasure>ליטר</UnitOfMeasure>
      <QtyInPackage>1</QtyInPackage>
      <ItemPrice>18.90</ItemPrice>
      <UnitOfMeasurePrice>18.90</UnitOfMeasurePrice>
      <AllowDiscount>1</AllowDiscount>
      <ItemStatus>1</ItemStatus>
    </Item>
    <Item>
      <PriceUpdateDate>2023-06-18 14:25</PriceUpdateDate>
      <ItemCode>7290104964084</ItemCode>
      <ItemType>1</ItemType>
      <ItemName>EFFECT MULTI קרם יום</ItemName>
      <ManufacturerName>פאר פארם.</ManufacturerName>
      <ManufactureCountry>IL</ManufactureCountry>
      <ManufacturerItemDescription>MULTI EFFECT קרם יום</ManufacturerItemDescription>
      <UnitQty>מיליליטרים</UnitQty>
      <Quantity>50.00</Quantity>
      <bIsWeighted>0</bIsWeighted>
      <UnitOfMeasure>100 מ"ל</UnitOfMeasure>
      <QtyInPackage>1</QtyInPackage>
      <ItemPrice>49.90</ItemPrice>
      <UnitOfMeasurePrice>99.80</UnitOfMeasurePrice>
      <AllowDiscount>1</AllowDiscount>
      <ItemStatus>1</ItemStatus>
    </Item>
    <Item>
      <PriceUpdateDate>2024-12-23 17:46</PriceUpdateDate>
      <ItemCode>7290104964930</ItemCode>
      <ItemType>1</ItemType>
      <ItemName>TINT LIP שפתון צבע פיגמט</ItemName>
      <ManufacturerName>כללי</ManufacturerName>
      <ManufactureCountry>IL</ManufactureCountry>
      <ManufacturerItemDescription>ליפ טיינט שפתון</ManufacturerItemDescription>
      <UnitQty>מיליליטרים</UnitQty>
      <Quantity>10.00</Quantity>
      <bIsWeighted>0</bIsWeighted>
      <UnitOfMeasure>100 מ"ל</UnitOfMeasure>
      <QtyInPackage>1</QtyInPackage>
      <ItemPrice>46.50</ItemPrice>
      <UnitOfMeasurePrice>465.00</UnitOfMeasurePrice>
      <AllowDiscount>1</AllowDiscount>
      <ItemStatus>1</ItemStatus>
    </Item>
    <Item>
      <PriceUpdateDate>2025-01-01 10:05</PriceUpdateDate>
      <ItemCode>7290104964954</ItemCode>
      <ItemType>1</ItemType>
      <ItemName>מסכת בד טיפוח זהב יח</ItemName>
      <ManufacturerName>קרליין</ManufacturerName>
      <ManufactureCountry>IL</ManufactureCountry>
      <ManufacturerItemDescription>מסכת בד טיפוח זהב יח</ManufacturerItemDescription>
      <UnitQty>יחידה</UnitQty>
      <Quantity>1.00</Quantity>
      <bIsWeighted>0</bIsWeighted>
      <UnitOfMeasure>יחידה</UnitOfMeasure>
      <QtyInPackage>1</QtyInPackage>
      <ItemPrice>11.20</ItemPrice>
      <UnitOfMeasurePrice>11.20</UnitOfMeasurePrice>
      <AllowDiscount>1</AllowDiscount>
      <ItemStatus>1</ItemStatus>
    </Item>
    <Item>
      <PriceUpdateDate>2024-12-23 17:26</PriceUpdateDate>
      <ItemCode>7290104965548</ItemCode>
      <ItemType>1</ItemType>
      <ItemName>מי קרטין 200מ"ל</ItemName>
      <ManufacturerName>קוסמופארם</ManufacturerName>
      <ManufactureCountry>IL</ManufactureCountry>
      <ManufacturerItemDescription>מי קרטין 200מ"ל</ManufacturerItemDescription>
      <UnitQty>מיליליטרים</UnitQty>
      <Quantity>200.00</Quantity>
      <bIsWeighted>0</bIsWeighted>
      <UnitOfMeasure>100 מ"ל</UnitOfMeasure>
      <QtyInPackage>1</QtyInPackage>
      <ItemPrice>30.90</ItemPrice>
      <UnitOfMeasurePrice>15.45</UnitOfMeasurePrice>
      <AllowDiscount>1</AllowDiscount>
      <ItemStatus>1</ItemStatus>
    </Item>
    <Item>
      <PriceUpdateDate>2024-12-23 17:26</PriceUpdateDate>
      <ItemCode>7290104965616</ItemCode>
      <ItemType>1</ItemType>
      <ItemName>קרם גוף LOTUS 500 מל</ItemName>
      <ManufacturerName>פאר פארם.</ManufacturerName>
      <ManufactureCountry>IL</ManufactureCountry>
      <ManufacturerItemDescription>קרם גוף LOTUS 500 מל</ManufacturerItemDescription>
      <UnitQty>מיליליטרים</UnitQty>
      <Quantity>500.00</Quantity>
      <bIsWeighted>0</bIsWeighted>
      <UnitOfMeasure>100 מ"ל</UnitOfMeasure>
      <QtyInPackage>1</QtyInPackage>
      <ItemPrice>25.60</ItemPrice>
      <UnitOfMeasurePrice>5.12</UnitOfMeasurePrice>
      <AllowDiscount>1</AllowDiscount>
      <ItemStatus>1</ItemStatus>
    </Item>
    <Item>
      <PriceUpdateDate>2024-12-23 17:20</PriceUpdateDate>
      <ItemCode>7290104965647</ItemCode>
      <ItemType>1</ItemType>
      <ItemName>דאו.רול און KISSבנות 75מ</ItemName>
      <ManufacturerName>מיוצר עי : אמיליה קוסמטי</ManufacturerName>
      <ManufactureCountry>IL</ManufactureCountry>
      <ManufacturerItemDescription>דאו.רול און KISSבנות 75מ</ManufacturerItemDescription>
      <UnitQty>מיליליטרים</UnitQty>
      <Quantity>75.00</Quantity>
      <bIsWeighted>0</bIsWeighted>
      <UnitOfMeasure>100 מ"ל</UnitOfMeasure>
      <QtyInPackage>1</QtyInPackage>
      <ItemPrice>14.20</ItemPrice>
      <UnitOfMeasurePrice>18.93</UnitOfMeasurePrice>
      <AllowDiscount>1</AllowDiscount>
      <ItemStatus>1</ItemStatus>
    </Item>
    <Item>
      <PriceUpdateDate>2024-12-23 17:26</PriceUpdateDate>
      <ItemCode>7290104965654</ItemCode>
      <ItemType>1</ItemType>
      <ItemName>דאו. סטיקkiss  בנות 50מל</ItemName>
      <ManufacturerName>מיוצר עי : אמיליה קוסמטי</ManufacturerName>
      <ManufactureCountry>IL</ManufactureCountry>
      <ManufacturerItemDescription>דאו. סטיקkiss  בנות 50מל</ManufacturerItemDescription>
      <UnitQty>מיליליטרים</UnitQty>
      <Quantity>50.00</Quantity>
      <bIsWeighted>0</bIsWeighted>
      <UnitOfMeasure>100 מ"ל</UnitOfMeasure>
      <QtyInPackage>1</QtyInPackage>
      <ItemPrice>21.50</ItemPrice>
      <UnitOfMeasurePrice>43.00</UnitOfMeasurePrice>
      <AllowDiscount>1</AllowDiscount>
      <ItemStatus>1</ItemStatus>
    </Item>
    <Item>
      <PriceUpdateDate>2024-12-23 17:20</PriceUpdateDate>
      <ItemCode>7290104965739</ItemCode>
      <ItemType>1</ItemType>
      <ItemName>קרליין שמפו מאצה מלפפון</ItemName>
      <ManufacturerName>קוסמופארם</ManufacturerName>
      <ManufactureCountry>IL</ManufactureCountry>
      <ManufacturerItemDescription>קרליין שמפו מאצה מלפפון</ManufacturerItemDescription>
      <UnitQty>מיליליטרים</UnitQty>
      <Quantity>700.00</Quantity>
      <bIsWeighted>0</bIsWeighted>
      <UnitOfMeasure>100 מ"ל</UnitOfMeasure>
      <QtyInPackage>1</QtyInPackage>
      <ItemPrice>15.50</ItemPrice>
      <UnitOfMeasurePrice>2.21</UnitOfMeasurePrice>
      <AllowDiscount>1</AllowDiscount>
      <ItemStatus>1</ItemStatus>
    </Item>
    <Item>
      <PriceUpdateDate>2024-12-23 17:26</PriceUpdateDate>
      <ItemCode>7290104965838</ItemCode>
      <ItemType>1</ItemType>
      <ItemName>דאו.ספריי סטייל בוסט 150</ItemName>
      <ManufacturerName>קוסטר אירוסול</ManufacturerName>
      <ManufactureCountry>TR</ManufactureCountry>
      <ManufacturerItemDescription>דאו.ספריי סטייל בוסט 150</ManufacturerItemDescription>
      <UnitQty>מיליליטרים</UnitQty>
      <Quantity>150.00</Quantity>
      <bIsWeighted>0</bIsWeighted>
      <UnitOfMeasure>100 מ"ל</UnitOfMeasure>
      <QtyInPackage>1</QtyInPackage>
      <ItemPrice>19.50</ItemPrice>
      <UnitOfMeasurePrice>13.00</UnitOfMeasurePrice>
      <AllowDiscount>1</AllowDiscount>
      <ItemStatus>1</ItemStatus>
    </Item>
    <Item>
      <PriceUpdateDate>2024-12-23 17:20</PriceUpdateDate>
      <ItemCode>7290104966453</ItemCode>
      <ItemType>1</ItemType>
      <ItemName>שמפו שמן קיק 400 מל</ItemName>
      <ManufacturerName>קוסמופארם</ManufacturerName>
      <ManufactureCountry>IL</ManufactureCountry>
      <ManufacturerItemDescription>שמפו שמן קיק 400 מל</ManufacturerItemDescription>
      <UnitQty>מיליליטרים</UnitQty>
      <Quantity>400.00</Quantity>
      <bIsWeighted>0</bIsWeighted>
      <UnitOfMeasure>100 מ"ל</UnitOfMeasure>
      <QtyInPackage>1</QtyInPackage>
      <ItemPrice>30.90</ItemPrice>
      <UnitOfMeasurePrice>7.73</UnitOfMeasurePrice>
      <AllowDiscount>1</AllowDiscount>
      <ItemStatus>1</ItemStatus>
    </Item>
    <Item>
      <PriceUpdateDate>2024-12-23 17:20</PriceUpdateDate>
      <ItemCode>7290104966460</ItemCode>
      <ItemType>1</ItemType>
      <ItemName>מרכך שמן קיק 400  מל</ItemName>
      <ManufacturerName>קוסמופארם</ManufacturerName>
      <ManufactureCountry>IL</ManufactureCountry>
      <ManufacturerItemDescription>מרכך שמן קיק 400  מל</ManufacturerItemDescription>
      <UnitQty>מיליליטרים</UnitQty>
      <Quantity>400.00</Quantity>
      <bIsWeighted>0</bIsWeighted>
      <UnitOfMeasure>100 מ"ל</UnitOfMeasure>
      <QtyInPackage>1</QtyInPackage>
      <ItemPrice>30.90</ItemPrice>
      <UnitOfMeasurePrice>7.73</UnitOfMeasurePrice>
      <AllowDiscount>1</AllowDiscount>
      <ItemStatus>1</ItemStatus>
    </Item>
    <Item>
      <PriceUpdateDate>2025-01-01 10:05</PriceUpdateDate>
      <ItemCode>7290104969805</ItemCode>
      <ItemType>1</ItemType>
      <ItemName>חלב פנים מיסלריי 400 מ"ל</ItemName>
      <ManufacturerName>קרליין</ManufacturerName>
      <ManufactureCountry>IL</ManufactureCountry>
      <ManufacturerItemDescription>חלב פנים מיסלריי 400 מ"ל</ManufacturerItemDescription>
      <UnitQty>מיליליטרים</UnitQty>
      <Quantity>400.00</Quantity>
      <bIsWeighted>0</bIsWeighted>
      <UnitOfMeasure>100 מ"ל</UnitOfMeasure>
      <QtyInPackage>1</QtyInPackage>
      <ItemPrice>46.50</ItemPrice>
      <UnitOfMeasurePrice>11.63</UnitOfMeasurePrice>
      <AllowDiscount>1</AllowDiscount>
      <ItemStatus>1</ItemStatus>
    </Item>
    <Item>
      <PriceUpdateDate>2023-11-16 11:22</PriceUpdateDate>
      <ItemCode>7290105362377</ItemCode>
      <ItemType>1</ItemType>
      <ItemName>כיף כף מגדים 45 גרם</ItemName>
      <ManufacturerName>עלית</ManufacturerName>
      <ManufactureCountry>IL</ManufactureCountry>
      <ManufacturerItemDescription>כיף כף מגדים 45 גרם</ManufacturerItemDescription>
      <UnitQty>גרמים</UnitQty>
      <Quantity>45.00</Quantity>
      <bIsWeighted>0</bIsWeighted>
      <UnitOfMeasure>100 גרם</UnitOfMeasure>
      <QtyInPackage>0</QtyInPackage>
      <ItemPrice>5.90</ItemPrice>
      <UnitOfMeasurePrice>13.11</UnitOfMeasurePrice>
      <AllowDiscount>1</AllowDiscount>
      <ItemStatus>1</ItemStatus>
    </Item>
    <Item>
      <PriceUpdateDate>2025-12-01 20:20</PriceUpdateDate>
      <ItemCode>7290105430441</ItemCode>
      <ItemType>1</ItemType>
      <ItemName>סב.פלמוליב סחלב שחור750מ</ItemName>
      <ManufacturerName>קולגייט-פלמוליב</ManufacturerName>
      <ManufactureCountry>TR</ManufactureCountry>
      <ManufacturerItemDescription>סב.פלמוליב סחלב שחור750מ</ManufacturerItemDescription>
      <UnitQty>מיליליטרים</UnitQty>
      <Quantity>750.00</Quantity>
      <bIsWeighted>0</bIsWeighted>
      <UnitOfMeasure>100 מ"ל</UnitOfMeasure>
      <QtyInPackage>0</QtyInPackage>
      <ItemPrice>15.90</ItemPrice>
      <UnitOfMeasurePrice>2.12</UnitOfMeasurePrice>
      <AllowDiscount>1</AllowDiscount>
      <ItemStatus>1</ItemStatus>
    </Item>
    <Item>
      <PriceUpdateDate>2025-08-10 14:37</PriceUpdateDate>
      <ItemCode>7290106263673</ItemCode>
      <ItemType>1</ItemType>
      <ItemName>שמפו טיפולי שמן מרוקאי 1</ItemName>
      <ManufacturerName>כללי</ManufacturerName>
      <ManufactureCountry>IL</ManufactureCountry>
      <ManufacturerItemDescription>שמפו טיפולי שמן מרוקאי1ל</ManufacturerItemDescription>
      <UnitQty>מיליליטרים</UnitQty>
      <Quantity>1000.00</Quantity>
      <bIsWeighted>0</bIsWeighted>
      <UnitOfMeasure>100 מ"ל</UnitOfMeasure>
      <QtyInPackage>1</QtyInPackage>
      <ItemPrice>49.90</ItemPrice>
      <UnitOfMeasurePrice>4.99</UnitOfMeasurePrice>
      <AllowDiscount>1</AllowDiscount>
      <ItemStatus>1</ItemStatus>
    </Item>
    <Item>
      <PriceUpdateDate>2025-06-24 11:13</PriceUpdateDate>
      <ItemCode>7290106290693</ItemCode>
      <ItemType>1</ItemType>
      <ItemName>עפרון שפתיים עמיד83 יח'</ItemName>
      <ManufacturerName>גייד</ManufacturerName>
      <ManufactureCountry>IT</ManufactureCountry>
      <ManufacturerItemDescription>עפרון שפתיים 83</ManufacturerItemDescription>
      <UnitQty>יחידה</UnitQty>
      <Quantity>1.00</Quantity>
      <bIsWeighted>0</bIsWeighted>
      <UnitOfMeasure>יחידה</UnitOfMeasure>
      <QtyInPackage>0</QtyInPackage>
      <ItemPrice>69.00</ItemPrice>
      <UnitOfMeasurePrice>69.00</UnitOfMeasurePrice>
      <AllowDiscount>1</AllowDiscount>
      <ItemStatus>1</ItemStatus>
    </Item>
    <Item>
      <PriceUpdateDate>2025-06-24 11:13</PriceUpdateDate>
      <ItemCode>7290106292406</ItemCode>
      <ItemType>1</ItemType>
      <ItemName>אדמה אינדיאנית אידיליק62</ItemName>
      <ManufacturerName>גייד</ManufacturerName>
      <ManufactureCountry>IT</ManufactureCountry>
      <ManufacturerItemDescription>אדמה אינדיאנית אידיליק62</ManufacturerItemDescription>
      <UnitQty>יחידה</UnitQty>
      <Quantity>1.00</Quantity>
      <bIsWeighted>0</bIsWeighted>
      <UnitOfMeasure>יחידה</UnitOfMeasure>
      <QtyInPackage>0</QtyInPackage>
      <ItemPrice>139.00</ItemPrice>
      <UnitOfMeasurePrice>139.00</UnitOfMeasurePrice>
      <AllowDiscount>1</AllowDiscount>
      <ItemStatus>1</ItemStatus>
    </Item>
    <Item>
      <PriceUpdateDate>2025-06-24 11:13</PriceUpdateDate>
      <ItemCode>7290106295742</ItemCode>
      <ItemType>1</ItemType>
      <ItemName>GENTLE  תרחיץ גרגיר200מל</ItemName>
      <ManufacturerName>גייד</ManufacturerName>
      <ManufactureCountry>IL</ManufactureCountry>
      <ManufacturerItemDescription>תרחיץ גרגירים</ManufacturerItemDescription>
      <UnitQty>מיליליטרים</UnitQty>
      <Quantity>200.00</Quantity>
      <bIsWeighted>0</bIsWeighted>
      <UnitOfMeasure>100 מ"ל</UnitOfMeasure>
      <QtyInPackage>0</QtyInPackage>
      <ItemPrice>89.00</ItemPrice>
      <UnitOfMeasurePrice>44.50</UnitOfMeasurePrice>
      <AllowDiscount>1</AllowDiscount>
      <ItemStatus>1</ItemStatus>
    </Item>
    <Item>
      <PriceUpdateDate>2025-06-24 11:13</PriceUpdateDate>
      <ItemCode>7290106296169</ItemCode>
      <ItemType>1</ItemType>
      <ItemName>BLACK ICON אדט גבר 100מל</ItemName>
      <ManufacturerName>גייד בישום</ManufacturerName>
      <ManufactureCountry>IL</ManufactureCountry>
      <ManufacturerItemDescription>BLACK ICON לגבר</ManufacturerItemDescription>
      <UnitQty>מיליליטרים</UnitQty>
      <Quantity>100.00</Quantity>
      <bIsWeighted>0</bIsWeighted>
      <UnitOfMeasure>100 מ"ל</UnitOfMeasure>
      <QtyInPackage>0</QtyInPackage>
      <ItemPrice>229.00</ItemPrice>
      <UnitOfMeasurePrice>229.00</UnitOfMeasurePrice>
      <AllowDiscount>1</AllowDiscount>
      <ItemStatus>1</ItemStatus>
    </Item>
    <Item>
      <PriceUpdateDate>2025-06-24 11:13</PriceUpdateDate>
      <ItemCode>7290106296909</ItemCode>
      <ItemType>1</ItemType>
      <ItemName>SOOTHING קצף ניקוי 150מל</ItemName>
      <ManufacturerName>גייד</ManufacturerName>
      <ManufactureCountry>IL</ManufactureCountry>
      <ManufacturerItemDescription>SOOTHING קצף</ManufacturerItemDescription>
      <UnitQty>מיליליטרים</UnitQty>
      <Quantity>150.00</Quantity>
      <bIsWeighted>0</bIsWeighted>
      <UnitOfMeasure>100 מ"ל</UnitOfMeasure>
      <QtyInPackage>0</QtyInPackage>
      <ItemPrice>65.00</ItemPrice>
      <UnitOfMeasurePrice>43.33</UnitOfMeasurePrice>
      <AllowDiscount>1</AllowDiscount>
      <ItemStatus>1</ItemStatus>
    </Item>
    <Item>
      <PriceUpdateDate>2025-01-09 12:06</PriceUpdateDate>
      <ItemCode>7290106520066</ItemCode>
      <ItemType>1</ItemType>
      <ItemName>רבע לשבע גלילית אגוז160ג</ItemName>
      <ManufacturerName>הגביע מוצרי וופלים בע"\מ</ManufacturerName>
      <ManufactureCountry>IL</ManufactureCountry>
      <ManufacturerItemDescription>רבע לשבע גלילית אגוז160ג</ManufacturerItemDescription>
      <UnitQty>גרמים</UnitQty>
      <Quantity>160.00</Quantity>
      <bIsWeighted>0</bIsWeighted>
      <UnitOfMeasure>100 גרם</UnitOfMeasure>
      <QtyInPackage>0</QtyInPackage>
      <ItemPrice>19.90</ItemPrice>
      <UnitOfMeasurePrice>12.44</UnitOfMeasurePrice>
      <AllowDiscount>1</AllowDiscount>
      <ItemStatus>1</ItemStatus>
    </Item>
    <Item>
      <PriceUpdateDate>2024-12-23 17:17</PriceUpdateDate>
      <ItemCode>7290106526822</ItemCode>
      <ItemType>1</ItemType>
      <ItemName>פריכיות תחתית חלב 80גרם</ItemName>
      <ManufacturerName>שטראוס גרופ בע"מ</ManufacturerName>
      <ManufactureCountry>IL</ManufactureCountry>
      <ManufacturerItemDescription>פריכיות תחתית חלב 80גרם</ManufacturerItemDescription>
      <UnitQty>גרמים</UnitQty>
      <Quantity>80.00</Quantity>
      <bIsWeighted>0</bIsWeighted>
      <UnitOfMeasure>100 גרם</UnitOfMeasure>
      <QtyInPackage>0</QtyInPackage>
      <ItemPrice>13.50</ItemPrice>
      <UnitOfMeasurePrice>16.88</UnitOfMeasurePrice>
      <AllowDiscount>1</AllowDiscount>
      <ItemStatus>1</ItemStatus>
    </Item>
    <Item>
      <PriceUpdateDate>2024-12-09 17:01</PriceUpdateDate>
      <ItemCode>7290106527386</ItemCode>
      <ItemType>1</ItemType>
      <ItemName>פריכיות אנרג'י שוק.חלב70</ItemName>
      <ManufacturerName>שטראוס גרופ בע"מ</ManufacturerName>
      <ManufactureCountry>IL</ManufactureCountry>
      <ManufacturerItemDescription>פריכיות אנרגי שוק.חלב70</ManufacturerItemDescription>
      <UnitQty>גרמים</UnitQty>
      <Quantity>70.00</Quantity>
      <bIsWeighted>0</bIsWeighted>
      <UnitOfMeasure>100 גרם</UnitOfMeasure>
      <QtyInPackage>0</QtyInPackage>
      <ItemPrice>13.50</ItemPrice>
      <UnitOfMeasurePrice>19.29</UnitOfMeasurePrice>
      <AllowDiscount>1</AllowDiscount>
      <ItemStatus>1</ItemStatus>
    </Item>
    <Item>
      <PriceUpdateDate>2023-11-16 11:22</PriceUpdateDate>
      <ItemCode>7290106658479</ItemCode>
      <ItemType>1</ItemType>
      <ItemName>טורטית וופל מצופה שוק40ג</ItemName>
      <ManufacturerName>שטראוס גרופ בע"מ</ManufacturerName>
      <ManufactureCountry>IL</ManufactureCountry>
      <ManufacturerItemDescription>טורטית וופל מצופה שוק40ג</ManufacturerItemDescription>
      <UnitQty>גרמים</UnitQty>
      <Quantity>40.00</Quantity>
      <bIsWeighted>0</bIsWeighted>
      <UnitOfMeasure>100 גרם</UnitOfMeasure>
      <QtyInPackage>1</QtyInPackage>
      <ItemPrice>5.90</ItemPrice>
      <UnitOfMeasurePrice>14.75</UnitOfMeasurePrice>
      <AllowDiscount>1</AllowDiscount>
      <ItemStatus>1</ItemStatus>
    </Item>
    <Item>
      <PriceUpdateDate>2024-12-23 17:26</PriceUpdateDate>
      <ItemCode>7290106720626</ItemCode>
      <ItemType>1</ItemType>
      <ItemName>ציטוס גבינה 80 גרם</ItemName>
      <ManufacturerName>שטראוס פריטו ליי בע"מ</ManufacturerName>
      <ManufactureCountry>IL</ManufactureCountry>
      <ManufacturerItemDescription>ציטוס גבינה 80 גרם</ManufacturerItemDescription>
      <UnitQty>גרמים</UnitQty>
      <Quantity>80.00</Quantity>
      <bIsWeighted>0</bIsWeighted>
      <UnitOfMeasure>100 גרם</UnitOfMeasure>
      <QtyInPackage>1</QtyInPackage>
      <ItemPrice>6.00</ItemPrice>
      <UnitOfMeasurePrice>7.50</UnitOfMeasurePrice>
      <AllowDiscount>1</AllowDiscount>
      <ItemStatus>1</ItemStatus>
    </Item>
    <Item>
      <PriceUpdateDate>2024-12-23 17:17</PriceUpdateDate>
      <ItemCode>7290106721920</ItemCode>
      <ItemType>1</ItemType>
      <ItemName>מסטיק ספירמינט ציקלט66ג</ItemName>
      <ManufacturerName>אסקום קונפקשיין</ManufacturerName>
      <ManufactureCountry>DE</ManufactureCountry>
      <ManufacturerItemDescription>מסטיק ספירמינט ציקלט66ג</ManufacturerItemDescription>
      <UnitQty>גרמים</UnitQty>
      <Quantity>66.00</Quantity>
      <bIsWeighted>0</bIsWeighted>
      <UnitOfMeasure>100 גרם</UnitOfMeasure>
      <QtyInPackage>1</QtyInPackage>
      <ItemPrice>13.90</ItemPrice>
      <UnitOfMeasurePrice>21.06</UnitOfMeasurePrice>
      <AllowDiscount>1</AllowDiscount>
      <ItemStatus>1</ItemStatus>
    </Item>
    <Item>
      <PriceUpdateDate>2024-12-23 17:20</PriceUpdateDate>
      <ItemCode>7290107280570</ItemCode>
      <ItemType>1</ItemType>
      <ItemName>גל לכביסה מעורבת 3ל</ItemName>
      <ManufacturerName />
      <ManufactureCountry>IL</ManufactureCountry>
      <ManufacturerItemDescription>גל לכביסה מעורבת 3ל</ManufacturerItemDescription>
      <UnitQty>ליטרים</UnitQty>
      <Quantity>3.00</Quantity>
      <bIsWeighted>0</bIsWeighted>
      <UnitOfMeasure>ליטר</UnitOfMeasure>
      <QtyInPackage>0</QtyInPackage>
      <ItemPrice>33.90</ItemPrice>
      <UnitOfMeasurePrice>11.30</UnitOfMeasurePrice>
      <AllowDiscount>1</AllowDiscount>
      <ItemStatus>1</ItemStatus>
    </Item>
    <Item>
      <PriceUpdateDate>2024-12-23 17:26</PriceUpdateDate>
      <ItemCode>7290107646154</ItemCode>
      <ItemType>1</ItemType>
      <ItemName>חטיף קוקומן שוקולד 21*6ג</ItemName>
      <ManufacturerName>יוניליוור ישראל מזון</ManufacturerName>
      <ManufactureCountry>IL</ManufactureCountry>
      <ManufacturerItemDescription>חטיף קוקומן שוקולד 6*21ג</ManufacturerItemDescription>
      <UnitQty>גרמים</UnitQty>
      <Quantity>126.00</Quantity>
      <bIsWeighted>0</bIsWeighted>
      <UnitOfMeasure>100 גרם</UnitOfMeasure>
      <QtyInPackage>1</QtyInPackage>
      <ItemPrice>18.50</ItemPrice>
      <UnitOfMeasurePrice>14.68</UnitOfMeasurePrice>
      <AllowDiscount>1</AllowDiscount>
      <ItemStatus>1</ItemStatus>
    </Item>
    <Item>
      <PriceUpdateDate>2025-01-09 12:06</PriceUpdateDate>
      <ItemCode>7290107936958</ItemCode>
      <ItemType>1</ItemType>
      <ItemName>עד חצות אצבעות 125 גרם</ItemName>
      <ManufacturerName>ביסקוויטס טור ד\אלבון</ManufacturerName>
      <ManufactureCountry>FR</ManufactureCountry>
      <ManufacturerItemDescription>עד חצות אצבעות 125 גרם</ManufacturerItemDescription>
      <UnitQty>גרמים</UnitQty>
      <Quantity>125.00</Quantity>
      <bIsWeighted>0</bIsWeighted>
      <UnitOfMeasure>100 גרם</UnitOfMeasure>
      <QtyInPackage>1</QtyInPackage>
      <ItemPrice>16.90</ItemPrice>
      <UnitOfMeasurePrice>13.52</UnitOfMeasurePrice>
      <AllowDiscount>1</AllowDiscount>
      <ItemStatus>1</ItemStatus>
    </Item>
    <Item>
      <PriceUpdateDate>2024-12-23 17:17</PriceUpdateDate>
      <ItemCode>7290107937641</ItemCode>
      <ItemType>1</ItemType>
      <ItemName>מסטיק בזוקה קוביות צנצ58</ItemName>
      <ManufacturerName>אסקום קונפקשיין</ManufacturerName>
      <ManufactureCountry>DE</ManufactureCountry>
      <ManufacturerItemDescription>מסטיק בזוקה קוביות צנצ58</ManufacturerItemDescription>
      <UnitQty>גרמים</UnitQty>
      <Quantity>58.00</Quantity>
      <bIsWeighted>0</bIsWeighted>
      <UnitOfMeasure>100 גרם</UnitOfMeasure>
      <QtyInPackage>1</QtyInPackage>
      <ItemPrice>13.90</ItemPrice>
      <UnitOfMeasurePrice>23.97</UnitOfMeasurePrice>
      <AllowDiscount>1</AllowDiscount>
      <ItemStatus>1</ItemStatus>
    </Item>
    <Item>
      <PriceUpdateDate>2025-01-07 17:07</PriceUpdateDate>
      <ItemCode>7290107951104</ItemCode>
      <ItemType>1</ItemType>
      <ItemName>בפלות בטעם שוקולד 200גרם</ItemName>
      <ManufacturerName>גילרו בע"מ</ManufacturerName>
      <ManufactureCountry>IL</ManufactureCountry>
      <ManufacturerItemDescription>בפלות בטעם שוקולד 200גרם</ManufacturerItemDescription>
      <UnitQty>גרמים</UnitQty>
      <Quantity>200.00</Quantity>
      <bIsWeighted>0</bIsWeighted>
      <UnitOfMeasure>100 גרם</UnitOfMeasure>
      <QtyInPackage>1</QtyInPackage>
      <ItemPrice>7.90</ItemPrice>
      <UnitOfMeasurePrice>3.95</UnitOfMeasurePrice>
      <AllowDiscount>1</AllowDiscount>
      <ItemStatus>1</ItemStatus>
    </Item>
    <Item>
      <PriceUpdateDate>2025-12-01 20:20</PriceUpdateDate>
      <ItemCode>7290107971744</ItemCode>
      <ItemType>1</ItemType>
      <ItemName>מי פה טוטל ירוק 500 מ"ל</ItemName>
      <ManufacturerName>קולגייט-פלמוליב</ManufacturerName>
      <ManufactureCountry>PL</ManufactureCountry>
      <ManufacturerItemDescription>מי פה טוטל ירוק 500 מ"ל</ManufacturerItemDescription>
      <UnitQty>מיליליטרים</UnitQty>
      <Quantity>500.00</Quantity>
      <bIsWeighted>0</bIsWeighted>
      <UnitOfMeasure>100 מ"ל</UnitOfMeasure>
      <QtyInPackage>1</QtyInPackage>
      <ItemPrice>19.90</ItemPrice>
      <UnitOfMeasurePrice>3.98</UnitOfMeasurePrice>
      <AllowDiscount>1</AllowDiscount>
      <ItemStatus>1</ItemStatus>
    </Item>
    <Item>
      <PriceUpdateDate>2025-12-01 20:20</PriceUpdateDate>
      <ItemCode>7290107974301</ItemCode>
      <ItemType>1</ItemType>
      <ItemName>ליידי ס.סטיק אלוורה 65גר</ItemName>
      <ManufacturerName>קולגייט-פלמוליב</ManufacturerName>
      <ManufactureCountry>US</ManufactureCountry>
      <ManufacturerItemDescription>ליידי ס.סטיק אלוורה 65גר</ManufacturerItemDescription>
      <UnitQty>גרמים</UnitQty>
      <Quantity>65.00</Quantity>
      <bIsWeighted>0</bIsWeighted>
      <UnitOfMeasure>100 גרם</UnitOfMeasure>
      <QtyInPackage>1</QtyInPackage>
      <ItemPrice>27.90</ItemPrice>
      <UnitOfMeasurePrice>42.92</UnitOfMeasurePrice>
      <AllowDiscount>1</AllowDiscount>
      <ItemStatus>1</ItemStatus>
    </Item>
    <Item>
      <PriceUpdateDate>2024-12-23 17:18</PriceUpdateDate>
      <ItemCode>7290108350616</ItemCode>
      <ItemType>1</ItemType>
      <ItemName>מקסימה מרכך בלו 1 ליטר</ItemName>
      <ManufacturerName>סנו</ManufacturerName>
      <ManufactureCountry>IL</ManufactureCountry>
      <ManufacturerItemDescription>מקסימה מרכך בלו 1 ליטר</ManufacturerItemDescription>
      <UnitQty>ליטרים</UnitQty>
      <Quantity>1.00</Quantity>
      <bIsWeighted>0</bIsWeighted>
      <UnitOfMeasure>ליטר</UnitOfMeasure>
      <QtyInPackage>1</QtyInPackage>
      <ItemPrice>19.90</ItemPrice>
      <UnitOfMeasurePrice>19.90</UnitOfMeasurePrice>
      <AllowDiscount>1</AllowDiscount>
      <ItemStatus>1</ItemStatus>
    </Item>
    <Item>
      <PriceUpdateDate>2024-12-23 17:18</PriceUpdateDate>
      <ItemCode>7290108350623</ItemCode>
      <ItemType>1</ItemType>
      <ItemName>מקסימה מרכך סופט סילק1ל</ItemName>
      <ManufacturerName>סנו</ManufacturerName>
      <ManufactureCountry>IL</ManufactureCountry>
      <ManufacturerItemDescription>מקסימה מרכך סופט סילק1ל</ManufacturerItemDescription>
      <UnitQty>ליטרים</UnitQty>
      <Quantity>1.00</Quantity>
      <bIsWeighted>0</bIsWeighted>
      <UnitOfMeasure>ליטר</UnitOfMeasure>
      <QtyInPackage>1</QtyInPackage>
      <ItemPrice>19.90</ItemPrice>
      <UnitOfMeasurePrice>19.90</UnitOfMeasurePrice>
      <AllowDiscount>1</AllowDiscount>
      <ItemStatus>1</ItemStatus>
    </Item>
    <Item>
      <PriceUpdateDate>2024-12-23 17:26</PriceUpdateDate>
      <ItemCode>7290108352061</ItemCode>
      <ItemType>1</ItemType>
      <ItemName>משחת אורביטול פחם 145ג</ItemName>
      <ManufacturerName>טרופיקל דגיל תעשיות קוסמ</ManufacturerName>
      <ManufactureCountry>IL</ManufactureCountry>
      <ManufacturerItemDescription>משחת אורביטול פחם 145ג</ManufacturerItemDescription>
      <UnitQty>גרמים</UnitQty>
      <Quantity>145.00</Quantity>
      <bIsWeighted>0</bIsWeighted>
      <UnitOfMeasure>100 גרם</UnitOfMeasure>
      <QtyInPackage>1</QtyInPackage>
      <ItemPrice>13.20</ItemPrice>
      <UnitOfMeasurePrice>9.10</UnitOfMeasurePrice>
      <AllowDiscount>1</AllowDiscount>
      <ItemStatus>1</ItemStatus>
    </Item>
    <Item>
      <PriceUpdateDate>2024-12-23 17:20</PriceUpdateDate>
      <ItemCode>7290108354713</ItemCode>
      <ItemType>1</ItemType>
      <ItemName>תחליב רחצה קרמה קלאס500מ</ItemName>
      <ManufacturerName>קוסמופארם</ManufacturerName>
      <ManufactureCountry>IL</ManufactureCountry>
      <ManufacturerItemDescription>תחליב רחצה קרמה קלאס500מ</ManufacturerItemDescription>
      <UnitQty>מיליליטרים</UnitQty>
      <Quantity>500.00</Quantity>
      <bIsWeighted>0</bIsWeighted>
      <UnitOfMeasure>100 מ"ל</UnitOfMeasure>
      <QtyInPackage>1</QtyInPackage>
      <ItemPrice>15.50</ItemPrice>
      <UnitOfMeasurePrice>3.10</UnitOfMeasurePrice>
      <AllowDiscount>1</AllowDiscount>
      <ItemStatus>1</ItemStatus>
    </Item>
    <Item>
      <PriceUpdateDate>2024-12-23 17:26</PriceUpdateDate>
      <ItemCode>7290108355031</ItemCode>
      <ItemType>1</ItemType>
      <ItemName>אל סבון נקה7 מיניונים750</ItemName>
      <ManufacturerName>קוסמופארם</ManufacturerName>
      <ManufactureCountry>IL</ManufactureCountry>
      <ManufacturerItemDescription>אל סבון נקה7 מיניונים750</ManufacturerItemDescription>
      <UnitQty>מיליליטרים</UnitQty>
      <Quantity>750.00</Quantity>
      <bIsWeighted>0</bIsWeighted>
      <UnitOfMeasure>100 מ"ל</UnitOfMeasure>
      <QtyInPackage>1</QtyInPackage>
      <ItemPrice>16.50</ItemPrice>
      <UnitOfMeasurePrice>2.20</UnitOfMeasurePrice>
      <AllowDiscount>1</AllowDiscount>
      <ItemStatus>1</ItemStatus>
    </Item>
    <Item>
      <PriceUpdateDate>2024-12-23 17:20</PriceUpdateDate>
      <ItemCode>7290108355079</ItemCode>
      <ItemType>1</ItemType>
      <ItemName>נט.פורמולה לחות+קוקוס400</ItemName>
      <ManufacturerName>קוסמופארם</ManufacturerName>
      <ManufactureCountry>IL</ManufactureCountry>
      <ManufacturerItemDescription>נט.פורמולה לחות+קוקוס400</ManufacturerItemDescription>
      <UnitQty>מיליליטרים</UnitQty>
      <Quantity>400.00</Quantity>
      <bIsWeighted>0</bIsWeighted>
      <UnitOfMeasure>100 מ"ל</UnitOfMeasure>
      <QtyInPackage>1</QtyInPackage>
      <ItemPrice>31.90</ItemPrice>
      <UnitOfMeasurePrice>7.98</UnitOfMeasurePrice>
      <AllowDiscount>1</AllowDiscount>
      <ItemStatus>1</ItemStatus>
    </Item>
    <Item>
      <PriceUpdateDate>2024-12-23 17:26</PriceUpdateDate>
      <ItemCode>7290108355086</ItemCode>
      <ItemType>1</ItemType>
      <ItemName>גלייז נטורל פורמולה 350מ</ItemName>
      <ManufacturerName>קוסמופארם</ManufacturerName>
      <ManufactureCountry>IL</ManufactureCountry>
      <ManufacturerItemDescription>גלייז נטורל פורמולה 350מ</ManufacturerItemDescription>
      <UnitQty>מיליליטרים</UnitQty>
      <Quantity>350.00</Quantity>
      <bIsWeighted>0</bIsWeighted>
      <UnitOfMeasure>100 מ"ל</UnitOfMeasure>
      <QtyInPackage>1</QtyInPackage>
      <ItemPrice>40.90</ItemPrice>
      <UnitOfMeasurePrice>11.69</UnitOfMeasurePrice>
      <AllowDiscount>1</AllowDiscount>
      <ItemStatus>1</ItemStatus>
    </Item>
    <Item>
      <PriceUpdateDate>2024-12-23 17:26</PriceUpdateDate>
      <ItemCode>7290108355130</ItemCode>
      <ItemType>1</ItemType>
      <ItemName>בייבי כיף שמן לפ.שינה500</ItemName>
      <ManufacturerName>קוסמופארם</ManufacturerName>
      <ManufactureCountry>IL</ManufactureCountry>
      <ManufacturerItemDescription>בייבי כיף שמן לפ.שינה500</ManufacturerItemDescription>
      <UnitQty>מיליליטרים</UnitQty>
      <Quantity>500.00</Quantity>
      <bIsWeighted>0</bIsWeighted>
      <UnitOfMeasure>100 מ"ל</UnitOfMeasure>
      <QtyInPackage>1</QtyInPackage>
      <ItemPrice>27.90</ItemPrice>
      <UnitOfMeasurePrice>5.58</UnitOfMeasurePrice>
      <AllowDiscount>1</AllowDiscount>
      <ItemStatus>1</ItemStatus>
    </Item>
    <Item>
      <PriceUpdateDate>2025-05-12 17:46</PriceUpdateDate>
      <ItemCode>7290108355192</ItemCode>
      <ItemType>1</ItemType>
      <ItemName>מרכך קרטין נטורל 400 מ"ל</ItemName>
      <ManufacturerName>קוסמופארם</ManufacturerName>
      <ManufactureCountry>IL</ManufactureCountry>
      <ManufacturerItemDescription>מרכך קרטין נטורל 400 מ"ל</ManufacturerItemDescription>
      <UnitQty>מיליליטרים</UnitQty>
      <Quantity>400.00</Quantity>
      <bIsWeighted>0</bIsWeighted>
      <UnitOfMeasure>100 מ"ל</UnitOfMeasure>
      <QtyInPackage>1</QtyInPackage>
      <ItemPrice>30.90</ItemPrice>
      <UnitOfMeasurePrice>7.73</UnitOfMeasurePrice>
      <AllowDiscount>1</AllowDiscount>
      <ItemStatus>1</ItemStatus>
    </Item>
    <Item>
      <PriceUpdateDate>2025-05-12 17:46</PriceUpdateDate>
      <ItemCode>7290108355208</ItemCode>
      <ItemType>1</ItemType>
      <ItemName>שמפו קרטין נטורל 400 מ"ל</ItemName>
      <ManufacturerName>קוסמופארם</ManufacturerName>
      <ManufactureCountry>IL</ManufactureCountry>
      <ManufacturerItemDescription>שמפו קרטין נטורל 400 מ"ל</ManufacturerItemDescription>
      <UnitQty>מיליליטרים</UnitQty>
      <Quantity>400.00</Quantity>
      <bIsWeighted>0</bIsWeighted>
      <UnitOfMeasure>100 מ"ל</UnitOfMeasure>
      <QtyInPackage>1</QtyInPackage>
      <ItemPrice>30.90</ItemPrice>
      <UnitOfMeasurePrice>7.73</UnitOfMeasurePrice>
      <AllowDiscount>1</AllowDiscount>
      <ItemStatus>1</ItemStatus>
    </Item>
    <Item>
      <PriceUpdateDate>2024-12-23 17:26</PriceUpdateDate>
      <ItemCode>7290108355260</ItemCode>
      <ItemType>1</ItemType>
      <ItemName>נקה7שמפו+גל רחצה+סבון750</ItemName>
      <ManufacturerName>קוסמופארם</ManufacturerName>
      <ManufactureCountry>IL</ManufactureCountry>
      <ManufacturerItemDescription>נקה7שמפו+גל רחצה+סבון750</ManufacturerItemDescription>
      <UnitQty>מיליליטרים</UnitQty>
      <Quantity>750.00</Quantity>
      <bIsWeighted>0</bIsWeighted>
      <UnitOfMeasure>100 מ"ל</UnitOfMeasure>
      <QtyInPackage>1</QtyInPackage>
      <ItemPrice>16.50</ItemPrice>
      <UnitOfMeasurePrice>2.20</UnitOfMeasurePrice>
      <AllowDiscount>1</AllowDiscount>
      <ItemStatus>1</ItemStatus>
    </Item>
    <Item>
      <PriceUpdateDate>2023-11-30 17:52</PriceUpdateDate>
      <ItemCode>7290108356106</ItemCode>
      <ItemType>1</ItemType>
      <ItemName>כיף תחליב רחצה שקדים700מ</ItemName>
      <ManufacturerName>קוסמופארם</ManufacturerName>
      <ManufactureCountry>IL</ManufactureCountry>
      <ManufacturerItemDescription>כיף תחליב רחצה שקדים700מ</ManufacturerItemDescription>
      <UnitQty>מיליליטרים</UnitQty>
      <Quantity>700.00</Quantity>
      <bIsWeighted>0</bIsWeighted>
      <UnitOfMeasure>100 מ"ל</UnitOfMeasure>
      <QtyInPackage>1</QtyInPackage>
      <ItemPrice>13.90</ItemPrice>
      <UnitOfMeasurePrice>1.99</UnitOfMeasurePrice>
      <AllowDiscount>1</AllowDiscount>
      <ItemStatus>1</ItemStatus>
    </Item>
    <Item>
      <PriceUpdateDate>2023-11-30 17:52</PriceUpdateDate>
      <ItemCode>7290108356168</ItemCode>
      <ItemType>1</ItemType>
      <ItemName>כיף תחליב רח.אוקיינוס700</ItemName>
      <ManufacturerName>קוסמופארם</ManufacturerName>
      <ManufactureCountry>IL</ManufactureCountry>
      <ManufacturerItemDescription>כיף תחליב רח.אוקיינוס700</ManufacturerItemDescription>
      <UnitQty>מיליליטרים</UnitQty>
      <Quantity>700.00</Quantity>
      <bIsWeighted>0</bIsWeighted>
      <UnitOfMeasure>100 מ"ל</UnitOfMeasure>
      <QtyInPackage>1</QtyInPackage>
      <ItemPrice>13.90</ItemPrice>
      <UnitOfMeasurePrice>1.99</UnitOfMeasurePrice>
      <AllowDiscount>1</AllowDiscount>
      <ItemStatus>1</ItemStatus>
    </Item>
    <Item>
      <PriceUpdateDate>2024-12-23 17:20</PriceUpdateDate>
      <ItemCode>7290108356533</ItemCode>
      <ItemType>1</ItemType>
      <ItemName>שמפו 10 לשיער מתולתל700מ</ItemName>
      <ManufacturerName>קוסמופארם</ManufacturerName>
      <ManufactureCountry>IL</ManufactureCountry>
      <ManufacturerItemDescription>שמפו 10 לשיער מתולתל700מ</ManufacturerItemDescription>
      <UnitQty>מיליליטרים</UnitQty>
      <Quantity>700.00</Quantity>
      <bIsWeighted>0</bIsWeighted>
      <UnitOfMeasure>100 מ"ל</UnitOfMeasure>
      <QtyInPackage>1</QtyInPackage>
      <ItemPrice>15.50</ItemPrice>
      <UnitOfMeasurePrice>2.21</UnitOfMeasurePrice>
      <AllowDiscount>1</AllowDiscount>
      <ItemStatus>1</ItemStatus>
    </Item>
    <Item>
      <PriceUpdateDate>2024-12-23 17:20</PriceUpdateDate>
      <ItemCode>7290108356564</ItemCode>
      <ItemType>1</ItemType>
      <ItemName>מרכך 10 לשיער רגיל 700מל</ItemName>
      <ManufacturerName>קוסמופארם</ManufacturerName>
      <ManufactureCountry>IL</ManufactureCountry>
      <ManufacturerItemDescription>מרכך 10 לשיער רגיל 700מל</ManufacturerItemDescription>
      <UnitQty>מיליליטרים</UnitQty>
      <Quantity>700.00</Quantity>
      <bIsWeighted>0</bIsWeighted>
      <UnitOfMeasure>100 מ"ל</UnitOfMeasure>
      <QtyInPackage>1</QtyInPackage>
      <ItemPrice>15.50</ItemPrice>
      <UnitOfMeasurePrice>2.21</UnitOfMeasurePrice>
      <AllowDiscount>1</AllowDiscount>
      <ItemStatus>1</ItemStatus>
    </Item>
    <Item>
      <PriceUpdateDate>2025-01-01 10:06</PriceUpdateDate>
      <ItemCode>7290108356717</ItemCode>
      <ItemType>1</ItemType>
      <ItemName>כיף 3ב1 לגבר קפאין 700 מ</ItemName>
      <ManufacturerName>קוסמופארם</ManufacturerName>
      <ManufactureCountry>IL</ManufactureCountry>
      <ManufacturerItemDescription>כיף 3ב1 לגבר קפאין 700 מ</ManufacturerItemDescription>
      <UnitQty>מיליליטרים</UnitQty>
      <Quantity>700.00</Quantity>
      <bIsWeighted>0</bIsWeighted>
      <UnitOfMeasure>100 מ"ל</UnitOfMeasure>
      <QtyInPackage>1</QtyInPackage>
      <ItemPrice>13.20</ItemPrice>
      <UnitOfMeasurePrice>1.89</UnitOfMeasurePrice>
      <AllowDiscount>1</AllowDiscount>
      <ItemStatus>1</ItemStatus>
    </Item>
    <Item>
      <PriceUpdateDate>2023-12-10 16:11</PriceUpdateDate>
      <ItemCode>7290108356779</ItemCode>
      <ItemType>1</ItemType>
      <ItemName>כיף שמפו לברק 7400מל</ItemName>
      <ManufacturerName>קוסמופארם</ManufacturerName>
      <ManufactureCountry>IL</ManufactureCountry>
      <ManufacturerItemDescription>כיף שמפו לברק 7400מל</ManufacturerItemDescription>
      <UnitQty>מיליליטרים</UnitQty>
      <Quantity>700.00</Quantity>
      <bIsWeighted>0</bIsWeighted>
      <UnitOfMeasure>100 מ"ל</UnitOfMeasure>
      <QtyInPackage>1</QtyInPackage>
      <ItemPrice>13.90</ItemPrice>
      <UnitOfMeasurePrice>1.99</UnitOfMeasurePrice>
      <AllowDiscount>1</AllowDiscount>
      <ItemStatus>1</ItemStatus>
    </Item>
    <Item>
      <PriceUpdateDate>2024-12-23 17:26</PriceUpdateDate>
      <ItemCode>7290108356953</ItemCode>
      <ItemType>1</ItemType>
      <ItemName>שמפו נקה7 לחות 750מ"ל</ItemName>
      <ManufacturerName>קוסמופארם</ManufacturerName>
      <ManufactureCountry>IL</ManufactureCountry>
      <ManufacturerItemDescription>שמפו נקה7 לחות 750מ"ל</ManufacturerItemDescription>
      <UnitQty>מיליליטרים</UnitQty>
      <Quantity>750.00</Quantity>
      <bIsWeighted>0</bIsWeighted>
      <UnitOfMeasure>100 מ"ל</UnitOfMeasure>
      <QtyInPackage>1</QtyInPackage>
      <ItemPrice>13.20</ItemPrice>
      <UnitOfMeasurePrice>1.76</UnitOfMeasurePrice>
      <AllowDiscount>1</AllowDiscount>
      <ItemStatus>1</ItemStatus>
    </Item>
    <Item>
      <PriceUpdateDate>2024-12-23 17:20</PriceUpdateDate>
      <ItemCode>7290108357561</ItemCode>
      <ItemType>1</ItemType>
      <ItemName>פילינג רחצה קרמה 600 מל</ItemName>
      <ManufacturerName>קוסמופארם</ManufacturerName>
      <ManufactureCountry>IL</ManufactureCountry>
      <ManufacturerItemDescription>פילינג רחצה קרמה 600 מל</ManufacturerItemDescription>
      <UnitQty>מיליליטרים</UnitQty>
      <Quantity>600.00</Quantity>
      <bIsWeighted>0</bIsWeighted>
      <UnitOfMeasure>100 מ"ל</UnitOfMeasure>
      <QtyInPackage>1</QtyInPackage>
      <ItemPrice>20.90</ItemPrice>
      <UnitOfMeasurePrice>3.48</UnitOfMeasurePrice>
      <AllowDiscount>1</AllowDiscount>
      <ItemStatus>1</ItemStatus>
    </Item>
    <Item>
      <PriceUpdateDate>2024-04-05 05:38</PriceUpdateDate>
      <ItemCode>7290108357646</ItemCode>
      <ItemType>1</ItemType>
      <ItemName>bio דאו רול און קרליין75</ItemName>
      <ManufacturerName>קוסמופארם</ManufacturerName>
      <ManufactureCountry>IL</ManufactureCountry>
      <ManufacturerItemDescription>bio דאו רול און קרליין75</ManufacturerItemDescription>
      <UnitQty>מיליליטרים</UnitQty>
      <Quantity>75.00</Quantity>
      <bIsWeighted>0</bIsWeighted>
      <UnitOfMeasure>100 מ"ל</UnitOfMeasure>
      <QtyInPackage>1</QtyInPackage>
      <ItemPrice>16.90</ItemPrice>
      <UnitOfMeasurePrice>22.53</UnitOfMeasurePrice>
      <AllowDiscount>1</AllowDiscount>
      <ItemStatus>1</ItemStatus>
    </Item>
    <Item>
      <PriceUpdateDate>2024-04-05 05:38</PriceUpdateDate>
      <ItemCode>7290108357684</ItemCode>
      <ItemType>1</ItemType>
      <ItemName>bio דאו רול און קרליין75</ItemName>
      <ManufacturerName>קוסמופארם</ManufacturerName>
      <ManufactureCountry>IL</ManufactureCountry>
      <ManufacturerItemDescription>bio דאו רול און קרליין75</ManufacturerItemDescription>
      <UnitQty>מיליליטרים</UnitQty>
      <Quantity>75.00</Quantity>
      <bIsWeighted>0</bIsWeighted>
      <UnitOfMeasure>100 מ"ל</UnitOfMeasure>
      <QtyInPackage>1</QtyInPackage>
      <ItemPrice>16.90</ItemPrice>
      <UnitOfMeasurePrice>22.53</UnitOfMeasurePrice>
      <AllowDiscount>1</AllowDiscount>
      <ItemStatus>1</ItemStatus>
    </Item>
    <Item>
      <PriceUpdateDate>2023-12-10 16:11</PriceUpdateDate>
      <ItemCode>7290108357707</ItemCode>
      <ItemType>1</ItemType>
      <ItemName>כיף שמפו לשיער רגיל 700מ</ItemName>
      <ManufacturerName>קוסמופארם</ManufacturerName>
      <ManufactureCountry>IL</ManufactureCountry>
      <ManufacturerItemDescription>כיף שמפו לשיער רגיל 700מ</ManufacturerItemDescription>
      <UnitQty>מיליליטרים</UnitQty>
      <Quantity>700.00</Quantity>
      <bIsWeighted>0</bIsWeighted>
      <UnitOfMeasure>100 מ"ל</UnitOfMeasure>
      <QtyInPackage>1</QtyInPackage>
      <ItemPrice>13.90</ItemPrice>
      <UnitOfMeasurePrice>1.99</UnitOfMeasurePrice>
      <AllowDiscount>1</AllowDiscount>
      <ItemStatus>1</ItemStatus>
    </Item>
    <Item>
      <PriceUpdateDate>2023-12-10 16:11</PriceUpdateDate>
      <ItemCode>7290108357769</ItemCode>
      <ItemType>1</ItemType>
      <ItemName>כיף מרכך לשיער רגיל700מל</ItemName>
      <ManufacturerName>קוסמופארם</ManufacturerName>
      <ManufactureCountry>IL</ManufactureCountry>
      <ManufacturerItemDescription>כיף מרכך לשיער רגיל700מל</ManufacturerItemDescription>
      <UnitQty>מיליליטרים</UnitQty>
      <Quantity>700.00</Quantity>
      <bIsWeighted>0</bIsWeighted>
      <UnitOfMeasure>100 מ"ל</UnitOfMeasure>
      <QtyInPackage>1</QtyInPackage>
      <ItemPrice>13.90</ItemPrice>
      <UnitOfMeasurePrice>1.99</UnitOfMeasurePrice>
      <AllowDiscount>1</AllowDiscount>
      <ItemStatus>1</ItemStatus>
    </Item>
    <Item>
      <PriceUpdateDate>2023-12-10 16:11</PriceUpdateDate>
      <ItemCode>7290108357875</ItemCode>
      <ItemType>1</ItemType>
      <ItemName>כיף שמפו אפרסק 700 מ"ל</ItemName>
      <ManufacturerName>קוסמופארם</ManufacturerName>
      <ManufactureCountry>IL</ManufactureCountry>
      <ManufacturerItemDescription>כיף שמפו אפרסק 700 מ"ל</ManufacturerItemDescription>
      <UnitQty>מיליליטרים</UnitQty>
      <Quantity>700.00</Quantity>
      <bIsWeighted>0</bIsWeighted>
      <UnitOfMeasure>100 מ"ל</UnitOfMeasure>
      <QtyInPackage>1</QtyInPackage>
      <ItemPrice>13.90</ItemPrice>
      <UnitOfMeasurePrice>1.99</UnitOfMeasurePrice>
      <AllowDiscount>1</AllowDiscount>
      <ItemStatus>1</ItemStatus>
    </Item>
    <Item>
      <PriceUpdateDate>2024-12-23 17:21</PriceUpdateDate>
      <ItemCode>7290108358087</ItemCode>
      <ItemType>1</ItemType>
      <ItemName>תחליב רחצה קרמה מאסק700מ</ItemName>
      <ManufacturerName>קוסמופארם</ManufacturerName>
      <ManufactureCountry>IL</ManufactureCountry>
      <ManufacturerItemDescription>תחליב רחצה קרמה מאסק700מ</ManufacturerItemDescription>
      <UnitQty>מיליליטרים</UnitQty>
      <Quantity>700.00</Quantity>
      <bIsWeighted>0</bIsWeighted>
      <UnitOfMeasure>100 מ"ל</UnitOfMeasure>
      <QtyInPackage>1</QtyInPackage>
      <ItemPrice>20.50</ItemPrice>
      <UnitOfMeasurePrice>2.93</UnitOfMeasurePrice>
      <AllowDiscount>1</AllowDiscount>
      <ItemStatus>1</ItemStatus>
    </Item>
    <Item>
      <PriceUpdateDate>2025-05-05 10:33</PriceUpdateDate>
      <ItemCode>7290108931792</ItemCode>
      <ItemType>1</ItemType>
      <ItemName>סרום משי לשיער 120 מ"ל</ItemName>
      <ManufacturerName>סקין קוסמטיק בע"מ</ManufacturerName>
      <ManufactureCountry>IL</ManufactureCountry>
      <ManufacturerItemDescription>סרום משי לשיער 120 מ"ל</ManufacturerItemDescription>
      <UnitQty>מיליליטרים</UnitQty>
      <Quantity>120.00</Quantity>
      <bIsWeighted>0</bIsWeighted>
      <UnitOfMeasure>100 מ"ל</UnitOfMeasure>
      <QtyInPackage>1</QtyInPackage>
      <ItemPrice>88.00</ItemPrice>
      <UnitOfMeasurePrice>73.33</UnitOfMeasurePrice>
      <AllowDiscount>1</AllowDiscount>
      <ItemStatus>1</ItemStatus>
    </Item>
    <Item>
      <PriceUpdateDate>2025-06-24 11:13</PriceUpdateDate>
      <ItemCode>7290110454364</ItemCode>
      <ItemType>1</ItemType>
      <ItemName>גלו FX קרם למראה זוהר 5</ItemName>
      <ManufacturerName>כללי</ManufacturerName>
      <ManufactureCountry>CH</ManufactureCountry>
      <ManufacturerItemDescription>גלו FX קרם למראה</ManufacturerItemDescription>
      <UnitQty>מיליליטרים</UnitQty>
      <Quantity>50.00</Quantity>
      <bIsWeighted>0</bIsWeighted>
      <UnitOfMeasure>100 מ"ל</UnitOfMeasure>
      <QtyInPackage>1</QtyInPackage>
      <ItemPrice>259.00</ItemPrice>
      <UnitOfMeasurePrice>518.00</UnitOfMeasurePrice>
      <AllowDiscount>1</AllowDiscount>
      <ItemStatus>1</ItemStatus>
    </Item>
    <Item>
      <PriceUpdateDate>2025-06-24 11:13</PriceUpdateDate>
      <ItemCode>7290110454999</ItemCode>
      <ItemType>1</ItemType>
      <ItemName>לונגיוטי מייק אפ 551 30</ItemName>
      <ManufacturerName>כללי</ManufacturerName>
      <ManufactureCountry>IT</ManufactureCountry>
      <ManufacturerItemDescription>לונגיוטי מייק אפ 551 30</ManufacturerItemDescription>
      <UnitQty>מיליליטרים</UnitQty>
      <Quantity>30.00</Quantity>
      <bIsWeighted>0</bIsWeighted>
      <UnitOfMeasure>100 מ"ל</UnitOfMeasure>
      <QtyInPackage>1</QtyInPackage>
      <ItemPrice>160.00</ItemPrice>
      <UnitOfMeasurePrice>533.33</UnitOfMeasurePrice>
      <AllowDiscount>1</AllowDiscount>
      <ItemStatus>1</ItemStatus>
    </Item>
    <Item>
      <PriceUpdateDate>2025-06-24 11:13</PriceUpdateDate>
      <ItemCode>7290110456894</ItemCode>
      <ItemType>1</ItemType>
      <ItemName>גלו FX קרם עיניים למראה</ItemName>
      <ManufacturerName>כללי</ManufacturerName>
      <ManufactureCountry>IT</ManufactureCountry>
      <ManufacturerItemDescription>גלו FX קרם עיניי</ManufacturerItemDescription>
      <UnitQty>מיליליטרים</UnitQty>
      <Quantity>20.00</Quantity>
      <bIsWeighted>0</bIsWeighted>
      <UnitOfMeasure>100 מ"ל</UnitOfMeasure>
      <QtyInPackage>1</QtyInPackage>
      <ItemPrice>120.00</ItemPrice>
      <UnitOfMeasurePrice>600.00</UnitOfMeasurePrice>
      <AllowDiscount>1</AllowDiscount>
      <ItemStatus>1</ItemStatus>
    </Item>
    <Item>
      <PriceUpdateDate>2025-06-24 11:13</PriceUpdateDate>
      <ItemCode>7290110457402</ItemCode>
      <ItemType>1</ItemType>
      <ItemName>אייקון/פרייבט09בושם לגבר</ItemName>
      <ManufacturerName>גייד בישום</ManufacturerName>
      <ManufactureCountry>IL</ManufactureCountry>
      <ManufacturerItemDescription>אייקון/פרייבט09ג</ManufacturerItemDescription>
      <UnitQty>מיליליטרים</UnitQty>
      <Quantity>100.00</Quantity>
      <bIsWeighted>0</bIsWeighted>
      <UnitOfMeasure>100 מ"ל</UnitOfMeasure>
      <QtyInPackage>1</QtyInPackage>
      <ItemPrice>221.00</ItemPrice>
      <UnitOfMeasurePrice>221.00</UnitOfMeasurePrice>
      <AllowDiscount>1</AllowDiscount>
      <ItemStatus>1</ItemStatus>
    </Item>
    <Item>
      <PriceUpdateDate>2025-06-24 11:13</PriceUpdateDate>
      <ItemCode>7290110459000</ItemCode>
      <ItemType>1</ItemType>
      <ItemName>אייקון ונילה בלאק מ.ג250</ItemName>
      <ManufacturerName>גייד בישום</ManufacturerName>
      <ManufactureCountry>IL</ManufactureCountry>
      <ManufacturerItemDescription>אייקון ונילה בלא</ManufacturerItemDescription>
      <UnitQty>מיליליטרים</UnitQty>
      <Quantity>250.00</Quantity>
      <bIsWeighted>0</bIsWeighted>
      <UnitOfMeasure>100 מ"ל</UnitOfMeasure>
      <QtyInPackage>1</QtyInPackage>
      <ItemPrice>127.00</ItemPrice>
      <UnitOfMeasurePrice>50.80</UnitOfMeasurePrice>
      <AllowDiscount>1</AllowDiscount>
      <ItemStatus>1</ItemStatus>
    </Item>
    <Item>
      <PriceUpdateDate>2025-06-24 11:13</PriceUpdateDate>
      <ItemCode>7290110459062</ItemCode>
      <ItemType>1</ItemType>
      <ItemName>אולטרהמט מייק אפ עמיד155</ItemName>
      <ManufacturerName>INTERCOS</ManufacturerName>
      <ManufactureCountry>IT</ManufactureCountry>
      <ManufacturerItemDescription>אולטרהמט מייק אפ</ManufacturerItemDescription>
      <UnitQty>מיליליטרים</UnitQty>
      <Quantity>30.00</Quantity>
      <bIsWeighted>0</bIsWeighted>
      <UnitOfMeasure>100 מ"ל</UnitOfMeasure>
      <QtyInPackage>1</QtyInPackage>
      <ItemPrice>179.00</ItemPrice>
      <UnitOfMeasurePrice>596.67</UnitOfMeasurePrice>
      <AllowDiscount>1</AllowDiscount>
      <ItemStatus>1</ItemStatus>
    </Item>
    <Item>
      <PriceUpdateDate>2024-12-09 17:01</PriceUpdateDate>
      <ItemCode>7290110579333</ItemCode>
      <ItemType>1</ItemType>
      <ItemName>מסטיק תפוח ירוק חמוץ60ג</ItemName>
      <ManufacturerName>אסקום קונפקשיין</ManufacturerName>
      <ManufactureCountry>DE</ManufactureCountry>
      <ManufacturerItemDescription>מסטיק תפוח ירוק חמוץ60ג</ManufacturerItemDescription>
      <UnitQty>גרמים</UnitQty>
      <Quantity>60.00</Quantity>
      <bIsWeighted>0</bIsWeighted>
      <UnitOfMeasure>100 גרם</UnitOfMeasure>
      <QtyInPackage>1</QtyInPackage>
      <ItemPrice>13.90</ItemPrice>
      <UnitOfMeasurePrice>23.17</UnitOfMeasurePrice>
      <AllowDiscount>1</AllowDiscount>
      <ItemStatus>1</ItemStatus>
    </Item>
    <Item>
      <PriceUpdateDate>2025-06-09 15:47</PriceUpdateDate>
      <ItemCode>7290110730109</ItemCode>
      <ItemType>1</ItemType>
      <ItemName>נוטרילון קומפורט 900 גרם</ItemName>
      <ManufacturerName>נוטרישיה קאלק</ManufacturerName>
      <ManufactureCountry>NL</ManufactureCountry>
      <ManufacturerItemDescription>נוטרילון קומפורט 900 גרם</ManufacturerItemDescription>
      <UnitQty>גרמים</UnitQty>
      <Quantity>900.00</Quantity>
      <bIsWeighted>0</bIsWeighted>
      <UnitOfMeasure>100 גרם</UnitOfMeasure>
      <QtyInPackage>1</QtyInPackage>
      <ItemPrice>94.90</ItemPrice>
      <UnitOfMeasurePrice>10.54</UnitOfMeasurePrice>
      <AllowDiscount>1</AllowDiscount>
      <ItemStatus>1</ItemStatus>
    </Item>
    <Item>
      <PriceUpdateDate>2025-12-01 20:10</PriceUpdateDate>
      <ItemCode>7290111097041</ItemCode>
      <ItemType>1</ItemType>
      <ItemName>מגב.בייביסיטר שמיניה60*8</ItemName>
      <ManufacturerName>די.פי.אל</ManufacturerName>
      <ManufactureCountry>IL</ManufactureCountry>
      <ManufacturerItemDescription>מגב.בייביסיטר שמיניה8*60</ManufacturerItemDescription>
      <UnitQty>יחידה</UnitQty>
      <Quantity>1.00</Quantity>
      <bIsWeighted>0</bIsWeighted>
      <UnitOfMeasure>יחידה</UnitOfMeasure>
      <QtyInPackage>1</QtyInPackage>
      <ItemPrice>22.90</ItemPrice>
      <UnitOfMeasurePrice>22.90</UnitOfMeasurePrice>
      <AllowDiscount>1</AllowDiscount>
      <ItemStatus>1</ItemStatus>
    </Item>
    <Item>
      <PriceUpdateDate>2025-12-01 20:20</PriceUpdateDate>
      <ItemCode>7290111097669</ItemCode>
      <ItemType>1</ItemType>
      <ItemName>תחתוני קלאסיק בריז XL 14</ItemName>
      <ManufacturerName>---</ManufacturerName>
      <ManufactureCountry>IT</ManufactureCountry>
      <ManufacturerItemDescription>תחתוני קלאסיק בריז XL 14</ManufacturerItemDescription>
      <UnitQty>יחידה</UnitQty>
      <Quantity>1.00</Quantity>
      <bIsWeighted>0</bIsWeighted>
      <UnitOfMeasure>יחידה</UnitOfMeasure>
      <QtyInPackage>1</QtyInPackage>
      <ItemPrice>64.90</ItemPrice>
      <UnitOfMeasurePrice>64.90</UnitOfMeasurePrice>
      <AllowDiscount>1</AllowDiscount>
      <ItemStatus>1</ItemStatus>
    </Item>
    <Item>
      <PriceUpdateDate>2024-12-23 17:20</PriceUpdateDate>
      <ItemCode>7290111341984</ItemCode>
      <ItemType>1</ItemType>
      <ItemName>לילי לח פיור מארז 4יח</ItemName>
      <ManufacturerName>עלבד</ManufacturerName>
      <ManufactureCountry>IL</ManufactureCountry>
      <ManufacturerItemDescription>לילי לח פיור מארז 4יח</ManufacturerItemDescription>
      <UnitQty>יחידה</UnitQty>
      <Quantity>1.00</Quantity>
      <bIsWeighted>0</bIsWeighted>
      <UnitOfMeasure>יחידה</UnitOfMeasure>
      <QtyInPackage>1</QtyInPackage>
      <ItemPrice>28.90</ItemPrice>
      <UnitOfMeasurePrice>28.90</UnitOfMeasurePrice>
      <AllowDiscount>1</AllowDiscount>
      <ItemStatus>1</ItemStatus>
    </Item>
    <Item>
      <PriceUpdateDate>2025-01-29 17:53</PriceUpdateDate>
      <ItemCode>7290111342707</ItemCode>
      <ItemType>1</ItemType>
      <ItemName>תחתון סופג לילה גבר14L</ItemName>
      <ManufacturerName>---</ManufacturerName>
      <ManufactureCountry>CZ</ManufactureCountry>
      <ManufacturerItemDescription>תחתון דיפנד לגבר</ManufacturerItemDescription>
      <UnitQty>יחידה</UnitQty>
      <Quantity>1.00</Quantity>
      <bIsWeighted>0</bIsWeighted>
      <UnitOfMeasure>יחידה</UnitOfMeasure>
      <QtyInPackage>1</QtyInPackage>
      <ItemPrice>84.90</ItemPrice>
      <UnitOfMeasurePrice>84.90</UnitOfMeasurePrice>
      <AllowDiscount>1</AllowDiscount>
      <ItemStatus>1</ItemStatus>
    </Item>
    <Item>
      <PriceUpdateDate>2024-12-23 17:20</PriceUpdateDate>
      <ItemCode>7290111342738</ItemCode>
      <ItemType>1</ItemType>
      <ItemName>לילי לח קידס מארז 4</ItemName>
      <ManufacturerName>---</ManufacturerName>
      <ManufactureCountry>IL</ManufactureCountry>
      <ManufacturerItemDescription>לילי לח קידס מארז 4</ManufacturerItemDescription>
      <UnitQty>יחידה</UnitQty>
      <Quantity>1.00</Quantity>
      <bIsWeighted>0</bIsWeighted>
      <UnitOfMeasure>יחידה</UnitOfMeasure>
      <QtyInPackage>1</QtyInPackage>
      <ItemPrice>28.90</ItemPrice>
      <UnitOfMeasurePrice>28.90</UnitOfMeasurePrice>
      <AllowDiscount>1</AllowDiscount>
      <ItemStatus>1</ItemStatus>
    </Item>
    <Item>
      <PriceUpdateDate>2025-12-21 15:30</PriceUpdateDate>
      <ItemCode>7290111344206</ItemCode>
      <ItemType>1</ItemType>
      <ItemName>מגבונים האגיס נטורל56*4</ItemName>
      <ManufacturerName>---</ManufacturerName>
      <ManufactureCountry>IL</ManufactureCountry>
      <ManufacturerItemDescription>מגבונים האגיס נטורל56*4</ManufacturerItemDescription>
      <UnitQty>יחידה</UnitQty>
      <Quantity>1.00</Quantity>
      <bIsWeighted>0</bIsWeighted>
      <UnitOfMeasure>יחידה</UnitOfMeasure>
      <QtyInPackage>1</QtyInPackage>
      <ItemPrice>18.90</ItemPrice>
      <UnitOfMeasurePrice>18.90</UnitOfMeasurePrice>
      <AllowDiscount>1</AllowDiscount>
      <ItemStatus>1</ItemStatus>
    </Item>
    <Item>
      <PriceUpdateDate>2024-12-23 17:21</PriceUpdateDate>
      <ItemCode>7290111344824</ItemCode>
      <ItemType>1</ItemType>
      <ItemName>52מגן תחתון אנטיבקטרי</ItemName>
      <ManufacturerName>---</ManufacturerName>
      <ManufactureCountry>CN</ManufactureCountry>
      <ManufacturerItemDescription>52מגן תחתון אנטיבקטרי</ManufacturerItemDescription>
      <UnitQty>יחידה</UnitQty>
      <Quantity>1.00</Quantity>
      <bIsWeighted>0</bIsWeighted>
      <UnitOfMeasure>יחידה</UnitOfMeasure>
      <QtyInPackage>1</QtyInPackage>
      <ItemPrice>21.90</ItemPrice>
      <UnitOfMeasurePrice>21.90</UnitOfMeasurePrice>
      <AllowDiscount>1</AllowDiscount>
      <ItemStatus>1</ItemStatus>
    </Item>
    <Item>
      <PriceUpdateDate>2024-12-23 17:21</PriceUpdateDate>
      <ItemCode>7290111344831</ItemCode>
      <ItemType>1</ItemType>
      <ItemName>60מגן תחתון קוטקס נורמל</ItemName>
      <ManufacturerName>---</ManufacturerName>
      <ManufactureCountry>CN</ManufactureCountry>
      <ManufacturerItemDescription>60מגן תחתון קוטקס נורמל</ManufacturerItemDescription>
      <UnitQty>יחידה</UnitQty>
      <Quantity>1.00</Quantity>
      <bIsWeighted>0</bIsWeighted>
      <UnitOfMeasure>יחידה</UnitOfMeasure>
      <QtyInPackage>1</QtyInPackage>
      <ItemPrice>21.90</ItemPrice>
      <UnitOfMeasurePrice>21.90</UnitOfMeasurePrice>
      <AllowDiscount>1</AllowDiscount>
      <ItemStatus>1</ItemStatus>
    </Item>
    <Item>
      <PriceUpdateDate>2024-12-23 17:21</PriceUpdateDate>
      <ItemCode>7290111344855</ItemCode>
      <ItemType>1</ItemType>
      <ItemName>52מגן תחתון קוטקס L</ItemName>
      <ManufacturerName>---</ManufacturerName>
      <ManufactureCountry>CN</ManufactureCountry>
      <ManufacturerItemDescription>52מגן תחתון קוטקס L</ManufacturerItemDescription>
      <UnitQty>יחידה</UnitQty>
      <Quantity>1.00</Quantity>
      <bIsWeighted>0</bIsWeighted>
      <UnitOfMeasure>יחידה</UnitOfMeasure>
      <QtyInPackage>1</QtyInPackage>
      <ItemPrice>21.90</ItemPrice>
      <UnitOfMeasurePrice>21.90</UnitOfMeasurePrice>
      <AllowDiscount>1</AllowDiscount>
      <ItemStatus>1</ItemStatus>
    </Item>
    <Item>
      <PriceUpdateDate>2024-12-23 17:18</PriceUpdateDate>
      <ItemCode>7290111345753</ItemCode>
      <ItemType>1</ItemType>
      <ItemName>קוטקס תחבושות כותנה נורמ</ItemName>
      <ManufacturerName>---</ManufacturerName>
      <ManufactureCountry>CZ</ManufactureCountry>
      <ManufacturerItemDescription>קוטקס תחבושות כותנה נורמ</ManufacturerItemDescription>
      <UnitQty>יחידה</UnitQty>
      <Quantity>1.00</Quantity>
      <bIsWeighted>0</bIsWeighted>
      <UnitOfMeasure>יחידה</UnitOfMeasure>
      <QtyInPackage>1</QtyInPackage>
      <ItemPrice>22.90</ItemPrice>
      <UnitOfMeasurePrice>22.90</UnitOfMeasurePrice>
      <AllowDiscount>1</AllowDiscount>
      <ItemStatus>1</ItemStatus>
    </Item>
    <Item>
      <PriceUpdateDate>2024-12-23 17:18</PriceUpdateDate>
      <ItemCode>7290111345760</ItemCode>
      <ItemType>1</ItemType>
      <ItemName>קוטקס 18תחבוש.כותנה סופר</ItemName>
      <ManufacturerName>---</ManufacturerName>
      <ManufactureCountry>CZ</ManufactureCountry>
      <ManufacturerItemDescription>תחבושות קוטקס</ManufacturerItemDescription>
      <UnitQty>יחידה</UnitQty>
      <Quantity>1.00</Quantity>
      <bIsWeighted>0</bIsWeighted>
      <UnitOfMeasure>יחידה</UnitOfMeasure>
      <QtyInPackage>1</QtyInPackage>
      <ItemPrice>22.90</ItemPrice>
      <UnitOfMeasurePrice>22.90</UnitOfMeasurePrice>
      <AllowDiscount>1</AllowDiscount>
      <ItemStatus>1</ItemStatus>
    </Item>
    <Item>
      <PriceUpdateDate>2024-12-23 17:18</PriceUpdateDate>
      <ItemCode>7290111345777</ItemCode>
      <ItemType>1</ItemType>
      <ItemName>קוטקס 16תחבוש.כותנה נייט</ItemName>
      <ManufacturerName>---</ManufacturerName>
      <ManufactureCountry>CZ</ManufactureCountry>
      <ManufacturerItemDescription>קוטקס 16תחבוש.כותנה נייט</ManufacturerItemDescription>
      <UnitQty>יחידה</UnitQty>
      <Quantity>1.00</Quantity>
      <bIsWeighted>0</bIsWeighted>
      <UnitOfMeasure>יחידה</UnitOfMeasure>
      <QtyInPackage>1</QtyInPackage>
      <ItemPrice>22.90</ItemPrice>
      <UnitOfMeasurePrice>22.90</UnitOfMeasurePrice>
      <AllowDiscount>1</AllowDiscount>
      <ItemStatus>1</ItemStatus>
    </Item>
    <Item>
      <PriceUpdateDate>2025-05-09 12:16</PriceUpdateDate>
      <ItemCode>7290111346538</ItemCode>
      <ItemType>1</ItemType>
      <ItemName>האגיס פרידום דריי5+ 28יח</ItemName>
      <ManufacturerName>---</ManufacturerName>
      <ManufactureCountry>IL</ManufactureCountry>
      <ManufacturerItemDescription>האגיס פרידום דריי5+ 28יח</ManufacturerItemDescription>
      <UnitQty>יחידה</UnitQty>
      <Quantity>1.00</Quantity>
      <bIsWeighted>0</bIsWeighted>
      <UnitOfMeasure>יחידה</UnitOfMeasure>
      <QtyInPackage>1</QtyInPackage>
      <ItemPrice>43.90</ItemPrice>
      <UnitOfMeasurePrice>43.90</UnitOfMeasurePrice>
      <AllowDiscount>1</AllowDiscount>
      <ItemStatus>1</ItemStatus>
    </Item>
    <Item>
      <PriceUpdateDate>2025-11-27 21:30</PriceUpdateDate>
      <ItemCode>7290111347115</ItemCode>
      <ItemType>1</ItemType>
      <ItemName>לילי לבן מגה רול 18גליל</ItemName>
      <ManufacturerName>---</ManufacturerName>
      <ManufactureCountry>IL</ManufactureCountry>
      <ManufacturerItemDescription>לילי לבן מגה רול 18גליל</ManufacturerItemDescription>
      <UnitQty>מטרים</UnitQty>
      <Quantity>465.00</Quantity>
      <bIsWeighted>0</bIsWeighted>
      <UnitOfMeasure>100 מטר</UnitOfMeasure>
      <QtyInPackage>1</QtyInPackage>
      <ItemPrice>39.90</ItemPrice>
      <UnitOfMeasurePrice>8.58</UnitOfMeasurePrice>
      <AllowDiscount>1</AllowDiscount>
      <ItemStatus>1</ItemStatus>
    </Item>
    <Item>
      <PriceUpdateDate>2025-05-09 12:16</PriceUpdateDate>
      <ItemCode>7290111347870</ItemCode>
      <ItemType>1</ItemType>
      <ItemName>חיתולי לילה האגיס מידה 5</ItemName>
      <ManufacturerName>חוגלה קימברלי</ManufacturerName>
      <ManufactureCountry>IL</ManufactureCountry>
      <ManufacturerItemDescription>חיתולי לילה האגיס מידה 5</ManufacturerItemDescription>
      <UnitQty>יחידה</UnitQty>
      <Quantity>1.00</Quantity>
      <bIsWeighted>0</bIsWeighted>
      <UnitOfMeasure>יחידה</UnitOfMeasure>
      <QtyInPackage>1</QtyInPackage>
      <ItemPrice>53.40</ItemPrice>
      <UnitOfMeasurePrice>53.40</UnitOfMeasurePrice>
      <AllowDiscount>1</AllowDiscount>
      <ItemStatus>1</ItemStatus>
    </Item>
    <Item>
      <PriceUpdateDate>2025-01-29 17:53</PriceUpdateDate>
      <ItemCode>7290111564291</ItemCode>
      <ItemType>1</ItemType>
      <ItemName>פריכיות דקות+קינואה120גר</ItemName>
      <ManufacturerName>פרח תעשיות מזון בע"מ</ManufacturerName>
      <ManufactureCountry>IL</ManufactureCountry>
      <ManufacturerItemDescription>פריכיות דקות+קינואה120גר</ManufacturerItemDescription>
      <UnitQty>גרמים</UnitQty>
      <Quantity>120.00</Quantity>
      <bIsWeighted>0</bIsWeighted>
      <UnitOfMeasure>100 גרם</UnitOfMeasure>
      <QtyInPackage>1</QtyInPackage>
      <ItemPrice>14.90</ItemPrice>
      <UnitOfMeasurePrice>12.42</UnitOfMeasurePrice>
      <AllowDiscount>1</AllowDiscount>
      <ItemStatus>1</ItemStatus>
    </Item>
    <Item>
      <PriceUpdateDate>2018-09-02 12:26</PriceUpdateDate>
      <ItemCode>7290111930911</ItemCode>
      <ItemType>1</ItemType>
      <ItemName>פוף לבבות רגיל 40 גרם</ItemName>
      <ManufacturerName>מנה  י.א בע"מ</ManufacturerName>
      <ManufactureCountry>IL</ManufactureCountry>
      <ManufacturerItemDescription>פוף לבבות רגיל 40 גרם</ManufacturerItemDescription>
      <UnitQty>גרמים</UnitQty>
      <Quantity>40.00</Quantity>
      <bIsWeighted>0</bIsWeighted>
      <UnitOfMeasure>100 גרם</UnitOfMeasure>
      <QtyInPackage>1</QtyInPackage>
      <ItemPrice>4.90</ItemPrice>
      <UnitOfMeasurePrice>12.25</UnitOfMeasurePrice>
      <AllowDiscount>1</AllowDiscount>
      <ItemStatus>1</ItemStatus>
    </Item>
    <Item>
      <PriceUpdateDate>2018-09-02 12:26</PriceUpdateDate>
      <ItemCode>7290111930935</ItemCode>
      <ItemType>1</ItemType>
      <ItemName>פוף טבעות קלאסי 40 גרם</ItemName>
      <ManufacturerName>מנה  י.א בע"מ</ManufacturerName>
      <ManufactureCountry>IL</ManufactureCountry>
      <ManufacturerItemDescription>פוף טבעות קלאסי 40 גרם</ManufacturerItemDescription>
      <UnitQty>גרמים</UnitQty>
      <Quantity>40.00</Quantity>
      <bIsWeighted>0</bIsWeighted>
      <UnitOfMeasure>100 גרם</UnitOfMeasure>
      <QtyInPackage>1</QtyInPackage>
      <ItemPrice>4.90</ItemPrice>
      <UnitOfMeasurePrice>12.25</UnitOfMeasurePrice>
      <AllowDiscount>1</AllowDiscount>
      <ItemStatus>1</ItemStatus>
    </Item>
    <Item>
      <PriceUpdateDate>2024-12-23 17:26</PriceUpdateDate>
      <ItemCode>7290111931321</ItemCode>
      <ItemType>1</ItemType>
      <ItemName>משחת שיניים מיניונים 50מ</ItemName>
      <ManufacturerName>קולגייט-פלמוליב</ManufacturerName>
      <ManufactureCountry>PL</ManufactureCountry>
      <ManufacturerItemDescription>משחת שיניים מיניונים 50מ</ManufacturerItemDescription>
      <UnitQty>מיליליטרים</UnitQty>
      <Quantity>50.00</Quantity>
      <bIsWeighted>0</bIsWeighted>
      <UnitOfMeasure>100 מ"ל</UnitOfMeasure>
      <QtyInPackage>1</QtyInPackage>
      <ItemPrice>18.50</ItemPrice>
      <UnitOfMeasurePrice>37.00</UnitOfMeasurePrice>
      <AllowDiscount>1</AllowDiscount>
      <ItemStatus>1</ItemStatus>
    </Item>
    <Item>
      <PriceUpdateDate>2025-11-27 21:30</PriceUpdateDate>
      <ItemCode>7290112001436</ItemCode>
      <ItemType>1</ItemType>
      <ItemName>פיניש מנקה מדיח לימון250</ItemName>
      <ManufacturerName>רקיט בנקיזר</ManufacturerName>
      <ManufactureCountry>PL</ManufactureCountry>
      <ManufacturerItemDescription>פיניש מנקה מדיח לימון250</ManufacturerItemDescription>
      <UnitQty>מיליליטרים</UnitQty>
      <Quantity>250.00</Quantity>
      <bIsWeighted>0</bIsWeighted>
      <UnitOfMeasure>100 מ"ל</UnitOfMeasure>
      <QtyInPackage>1</QtyInPackage>
      <ItemPrice>10.00</ItemPrice>
      <UnitOfMeasurePrice>4.00</UnitOfMeasurePrice>
      <AllowDiscount>1</AllowDiscount>
      <ItemStatus>1</ItemStatus>
    </Item>
    <Item>
      <PriceUpdateDate>2024-12-23 17:26</PriceUpdateDate>
      <ItemCode>7290112003119</ItemCode>
      <ItemType>1</ItemType>
      <ItemName>ויט מינימה שעווה לפנים20</ItemName>
      <ManufacturerName>רקיט בנקיזר</ManufacturerName>
      <ManufactureCountry>FR</ManufactureCountry>
      <ManufacturerItemDescription>ויט מינימה שעווה לפנים20</ManufacturerItemDescription>
      <UnitQty>יחידה</UnitQty>
      <Quantity>1.00</Quantity>
      <bIsWeighted>0</bIsWeighted>
      <UnitOfMeasure>יחידה</UnitOfMeasure>
      <QtyInPackage>1</QtyInPackage>
      <ItemPrice>51.50</ItemPrice>
      <UnitOfMeasurePrice>51.50</UnitOfMeasurePrice>
      <AllowDiscount>1</AllowDiscount>
      <ItemStatus>1</ItemStatus>
    </Item>
    <Item>
      <PriceUpdateDate>2025-04-04 09:47</PriceUpdateDate>
      <ItemCode>7290112005267</ItemCode>
      <ItemType>1</ItemType>
      <ItemName>קרם להסרת שיער 100מ"ל</ItemName>
      <ManufacturerName>רקיט בנקיזר</ManufacturerName>
      <ManufactureCountry>FR</ManufactureCountry>
      <ManufacturerItemDescription>קרם להסרת שיער 100מ"ל</ManufacturerItemDescription>
      <UnitQty>מיליליטרים</UnitQty>
      <Quantity>100.00</Quantity>
      <bIsWeighted>0</bIsWeighted>
      <UnitOfMeasure>100 מ"ל</UnitOfMeasure>
      <QtyInPackage>1</QtyInPackage>
      <ItemPrice>49.90</ItemPrice>
      <UnitOfMeasurePrice>49.90</UnitOfMeasurePrice>
      <AllowDiscount>1</AllowDiscount>
      <ItemStatus>1</ItemStatus>
    </Item>
    <Item>
      <PriceUpdateDate>2025-11-27 21:30</PriceUpdateDate>
      <ItemCode>7290112005816</ItemCode>
      <ItemType>1</ItemType>
      <ItemName>מסיר כתמי עובש750מ סיליט</ItemName>
      <ManufacturerName>רקיט בנקיזר</ManufacturerName>
      <ManufactureCountry>PL</ManufactureCountry>
      <ManufacturerItemDescription>מסיר כתמי עובש750מ סיליט</ManufacturerItemDescription>
      <UnitQty>מיליליטרים</UnitQty>
      <Quantity>750.00</Quantity>
      <bIsWeighted>0</bIsWeighted>
      <UnitOfMeasure>100 מ"ל</UnitOfMeasure>
      <QtyInPackage>1</QtyInPackage>
      <ItemPrice>10.00</ItemPrice>
      <UnitOfMeasurePrice>1.33</UnitOfMeasurePrice>
      <AllowDiscount>1</AllowDiscount>
      <ItemStatus>1</ItemStatus>
    </Item>
    <Item>
      <PriceUpdateDate>2025-01-31 17:35</PriceUpdateDate>
      <ItemCode>7290112005991</ItemCode>
      <ItemType>1</ItemType>
      <ItemName>ויט רצועות שעווה מוכנות</ItemName>
      <ManufacturerName>רקיט בנקיזר</ManufacturerName>
      <ManufactureCountry>FR</ManufactureCountry>
      <ManufacturerItemDescription>ויט רצועות שעווה מוכנות</ManufacturerItemDescription>
      <UnitQty>יחידה</UnitQty>
      <Quantity>1.00</Quantity>
      <bIsWeighted>0</bIsWeighted>
      <UnitOfMeasure>יחידה</UnitOfMeasure>
      <QtyInPackage>1</QtyInPackage>
      <ItemPrice>46.90</ItemPrice>
      <UnitOfMeasurePrice>46.90</UnitOfMeasurePrice>
      <AllowDiscount>1</AllowDiscount>
      <ItemStatus>1</ItemStatus>
    </Item>
    <Item>
      <PriceUpdateDate>2025-01-31 17:35</PriceUpdateDate>
      <ItemCode>7290112006004</ItemCode>
      <ItemType>1</ItemType>
      <ItemName>רצועות שעווה לפנים40 יח</ItemName>
      <ManufacturerName>רקיט בנקיזר</ManufacturerName>
      <ManufactureCountry>FR</ManufactureCountry>
      <ManufacturerItemDescription>רצועות שעווה לפנים40 יח</ManufacturerItemDescription>
      <UnitQty>יחידה</UnitQty>
      <Quantity>1.00</Quantity>
      <bIsWeighted>0</bIsWeighted>
      <UnitOfMeasure>יחידה</UnitOfMeasure>
      <QtyInPackage>1</QtyInPackage>
      <ItemPrice>83.00</ItemPrice>
      <UnitOfMeasurePrice>83.00</UnitOfMeasurePrice>
      <AllowDiscount>1</AllowDiscount>
      <ItemStatus>1</ItemStatus>
    </Item>
    <Item>
      <PriceUpdateDate>2025-12-01 20:20</PriceUpdateDate>
      <ItemCode>7290112192561</ItemCode>
      <ItemType>1</ItemType>
      <ItemName>פרודונטקס הגנה מלבינה75מ</ItemName>
      <ManufacturerName>גי.אס.קיי קונסיומר הלת</ManufacturerName>
      <ManufactureCountry>IE</ManufactureCountry>
      <ManufacturerItemDescription>פרודונטקס הגנה מלבינה75מ</ManufacturerItemDescription>
      <UnitQty>מיליליטרים</UnitQty>
      <Quantity>75.00</Quantity>
      <bIsWeighted>0</bIsWeighted>
      <UnitOfMeasure>100 מ"ל</UnitOfMeasure>
      <QtyInPackage>1</QtyInPackage>
      <ItemPrice>34.90</ItemPrice>
      <UnitOfMeasurePrice>46.54</UnitOfMeasurePrice>
      <AllowDiscount>1</AllowDiscount>
      <ItemStatus>1</ItemStatus>
    </Item>
    <Item>
      <PriceUpdateDate>2025-12-01 20:20</PriceUpdateDate>
      <ItemCode>7290112192578</ItemCode>
      <ItemType>1</ItemType>
      <ItemName>משחת פרודונטקס הגנה 75מל</ItemName>
      <ManufacturerName>גי.אס.קיי קונסיומר הלת</ManufacturerName>
      <ManufactureCountry>IE</ManufactureCountry>
      <ManufacturerItemDescription>משחת פרודונטקס הגנה 75מל</ManufacturerItemDescription>
      <UnitQty>מיליליטרים</UnitQty>
      <Quantity>75.00</Quantity>
      <bIsWeighted>0</bIsWeighted>
      <UnitOfMeasure>100 מ"ל</UnitOfMeasure>
      <QtyInPackage>1</QtyInPackage>
      <ItemPrice>34.90</ItemPrice>
      <UnitOfMeasurePrice>46.54</UnitOfMeasurePrice>
      <AllowDiscount>1</AllowDiscount>
      <ItemStatus>1</ItemStatus>
    </Item>
    <Item>
      <PriceUpdateDate>2024-12-23 17:26</PriceUpdateDate>
      <ItemCode>7290112193278</ItemCode>
      <ItemType>1</ItemType>
      <ItemName>שמפו מתולתלות סטייל 600מ</ItemName>
      <ManufacturerName>א.ל.ארמן ייצור תמרוקים ב</ManufacturerName>
      <ManufactureCountry>IL</ManufactureCountry>
      <ManufacturerItemDescription>שמפו מתולתלות סטייל 600מ</ManufacturerItemDescription>
      <UnitQty>מיליליטרים</UnitQty>
      <Quantity>600.00</Quantity>
      <bIsWeighted>0</bIsWeighted>
      <UnitOfMeasure>100 מ"ל</UnitOfMeasure>
      <QtyInPackage>1</QtyInPackage>
      <ItemPrice>31.90</ItemPrice>
      <UnitOfMeasurePrice>5.32</UnitOfMeasurePrice>
      <AllowDiscount>1</AllowDiscount>
      <ItemStatus>1</ItemStatus>
    </Item>
    <Item>
      <PriceUpdateDate>2024-12-23 17:26</PriceUpdateDate>
      <ItemCode>7290112193285</ItemCode>
      <ItemType>1</ItemType>
      <ItemName>מרכך מתולתלות סטייל 600מ</ItemName>
      <ManufacturerName>א.ל.ארמן ייצור תמרוקים ב</ManufacturerName>
      <ManufactureCountry>IL</ManufactureCountry>
      <ManufacturerItemDescription>מרכך מתולתלות סטייל 600מ</ManufacturerItemDescription>
      <UnitQty>מיליליטרים</UnitQty>
      <Quantity>600.00</Quantity>
      <bIsWeighted>0</bIsWeighted>
      <UnitOfMeasure>100 מ"ל</UnitOfMeasure>
      <QtyInPackage>1</QtyInPackage>
      <ItemPrice>31.90</ItemPrice>
      <UnitOfMeasurePrice>5.32</UnitOfMeasurePrice>
      <AllowDiscount>1</AllowDiscount>
      <ItemStatus>1</ItemStatus>
    </Item>
    <Item>
      <PriceUpdateDate>2024-12-23 17:26</PriceUpdateDate>
      <ItemCode>7290112336644</ItemCode>
      <ItemType>1</ItemType>
      <ItemName>סוכריות מאסט לימון 80גרם</ItemName>
      <ManufacturerName>מיישקו</ManufacturerName>
      <ManufactureCountry>ES</ManufactureCountry>
      <ManufacturerItemDescription>סוכריות מאסט לימון 80גרם</ManufacturerItemDescription>
      <UnitQty>גרמים</UnitQty>
      <Quantity>80.00</Quantity>
      <bIsWeighted>0</bIsWeighted>
      <UnitOfMeasure>100 גרם</UnitOfMeasure>
      <QtyInPackage>1</QtyInPackage>
      <ItemPrice>10.20</ItemPrice>
      <UnitOfMeasurePrice>12.75</UnitOfMeasurePrice>
      <AllowDiscount>1</AllowDiscount>
      <ItemStatus>1</ItemStatus>
    </Item>
    <Item>
      <PriceUpdateDate>2024-12-23 17:26</PriceUpdateDate>
      <ItemCode>7290112337474</ItemCode>
      <ItemType>1</ItemType>
      <ItemName>סוכריות מאסט פטל לימון80</ItemName>
      <ManufacturerName>מיישקו</ManufacturerName>
      <ManufactureCountry>ES</ManufactureCountry>
      <ManufacturerItemDescription>סוכריות מאסט פטל לימון80</ManufacturerItemDescription>
      <UnitQty>גרמים</UnitQty>
      <Quantity>80.00</Quantity>
      <bIsWeighted>0</bIsWeighted>
      <UnitOfMeasure>100 גרם</UnitOfMeasure>
      <QtyInPackage>1</QtyInPackage>
      <ItemPrice>10.20</ItemPrice>
      <UnitOfMeasurePrice>12.75</UnitOfMeasurePrice>
      <AllowDiscount>1</AllowDiscount>
      <ItemStatus>1</ItemStatus>
    </Item>
    <Item>
      <PriceUpdateDate>2024-12-23 17:17</PriceUpdateDate>
      <ItemCode>7290112340245</ItemCode>
      <ItemType>1</ItemType>
      <ItemName>מסטיק דובדבן צנצנת 66גרם</ItemName>
      <ManufacturerName>אסקום קונפקשיין</ManufacturerName>
      <ManufactureCountry>DE</ManufactureCountry>
      <ManufacturerItemDescription>מסטיק דובדבן צנצנת 66גרם</ManufacturerItemDescription>
      <UnitQty>גרמים</UnitQty>
      <Quantity>66.00</Quantity>
      <bIsWeighted>0</bIsWeighted>
      <UnitOfMeasure>100 גרם</UnitOfMeasure>
      <QtyInPackage>1</QtyInPackage>
      <ItemPrice>13.90</ItemPrice>
      <UnitOfMeasurePrice>21.06</UnitOfMeasurePrice>
      <AllowDiscount>1</AllowDiscount>
      <ItemStatus>1</ItemStatus>
    </Item>
    <Item>
      <PriceUpdateDate>2024-12-23 17:26</PriceUpdateDate>
      <ItemCode>7290112343499</ItemCode>
      <ItemType>1</ItemType>
      <ItemName>חטיף ציטוס puffs גבינה55</ItemName>
      <ManufacturerName>שטראוס פריטו ליי בע"מ</ManufacturerName>
      <ManufactureCountry>IL</ManufactureCountry>
      <ManufacturerItemDescription>חטיף ציטוס puffs גבינה55</ManufacturerItemDescription>
      <UnitQty>גרמים</UnitQty>
      <Quantity>55.00</Quantity>
      <bIsWeighted>0</bIsWeighted>
      <UnitOfMeasure>100 גרם</UnitOfMeasure>
      <QtyInPackage>1</QtyInPackage>
      <ItemPrice>5.00</ItemPrice>
      <UnitOfMeasurePrice>9.09</UnitOfMeasurePrice>
      <AllowDiscount>1</AllowDiscount>
      <ItemStatus>1</ItemStatus>
    </Item>
    <Item>
      <PriceUpdateDate>2024-12-23 17:26</PriceUpdateDate>
      <ItemCode>7290112490230</ItemCode>
      <ItemType>1</ItemType>
      <ItemName>נמס בכוס אפונה25*2ג קנור</ItemName>
      <ManufacturerName>יוניליוור ישראל מזון</ManufacturerName>
      <ManufactureCountry>IL</ManufactureCountry>
      <ManufacturerItemDescription>נמס בכוס אפונה2*25ג קנור</ManufacturerItemDescription>
      <UnitQty>גרמים</UnitQty>
      <Quantity>50.00</Quantity>
      <bIsWeighted>0</bIsWeighted>
      <UnitOfMeasure>100 גרם</UnitOfMeasure>
      <QtyInPackage>1</QtyInPackage>
      <ItemPrice>9.20</ItemPrice>
      <UnitOfMeasurePrice>18.40</UnitOfMeasurePrice>
      <AllowDiscount>1</AllowDiscount>
      <ItemStatus>1</ItemStatus>
    </Item>
    <Item>
      <PriceUpdateDate>2025-12-01 20:10</PriceUpdateDate>
      <ItemCode>7290112492449</ItemCode>
      <ItemType>1</ItemType>
      <ItemName>פינוק שמפו שיער רגיל700מ</ItemName>
      <ManufacturerName>יוניליוור ישראל טיפוח</ManufacturerName>
      <ManufactureCountry>IL</ManufactureCountry>
      <ManufacturerItemDescription>פינוק שמפו שיער רגיל700מ</ManufacturerItemDescription>
      <UnitQty>מיליליטרים</UnitQty>
      <Quantity>700.00</Quantity>
      <bIsWeighted>0</bIsWeighted>
      <UnitOfMeasure>100 מ"ל</UnitOfMeasure>
      <QtyInPackage>1</QtyInPackage>
      <ItemPrice>10.00</ItemPrice>
      <UnitOfMeasurePrice>1.43</UnitOfMeasurePrice>
      <AllowDiscount>1</AllowDiscount>
      <ItemStatus>1</ItemStatus>
    </Item>
    <Item>
      <PriceUpdateDate>2025-12-01 20:10</PriceUpdateDate>
      <ItemCode>7290112492487</ItemCode>
      <ItemType>1</ItemType>
      <ItemName>פינוק שמפו שמן מרוקאי700</ItemName>
      <ManufacturerName>יוניליוור ישראל טיפוח</ManufacturerName>
      <ManufactureCountry>IL</ManufactureCountry>
      <ManufacturerItemDescription>פינוק שמפו שמן מרוקאי700</ManufacturerItemDescription>
      <UnitQty>מיליליטרים</UnitQty>
      <Quantity>700.00</Quantity>
      <bIsWeighted>0</bIsWeighted>
      <UnitOfMeasure>100 מ"ל</UnitOfMeasure>
      <QtyInPackage>1</QtyInPackage>
      <ItemPrice>10.00</ItemPrice>
      <UnitOfMeasurePrice>1.43</UnitOfMeasurePrice>
      <AllowDiscount>1</AllowDiscount>
      <ItemStatus>1</ItemStatus>
    </Item>
    <Item>
      <PriceUpdateDate>2025-12-01 20:10</PriceUpdateDate>
      <ItemCode>7290112492500</ItemCode>
      <ItemType>1</ItemType>
      <ItemName>פינוק שמפו שמן קוקוס700</ItemName>
      <ManufacturerName>יוניליוור ישראל טיפוח</ManufacturerName>
      <ManufactureCountry>IL</ManufactureCountry>
      <ManufacturerItemDescription>פינוק שמפו שמן קוקוס700</ManufacturerItemDescription>
      <UnitQty>מיליליטרים</UnitQty>
      <Quantity>700.00</Quantity>
      <bIsWeighted>0</bIsWeighted>
      <UnitOfMeasure>100 מ"ל</UnitOfMeasure>
      <QtyInPackage>1</QtyInPackage>
      <ItemPrice>10.00</ItemPrice>
      <UnitOfMeasurePrice>1.43</UnitOfMeasurePrice>
      <AllowDiscount>1</AllowDiscount>
      <ItemStatus>1</ItemStatus>
    </Item>
    <Item>
      <PriceUpdateDate>2025-12-01 20:10</PriceUpdateDate>
      <ItemCode>7290112492531</ItemCode>
      <ItemType>1</ItemType>
      <ItemName>פינוק מרכך רגיל 700 מ"ל</ItemName>
      <ManufacturerName>יוניליוור ישראל טיפוח</ManufacturerName>
      <ManufactureCountry>IL</ManufactureCountry>
      <ManufacturerItemDescription>פינוק מרכך רגיל 700 מ"ל</ManufacturerItemDescription>
      <UnitQty>מיליליטרים</UnitQty>
      <Quantity>700.00</Quantity>
      <bIsWeighted>0</bIsWeighted>
      <UnitOfMeasure>100 מ"ל</UnitOfMeasure>
      <QtyInPackage>1</QtyInPackage>
      <ItemPrice>10.00</ItemPrice>
      <UnitOfMeasurePrice>1.43</UnitOfMeasurePrice>
      <AllowDiscount>1</AllowDiscount>
      <ItemStatus>1</ItemStatus>
    </Item>
    <Item>
      <PriceUpdateDate>2025-12-01 20:10</PriceUpdateDate>
      <ItemCode>7290112492548</ItemCode>
      <ItemType>1</ItemType>
      <ItemName>פינוק מרכך יבש/פגום 700מ</ItemName>
      <ManufacturerName>יוניליוור ישראלn\טיפוח א</ManufacturerName>
      <ManufactureCountry>IL</ManufactureCountry>
      <ManufacturerItemDescription>פינוק מרכך יבש/פגום 700מ</ManufacturerItemDescription>
      <UnitQty>מיליליטרים</UnitQty>
      <Quantity>700.00</Quantity>
      <bIsWeighted>0</bIsWeighted>
      <UnitOfMeasure>100 מ"ל</UnitOfMeasure>
      <QtyInPackage>1</QtyInPackage>
      <ItemPrice>10.00</ItemPrice>
      <UnitOfMeasurePrice>1.43</UnitOfMeasurePrice>
      <AllowDiscount>1</AllowDiscount>
      <ItemStatus>1</ItemStatus>
    </Item>
    <Item>
      <PriceUpdateDate>2025-12-01 20:10</PriceUpdateDate>
      <ItemCode>7290112492579</ItemCode>
      <ItemType>1</ItemType>
      <ItemName>פינוק מרכך שמן קוקוס700מ</ItemName>
      <ManufacturerName>יוניליוור ישראל טיפוח</ManufacturerName>
      <ManufactureCountry>IL</ManufactureCountry>
      <ManufacturerItemDescription>פינוק מרכך שמן קוקוס700מ</ManufacturerItemDescription>
      <UnitQty>מיליליטרים</UnitQty>
      <Quantity>700.00</Quantity>
      <bIsWeighted>0</bIsWeighted>
      <UnitOfMeasure>100 מ"ל</UnitOfMeasure>
      <QtyInPackage>1</QtyInPackage>
      <ItemPrice>10.00</ItemPrice>
      <UnitOfMeasurePrice>1.43</UnitOfMeasurePrice>
      <AllowDiscount>1</AllowDiscount>
      <ItemStatus>1</ItemStatus>
    </Item>
    <Item>
      <PriceUpdateDate>2025-12-01 20:10</PriceUpdateDate>
      <ItemCode>7290112492593</ItemCode>
      <ItemType>1</ItemType>
      <ItemName>תחליב פינוק קלאסי700מ</ItemName>
      <ManufacturerName>יוניליוור ישראל טיפוח</ManufacturerName>
      <ManufactureCountry>IL</ManufactureCountry>
      <ManufacturerItemDescription>תחליב פינוק קלאסי700מ</ManufacturerItemDescription>
      <UnitQty>מיליליטרים</UnitQty>
      <Quantity>700.00</Quantity>
      <bIsWeighted>0</bIsWeighted>
      <UnitOfMeasure>100 מ"ל</UnitOfMeasure>
      <QtyInPackage>1</QtyInPackage>
      <ItemPrice>10.00</ItemPrice>
      <UnitOfMeasurePrice>1.43</UnitOfMeasurePrice>
      <AllowDiscount>1</AllowDiscount>
      <ItemStatus>1</ItemStatus>
    </Item>
    <Item>
      <PriceUpdateDate>2025-12-01 20:10</PriceUpdateDate>
      <ItemCode>7290112492609</ItemCode>
      <ItemType>1</ItemType>
      <ItemName>תח.פינוק לבנדר וניל700מ</ItemName>
      <ManufacturerName>יוניליוור ישראל טיפוח</ManufacturerName>
      <ManufactureCountry>IL</ManufactureCountry>
      <ManufacturerItemDescription>תח.פינוק לבנדר וניל700מ</ManufacturerItemDescription>
      <UnitQty>מיליליטרים</UnitQty>
      <Quantity>700.00</Quantity>
      <bIsWeighted>0</bIsWeighted>
      <UnitOfMeasure>100 מ"ל</UnitOfMeasure>
      <QtyInPackage>1</QtyInPackage>
      <ItemPrice>10.00</ItemPrice>
      <UnitOfMeasurePrice>1.43</UnitOfMeasurePrice>
      <AllowDiscount>1</AllowDiscount>
      <ItemStatus>1</ItemStatus>
    </Item>
    <Item>
      <PriceUpdateDate>2025-12-01 20:10</PriceUpdateDate>
      <ItemCode>7290112492630</ItemCode>
      <ItemType>1</ItemType>
      <ItemName>פינוק 3 ב1 לגבר 700 מ"ל</ItemName>
      <ManufacturerName>יוניליוור ישראל טיפוח</ManufacturerName>
      <ManufactureCountry>IL</ManufactureCountry>
      <ManufacturerItemDescription>פינוק 3 ב1 לגבר 700 מ"ל</ManufacturerItemDescription>
      <UnitQty>מיליליטרים</UnitQty>
      <Quantity>700.00</Quantity>
      <bIsWeighted>0</bIsWeighted>
      <UnitOfMeasure>100 מ"ל</UnitOfMeasure>
      <QtyInPackage>1</QtyInPackage>
      <ItemPrice>10.00</ItemPrice>
      <UnitOfMeasurePrice>1.43</UnitOfMeasurePrice>
      <AllowDiscount>1</AllowDiscount>
      <ItemStatus>1</ItemStatus>
    </Item>
    <Item>
      <PriceUpdateDate>2025-12-01 20:10</PriceUpdateDate>
      <ItemCode>7290112492647</ItemCode>
      <ItemType>1</ItemType>
      <ItemName>פינוק 3ב1 לגבר ספורט700מ</ItemName>
      <ManufacturerName>יוניליוור ישראל טיפוח</ManufacturerName>
      <ManufactureCountry>IL</ManufactureCountry>
      <ManufacturerItemDescription>פינוק 3ב1 לגבר ספורט700מ</ManufacturerItemDescription>
      <UnitQty>מיליליטרים</UnitQty>
      <Quantity>700.00</Quantity>
      <bIsWeighted>0</bIsWeighted>
      <UnitOfMeasure>100 מ"ל</UnitOfMeasure>
      <QtyInPackage>1</QtyInPackage>
      <ItemPrice>10.00</ItemPrice>
      <UnitOfMeasurePrice>1.43</UnitOfMeasurePrice>
      <AllowDiscount>1</AllowDiscount>
      <ItemStatus>1</ItemStatus>
    </Item>
    <Item>
      <PriceUpdateDate>2025-11-27 21:30</PriceUpdateDate>
      <ItemCode>7290112494221</ItemCode>
      <ItemType>1</ItemType>
      <ItemName>קליק ביסקוויט 65 גרם</ItemName>
      <ManufacturerName>יוניליוור ישראל מזון</ManufacturerName>
      <ManufactureCountry>IL</ManufactureCountry>
      <ManufacturerItemDescription>קליק ביסקוויט 65 גרם</ManufacturerItemDescription>
      <UnitQty>גרמים</UnitQty>
      <Quantity>65.00</Quantity>
      <bIsWeighted>0</bIsWeighted>
      <UnitOfMeasure>100 גרם</UnitOfMeasure>
      <QtyInPackage>1</QtyInPackage>
      <ItemPrice>10.00</ItemPrice>
      <UnitOfMeasurePrice>15.39</UnitOfMeasurePrice>
      <AllowDiscount>1</AllowDiscount>
      <ItemStatus>1</ItemStatus>
    </Item>
    <Item>
      <PriceUpdateDate>2025-11-27 21:30</PriceUpdateDate>
      <ItemCode>7290112494238</ItemCode>
      <ItemType>1</ItemType>
      <ItemName>קליק כדורים 65 גרם</ItemName>
      <ManufacturerName>יוניליוור ישראל מזון</ManufacturerName>
      <ManufactureCountry>IL</ManufactureCountry>
      <ManufacturerItemDescription>קליק כדורים 65 גרם</ManufacturerItemDescription>
      <UnitQty>גרמים</UnitQty>
      <Quantity>65.00</Quantity>
      <bIsWeighted>0</bIsWeighted>
      <UnitOfMeasure>100 גרם</UnitOfMeasure>
      <QtyInPackage>1</QtyInPackage>
      <ItemPrice>10.00</ItemPrice>
      <UnitOfMeasurePrice>15.39</UnitOfMeasurePrice>
      <AllowDiscount>1</AllowDiscount>
      <ItemStatus>1</ItemStatus>
    </Item>
    <Item>
      <PriceUpdateDate>2025-11-27 21:30</PriceUpdateDate>
      <ItemCode>7290112494283</ItemCode>
      <ItemType>1</ItemType>
      <ItemName>קליק חום לבן 65 גרם</ItemName>
      <ManufacturerName>יוניליוור ישראל מזון</ManufacturerName>
      <ManufactureCountry>IL</ManufactureCountry>
      <ManufacturerItemDescription>קליק חום לבן 65 גרם</ManufacturerItemDescription>
      <UnitQty>גרמים</UnitQty>
      <Quantity>65.00</Quantity>
      <bIsWeighted>0</bIsWeighted>
      <UnitOfMeasure>100 גרם</UnitOfMeasure>
      <QtyInPackage>1</QtyInPackage>
      <ItemPrice>10.00</ItemPrice>
      <UnitOfMeasurePrice>15.39</UnitOfMeasurePrice>
      <AllowDiscount>1</AllowDiscount>
      <ItemStatus>1</ItemStatus>
    </Item>
    <Item>
      <PriceUpdateDate>2025-11-27 21:30</PriceUpdateDate>
      <ItemCode>7290112494290</ItemCode>
      <ItemType>1</ItemType>
      <ItemName>קליק עוגי 65 גרם</ItemName>
      <ManufacturerName>יוניליוור ישראל מזון</ManufacturerName>
      <ManufactureCountry>IL</ManufactureCountry>
      <ManufacturerItemDescription>קליק עוגי 65 גרם</ManufacturerItemDescription>
      <UnitQty>גרמים</UnitQty>
      <Quantity>65.00</Quantity>
      <bIsWeighted>0</bIsWeighted>
      <UnitOfMeasure>100 גרם</UnitOfMeasure>
      <QtyInPackage>1</QtyInPackage>
      <ItemPrice>10.00</ItemPrice>
      <UnitOfMeasurePrice>15.39</UnitOfMeasurePrice>
      <AllowDiscount>1</AllowDiscount>
      <ItemStatus>1</ItemStatus>
    </Item>
    <Item>
      <PriceUpdateDate>2025-11-27 21:30</PriceUpdateDate>
      <ItemCode>7290112494313</ItemCode>
      <ItemType>1</ItemType>
      <ItemName>קליק קורנפלקס 65 גרם</ItemName>
      <ManufacturerName>יוניליוור ישראל מזון</ManufacturerName>
      <ManufactureCountry>IL</ManufactureCountry>
      <ManufacturerItemDescription>קליק קורנפלקס 65 גרם</ManufacturerItemDescription>
      <UnitQty>גרמים</UnitQty>
      <Quantity>65.00</Quantity>
      <bIsWeighted>0</bIsWeighted>
      <UnitOfMeasure>100 גרם</UnitOfMeasure>
      <QtyInPackage>1</QtyInPackage>
      <ItemPrice>10.00</ItemPrice>
      <UnitOfMeasurePrice>15.39</UnitOfMeasurePrice>
      <AllowDiscount>1</AllowDiscount>
      <ItemStatus>1</ItemStatus>
    </Item>
    <Item>
      <PriceUpdateDate>2025-12-01 20:10</PriceUpdateDate>
      <ItemCode>7290112494825</ItemCode>
      <ItemType>1</ItemType>
      <ItemName>דאב תרחיץ פנים רגיש180מל</ItemName>
      <ManufacturerName>יוניליוור ישראל טיפוח</ManufacturerName>
      <ManufactureCountry>IL</ManufactureCountry>
      <ManufacturerItemDescription>דאב תרחיץ פנים רגיש180מל</ManufacturerItemDescription>
      <UnitQty>מיליליטרים</UnitQty>
      <Quantity>180.00</Quantity>
      <bIsWeighted>0</bIsWeighted>
      <UnitOfMeasure>100 מ"ל</UnitOfMeasure>
      <QtyInPackage>1</QtyInPackage>
      <ItemPrice>10.00</ItemPrice>
      <UnitOfMeasurePrice>5.56</UnitOfMeasurePrice>
      <AllowDiscount>1</AllowDiscount>
      <ItemStatus>1</ItemStatus>
    </Item>
    <Item>
      <PriceUpdateDate>2025-12-01 20:10</PriceUpdateDate>
      <ItemCode>7290112494832</ItemCode>
      <ItemType>1</ItemType>
      <ItemName>דאב תרחיץ פנים 180מ"ל</ItemName>
      <ManufacturerName>יוניליוור ישראל טיפוח</ManufacturerName>
      <ManufactureCountry>IL</ManufactureCountry>
      <ManufacturerItemDescription>דאב תרחיץ פנים 180מ"ל</ManufacturerItemDescription>
      <UnitQty>מיליליטרים</UnitQty>
      <Quantity>180.00</Quantity>
      <bIsWeighted>0</bIsWeighted>
      <UnitOfMeasure>100 מ"ל</UnitOfMeasure>
      <QtyInPackage>1</QtyInPackage>
      <ItemPrice>10.00</ItemPrice>
      <UnitOfMeasurePrice>5.56</UnitOfMeasurePrice>
      <AllowDiscount>1</AllowDiscount>
      <ItemStatus>1</ItemStatus>
    </Item>
    <Item>
      <PriceUpdateDate>2025-12-01 20:10</PriceUpdateDate>
      <ItemCode>7290112495112</ItemCode>
      <ItemType>1</ItemType>
      <ItemName>חטיף נשנושים זעתר 260 גר</ItemName>
      <ManufacturerName>בייגל את בייגל מזון</ManufacturerName>
      <ManufactureCountry>IL</ManufactureCountry>
      <ManufacturerItemDescription>חטיף נשנושים זעתר 260 גר</ManufacturerItemDescription>
      <UnitQty>גרמים</UnitQty>
      <Quantity>260.00</Quantity>
      <bIsWeighted>0</bIsWeighted>
      <UnitOfMeasure>100 גרם</UnitOfMeasure>
      <QtyInPackage>1</QtyInPackage>
      <ItemPrice>15.00</ItemPrice>
      <UnitOfMeasurePrice>5.77</UnitOfMeasurePrice>
      <AllowDiscount>1</AllowDiscount>
      <ItemStatus>1</ItemStatus>
    </Item>
    <Item>
      <PriceUpdateDate>2025-12-01 20:10</PriceUpdateDate>
      <ItemCode>7290112499448</ItemCode>
      <ItemType>1</ItemType>
      <ItemName>פינוק מרכך שמן מרוקאי700</ItemName>
      <ManufacturerName>יוניליוור ישראל טיפוח</ManufacturerName>
      <ManufactureCountry>IL</ManufactureCountry>
      <ManufacturerItemDescription>פינוק מרכך שמן מרוקאי700</ManufacturerItemDescription>
      <UnitQty>מיליליטרים</UnitQty>
      <Quantity>700.00</Quantity>
      <bIsWeighted>0</bIsWeighted>
      <UnitOfMeasure>100 מ"ל</UnitOfMeasure>
      <QtyInPackage>1</QtyInPackage>
      <ItemPrice>10.00</ItemPrice>
      <UnitOfMeasurePrice>1.43</UnitOfMeasurePrice>
      <AllowDiscount>1</AllowDiscount>
      <ItemStatus>1</ItemStatus>
    </Item>
    <Item>
      <PriceUpdateDate>2025-12-01 20:10</PriceUpdateDate>
      <ItemCode>7290112499455</ItemCode>
      <ItemType>1</ItemType>
      <ItemName>תחליב פינוק+שמן מרוקא700</ItemName>
      <ManufacturerName>יוניליוור ישראל טיפוח</ManufacturerName>
      <ManufactureCountry>IL</ManufactureCountry>
      <ManufacturerItemDescription>תחליב פינוק+שמן מרוקא700</ManufacturerItemDescription>
      <UnitQty>מיליליטרים</UnitQty>
      <Quantity>700.00</Quantity>
      <bIsWeighted>0</bIsWeighted>
      <UnitOfMeasure>100 מ"ל</UnitOfMeasure>
      <QtyInPackage>1</QtyInPackage>
      <ItemPrice>10.00</ItemPrice>
      <UnitOfMeasurePrice>1.43</UnitOfMeasurePrice>
      <AllowDiscount>1</AllowDiscount>
      <ItemStatus>1</ItemStatus>
    </Item>
    <Item>
      <PriceUpdateDate>2025-12-01 20:10</PriceUpdateDate>
      <ItemCode>7290112499462</ItemCode>
      <ItemType>1</ItemType>
      <ItemName>תחליב פינוק+שמן קוקוס700</ItemName>
      <ManufacturerName>יוניליוור ישראל טיפוח</ManufacturerName>
      <ManufactureCountry>IL</ManufactureCountry>
      <ManufacturerItemDescription>תחליב פינוק+שמן קוקוס700</ManufacturerItemDescription>
      <UnitQty>מיליליטרים</UnitQty>
      <Quantity>700.00</Quantity>
      <bIsWeighted>0</bIsWeighted>
      <UnitOfMeasure>100 מ"ל</UnitOfMeasure>
      <QtyInPackage>1</QtyInPackage>
      <ItemPrice>10.00</ItemPrice>
      <UnitOfMeasurePrice>1.43</UnitOfMeasurePrice>
      <AllowDiscount>1</AllowDiscount>
      <ItemStatus>1</ItemStatus>
    </Item>
    <Item>
      <PriceUpdateDate>2025-12-01 20:10</PriceUpdateDate>
      <ItemCode>7290112499479</ItemCode>
      <ItemType>1</ItemType>
      <ItemName>שמפו פינוק קרטין 700 מ"ל</ItemName>
      <ManufacturerName>יוניליוור ישראל טיפוח</ManufacturerName>
      <ManufactureCountry />
      <ManufacturerItemDescription>שמפו פינוק קרטין 700 מ"ל</ManufacturerItemDescription>
      <UnitQty>יחידה</UnitQty>
      <Quantity>1.00</Quantity>
      <bIsWeighted>0</bIsWeighted>
      <UnitOfMeasure>יחידה</UnitOfMeasure>
      <QtyInPackage>0</QtyInPackage>
      <ItemPrice>10.00</ItemPrice>
      <UnitOfMeasurePrice>10.00</UnitOfMeasurePrice>
      <AllowDiscount>1</AllowDiscount>
      <ItemStatus>1</ItemStatus>
    </Item>
    <Item>
      <PriceUpdateDate>2025-12-01 20:10</PriceUpdateDate>
      <ItemCode>7290112499486</ItemCode>
      <ItemType>1</ItemType>
      <ItemName>מרכך פינוק קרטין 700מ</ItemName>
      <ManufacturerName>יוניליוור ישראל טיפוח</ManufacturerName>
      <ManufactureCountry />
      <ManufacturerItemDescription>מרכך פינוק קרטין 700מ</ManufacturerItemDescription>
      <UnitQty>יחידה</UnitQty>
      <Quantity>1.00</Quantity>
      <bIsWeighted>0</bIsWeighted>
      <UnitOfMeasure>יחידה</UnitOfMeasure>
      <QtyInPackage>0</QtyInPackage>
      <ItemPrice>10.00</ItemPrice>
      <UnitOfMeasurePrice>10.00</UnitOfMeasurePrice>
      <AllowDiscount>1</AllowDiscount>
      <ItemStatus>1</ItemStatus>
    </Item>
    <Item>
      <PriceUpdateDate>2024-12-23 17:17</PriceUpdateDate>
      <ItemCode>7290112968807</ItemCode>
      <ItemType>1</ItemType>
      <ItemName>קרקר דק פיטנס סלק 140גרם</ItemName>
      <ManufacturerName>אסם תעשיות מזון בע"מ</ManufacturerName>
      <ManufactureCountry>IL</ManufactureCountry>
      <ManufacturerItemDescription>קרקר דק פיטנס סלק 140גרם</ManufacturerItemDescription>
      <UnitQty>גרמים</UnitQty>
      <Quantity>140.00</Quantity>
      <bIsWeighted>0</bIsWeighted>
      <UnitOfMeasure>100 גרם</UnitOfMeasure>
      <QtyInPackage>1</QtyInPackage>
      <ItemPrice>15.50</ItemPrice>
      <UnitOfMeasurePrice>11.07</UnitOfMeasurePrice>
      <AllowDiscount>1</AllowDiscount>
      <ItemStatus>1</ItemStatus>
    </Item>
    <Item>
      <PriceUpdateDate>2025-12-01 20:20</PriceUpdateDate>
      <ItemCode>7290113560055</ItemCode>
      <ItemType>1</ItemType>
      <ItemName>פרודונטקס מי פה 500 מ"ל</ItemName>
      <ManufacturerName>ג'י.אס.קיי קונסיומר הלת'</ManufacturerName>
      <ManufactureCountry>GB</ManufactureCountry>
      <ManufacturerItemDescription>פרודונטקס מי פה 500 מ"ל</ManufacturerItemDescription>
      <UnitQty>מיליליטרים</UnitQty>
      <Quantity>500.00</Quantity>
      <bIsWeighted>0</bIsWeighted>
      <UnitOfMeasure>100 מ"ל</UnitOfMeasure>
      <QtyInPackage>1</QtyInPackage>
      <ItemPrice>29.90</ItemPrice>
      <UnitOfMeasurePrice>5.98</UnitOfMeasurePrice>
      <AllowDiscount>1</AllowDiscount>
      <ItemStatus>1</ItemStatus>
    </Item>
    <Item>
      <PriceUpdateDate>2025-11-27 21:40</PriceUpdateDate>
      <ItemCode>7290113560352</ItemCode>
      <ItemType>1</ItemType>
      <ItemName>הגנה מלאה מנטה פלוס 75 מ</ItemName>
      <ManufacturerName>GSK</ManufacturerName>
      <ManufactureCountry>SK</ManufactureCountry>
      <ManufacturerItemDescription>הגנה מלאה מנטה פלוס 75 מ</ManufacturerItemDescription>
      <UnitQty>מיליליטרים</UnitQty>
      <Quantity>75.00</Quantity>
      <bIsWeighted>0</bIsWeighted>
      <UnitOfMeasure>100 מ"ל</UnitOfMeasure>
      <QtyInPackage>1</QtyInPackage>
      <ItemPrice>25.00</ItemPrice>
      <UnitOfMeasurePrice>33.34</UnitOfMeasurePrice>
      <AllowDiscount>1</AllowDiscount>
      <ItemStatus>1</ItemStatus>
    </Item>
    <Item>
      <PriceUpdateDate>2025-12-01 20:20</PriceUpdateDate>
      <ItemCode>7290113560383</ItemCode>
      <ItemType>1</ItemType>
      <ItemName>מ.שיניים הלבנה עדינה2*75</ItemName>
      <ManufacturerName>---</ManufacturerName>
      <ManufactureCountry>SK</ManufactureCountry>
      <ManufacturerItemDescription>מ.שיניים הלבנה עדינה75*2</ManufacturerItemDescription>
      <UnitQty>מיליליטרים</UnitQty>
      <Quantity>150.00</Quantity>
      <bIsWeighted>0</bIsWeighted>
      <UnitOfMeasure>100 מ"ל</UnitOfMeasure>
      <QtyInPackage>1</QtyInPackage>
      <ItemPrice>29.90</ItemPrice>
      <UnitOfMeasurePrice>19.93</UnitOfMeasurePrice>
      <AllowDiscount>1</AllowDiscount>
      <ItemStatus>1</ItemStatus>
    </Item>
    <Item>
      <PriceUpdateDate>2025-12-01 20:20</PriceUpdateDate>
      <ItemCode>7290113560390</ItemCode>
      <ItemType>1</ItemType>
      <ItemName>משחת שיניים דואלקר 2*75</ItemName>
      <ManufacturerName>---</ManufacturerName>
      <ManufactureCountry>SK</ManufactureCountry>
      <ManufacturerItemDescription>משחת שיניים דואלקר 2*75</ManufacturerItemDescription>
      <UnitQty>מיליליטרים</UnitQty>
      <Quantity>150.00</Quantity>
      <bIsWeighted>0</bIsWeighted>
      <UnitOfMeasure>100 מ"ל</UnitOfMeasure>
      <QtyInPackage>1</QtyInPackage>
      <ItemPrice>29.90</ItemPrice>
      <UnitOfMeasurePrice>19.93</UnitOfMeasurePrice>
      <AllowDiscount>1</AllowDiscount>
      <ItemStatus>1</ItemStatus>
    </Item>
    <Item>
      <PriceUpdateDate>2025-12-01 20:20</PriceUpdateDate>
      <ItemCode>7290113560468</ItemCode>
      <ItemType>1</ItemType>
      <ItemName>פרודונטקס שיקום חניכיים</ItemName>
      <ManufacturerName>גי.אס.קיי קונסיומר הלת</ManufacturerName>
      <ManufactureCountry>IE</ManufactureCountry>
      <ManufacturerItemDescription>פרודונטקס שיקום חניכיים</ManufacturerItemDescription>
      <UnitQty>מיליליטרים</UnitQty>
      <Quantity>75.00</Quantity>
      <bIsWeighted>0</bIsWeighted>
      <UnitOfMeasure>100 מ"ל</UnitOfMeasure>
      <QtyInPackage>1</QtyInPackage>
      <ItemPrice>34.90</ItemPrice>
      <UnitOfMeasurePrice>46.54</UnitOfMeasurePrice>
      <AllowDiscount>1</AllowDiscount>
      <ItemStatus>1</ItemStatus>
    </Item>
    <Item>
      <PriceUpdateDate>2025-11-19 11:22</PriceUpdateDate>
      <ItemCode>7290113560659</ItemCode>
      <ItemType>1</ItemType>
      <ItemName>קורגה הצמדה+איטום 40 גר</ItemName>
      <ManufacturerName>HALEON</ManufacturerName>
      <ManufactureCountry>SK</ManufactureCountry>
      <ManufacturerItemDescription>קורגה הצמדה+איטום 40 גר</ManufacturerItemDescription>
      <UnitQty>גרמים</UnitQty>
      <Quantity>40.00</Quantity>
      <bIsWeighted>0</bIsWeighted>
      <UnitOfMeasure>100 גרם</UnitOfMeasure>
      <QtyInPackage>1</QtyInPackage>
      <ItemPrice>49.90</ItemPrice>
      <UnitOfMeasurePrice>124.75</UnitOfMeasurePrice>
      <AllowDiscount>1</AllowDiscount>
      <ItemStatus>1</ItemStatus>
    </Item>
    <Item>
      <PriceUpdateDate>2025-01-01 10:05</PriceUpdateDate>
      <ItemCode>7290114480659</ItemCode>
      <ItemType>1</ItemType>
      <ItemName>פפטיד סבון פנים 225מל</ItemName>
      <ManufacturerName>קשמיר מעבדות</ManufacturerName>
      <ManufactureCountry>IL</ManufactureCountry>
      <ManufacturerItemDescription>סבון פנים פפטיד</ManufacturerItemDescription>
      <UnitQty>מיליליטרים</UnitQty>
      <Quantity>225.00</Quantity>
      <bIsWeighted>0</bIsWeighted>
      <UnitOfMeasure>100 מ"ל</UnitOfMeasure>
      <QtyInPackage>1</QtyInPackage>
      <ItemPrice>80.90</ItemPrice>
      <UnitOfMeasurePrice>35.96</UnitOfMeasurePrice>
      <AllowDiscount>1</AllowDiscount>
      <ItemStatus>1</ItemStatus>
    </Item>
    <Item>
      <PriceUpdateDate>2025-07-22 12:19</PriceUpdateDate>
      <ItemCode>7290114659949</ItemCode>
      <ItemType>1</ItemType>
      <ItemName>מסכת פנים חד פעמי 50 יח'</ItemName>
      <ManufacturerName>כללי</ManufacturerName>
      <ManufactureCountry>CN</ManufactureCountry>
      <ManufacturerItemDescription>מסכת פנים חד פעמי 50 יח</ManufacturerItemDescription>
      <UnitQty>יחידה</UnitQty>
      <Quantity>1.00</Quantity>
      <bIsWeighted>0</bIsWeighted>
      <UnitOfMeasure>יחידה</UnitOfMeasure>
      <QtyInPackage>1</QtyInPackage>
      <ItemPrice>9.90</ItemPrice>
      <UnitOfMeasurePrice>9.90</UnitOfMeasurePrice>
      <AllowDiscount>1</AllowDiscount>
      <ItemStatus>1</ItemStatus>
    </Item>
    <Item>
      <PriceUpdateDate>2024-12-23 17:21</PriceUpdateDate>
      <ItemCode>7290114720724</ItemCode>
      <ItemType>1</ItemType>
      <ItemName>ראשי מברשת לאורל בי זוג</ItemName>
      <ManufacturerName>פוג'יקום</ManufacturerName>
      <ManufactureCountry>CN</ManufactureCountry>
      <ManufacturerItemDescription>ראשי מברשת לאורל</ManufacturerItemDescription>
      <UnitQty>יחידה</UnitQty>
      <Quantity>1.00</Quantity>
      <bIsWeighted>0</bIsWeighted>
      <UnitOfMeasure>יחידה</UnitOfMeasure>
      <QtyInPackage>1</QtyInPackage>
      <ItemPrice>25.90</ItemPrice>
      <UnitOfMeasurePrice>25.90</UnitOfMeasurePrice>
      <AllowDiscount>1</AllowDiscount>
      <ItemStatus>1</ItemStatus>
    </Item>
    <Item>
      <PriceUpdateDate>2024-12-23 17:20</PriceUpdateDate>
      <ItemCode>7290114721592</ItemCode>
      <ItemType>1</ItemType>
      <ItemName>מברשת חשמלית לילדים דינו</ItemName>
      <ManufacturerName>פוג'יקום</ManufacturerName>
      <ManufactureCountry>CN</ManufactureCountry>
      <ManufacturerItemDescription>מברשת שיניים</ManufacturerItemDescription>
      <UnitQty>יחידה</UnitQty>
      <Quantity>1.00</Quantity>
      <bIsWeighted>0</bIsWeighted>
      <UnitOfMeasure>יחידה</UnitOfMeasure>
      <QtyInPackage>1</QtyInPackage>
      <ItemPrice>44.90</ItemPrice>
      <UnitOfMeasurePrice>44.90</UnitOfMeasurePrice>
      <AllowDiscount>1</AllowDiscount>
      <ItemStatus>1</ItemStatus>
    </Item>
    <Item>
      <PriceUpdateDate>2024-12-23 17:20</PriceUpdateDate>
      <ItemCode>7290114721608</ItemCode>
      <ItemType>1</ItemType>
      <ItemName>מברשת חשמלית ילד חד קרן</ItemName>
      <ManufacturerName>פוגיקום</ManufacturerName>
      <ManufactureCountry>CN</ManufactureCountry>
      <ManufacturerItemDescription>מברשת חשמלית ילד חד קרן</ManufacturerItemDescription>
      <UnitQty>יחידה</UnitQty>
      <Quantity>1.00</Quantity>
      <bIsWeighted>0</bIsWeighted>
      <UnitOfMeasure>יחידה</UnitOfMeasure>
      <QtyInPackage>1</QtyInPackage>
      <ItemPrice>44.90</ItemPrice>
      <UnitOfMeasurePrice>44.90</UnitOfMeasurePrice>
      <AllowDiscount>1</AllowDiscount>
      <ItemStatus>1</ItemStatus>
    </Item>
    <Item>
      <PriceUpdateDate>2024-11-22 05:50</PriceUpdateDate>
      <ItemCode>7290114723527</ItemCode>
      <ItemType>1</ItemType>
      <ItemName>מברשת שיניים חשמלית</ItemName>
      <ManufacturerName>פוג'יקום</ManufacturerName>
      <ManufactureCountry>CN</ManufactureCountry>
      <ManufacturerItemDescription>מב.שינ.חשמל תואם</ManufacturerItemDescription>
      <UnitQty>יחידה</UnitQty>
      <Quantity>1.00</Quantity>
      <bIsWeighted>0</bIsWeighted>
      <UnitOfMeasure>יחידה</UnitOfMeasure>
      <QtyInPackage>1</QtyInPackage>
      <ItemPrice>49.90</ItemPrice>
      <UnitOfMeasurePrice>49.90</UnitOfMeasurePrice>
      <AllowDiscount>1</AllowDiscount>
      <ItemStatus>1</ItemStatus>
    </Item>
    <Item>
      <PriceUpdateDate>2024-11-22 05:50</PriceUpdateDate>
      <ItemCode>7290114724203</ItemCode>
      <ItemType>1</ItemType>
      <ItemName>4 ראשי מברשות אוניברסל</ItemName>
      <ManufacturerName>פוג'יקום</ManufacturerName>
      <ManufactureCountry>CN</ManufactureCountry>
      <ManufacturerItemDescription>4 ראשי מברשות או</ManufacturerItemDescription>
      <UnitQty>יחידה</UnitQty>
      <Quantity>1.00</Quantity>
      <bIsWeighted>0</bIsWeighted>
      <UnitOfMeasure>יחידה</UnitOfMeasure>
      <QtyInPackage>1</QtyInPackage>
      <ItemPrice>49.90</ItemPrice>
      <UnitOfMeasurePrice>49.90</UnitOfMeasurePrice>
      <AllowDiscount>1</AllowDiscount>
      <ItemStatus>1</ItemStatus>
    </Item>
    <Item>
      <PriceUpdateDate>2025-07-11 05:44</PriceUpdateDate>
      <ItemCode>7290114724630</ItemCode>
      <ItemType>1</ItemType>
      <ItemName>מברשת שיניים חשמלית ילד</ItemName>
      <ManufacturerName>פוג'יקום</ManufacturerName>
      <ManufactureCountry>CN</ManufactureCountry>
      <ManufacturerItemDescription>מברשת שיניים חשמלית ילד</ManufacturerItemDescription>
      <UnitQty>יחידה</UnitQty>
      <Quantity>1.00</Quantity>
      <bIsWeighted>0</bIsWeighted>
      <UnitOfMeasure>יחידה</UnitOfMeasure>
      <QtyInPackage>1</QtyInPackage>
      <ItemPrice>49.90</ItemPrice>
      <UnitOfMeasurePrice>49.90</UnitOfMeasurePrice>
      <AllowDiscount>1</AllowDiscount>
      <ItemStatus>1</ItemStatus>
    </Item>
    <Item>
      <PriceUpdateDate>2025-12-03 15:50</PriceUpdateDate>
      <ItemCode>7290114724883</ItemCode>
      <ItemType>1</ItemType>
      <ItemName>מראת איפור שולחנית</ItemName>
      <ManufacturerName>פוגיקום</ManufacturerName>
      <ManufactureCountry>CN</ManufactureCountry>
      <ManufacturerItemDescription>מראת איפור שולחנית</ManufacturerItemDescription>
      <UnitQty>יחידה</UnitQty>
      <Quantity>1.00</Quantity>
      <bIsWeighted>0</bIsWeighted>
      <UnitOfMeasure>יחידה</UnitOfMeasure>
      <QtyInPackage>1</QtyInPackage>
      <ItemPrice>59.90</ItemPrice>
      <UnitOfMeasurePrice>59.90</UnitOfMeasurePrice>
      <AllowDiscount>1</AllowDiscount>
      <ItemStatus>1</ItemStatus>
    </Item>
    <Item>
      <PriceUpdateDate>2025-08-11 18:08</PriceUpdateDate>
      <ItemCode>7290115043402</ItemCode>
      <ItemType>1</ItemType>
      <ItemName>שמפו לשיער מתולתל 1 ליטר</ItemName>
      <ManufacturerName>פאסטל</ManufacturerName>
      <ManufactureCountry>IL</ManufactureCountry>
      <ManufacturerItemDescription>שמפו לשיער מתולתל 1 ליטר</ManufacturerItemDescription>
      <UnitQty>ליטרים</UnitQty>
      <Quantity>1.00</Quantity>
      <bIsWeighted>0</bIsWeighted>
      <UnitOfMeasure>ליטר</UnitOfMeasure>
      <QtyInPackage>1</QtyInPackage>
      <ItemPrice>49.90</ItemPrice>
      <UnitOfMeasurePrice>49.90</UnitOfMeasurePrice>
      <AllowDiscount>1</AllowDiscount>
      <ItemStatus>1</ItemStatus>
    </Item>
    <Item>
      <PriceUpdateDate>2025-08-11 18:08</PriceUpdateDate>
      <ItemCode>7290115043419</ItemCode>
      <ItemType>1</ItemType>
      <ItemName>מסכה לשיער מתולתל 400 מ"</ItemName>
      <ManufacturerName>פאסטל</ManufacturerName>
      <ManufactureCountry>IL</ManufactureCountry>
      <ManufacturerItemDescription>מסכה לשיער מתולתל 400 מ"</ManufacturerItemDescription>
      <UnitQty>מיליליטרים</UnitQty>
      <Quantity>400.00</Quantity>
      <bIsWeighted>0</bIsWeighted>
      <UnitOfMeasure>100 מ"ל</UnitOfMeasure>
      <QtyInPackage>1</QtyInPackage>
      <ItemPrice>49.90</ItemPrice>
      <UnitOfMeasurePrice>12.48</UnitOfMeasurePrice>
      <AllowDiscount>1</AllowDiscount>
      <ItemStatus>1</ItemStatus>
    </Item>
    <Item>
      <PriceUpdateDate>2025-08-11 18:08</PriceUpdateDate>
      <ItemCode>7290115043426</ItemCode>
      <ItemType>1</ItemType>
      <ItemName>לחות עם גלייז לשיער 400מ</ItemName>
      <ManufacturerName>פאסטל</ManufacturerName>
      <ManufactureCountry>IL</ManufactureCountry>
      <ManufacturerItemDescription>לחות עם גלייז לשיער 400מ</ManufacturerItemDescription>
      <UnitQty>מיליליטרים</UnitQty>
      <Quantity>400.00</Quantity>
      <bIsWeighted>0</bIsWeighted>
      <UnitOfMeasure>100 מ"ל</UnitOfMeasure>
      <QtyInPackage>1</QtyInPackage>
      <ItemPrice>29.90</ItemPrice>
      <UnitOfMeasurePrice>7.48</UnitOfMeasurePrice>
      <AllowDiscount>1</AllowDiscount>
      <ItemStatus>1</ItemStatus>
    </Item>
    <Item>
      <PriceUpdateDate>2025-08-11 18:08</PriceUpdateDate>
      <ItemCode>7290115043433</ItemCode>
      <ItemType>1</ItemType>
      <ItemName>לחות עם גלייז לשיער 400מ</ItemName>
      <ManufacturerName>פאסטל</ManufacturerName>
      <ManufactureCountry>IL</ManufactureCountry>
      <ManufacturerItemDescription>לחות עם גלייז לשיער 400מ</ManufacturerItemDescription>
      <UnitQty>מיליליטרים</UnitQty>
      <Quantity>400.00</Quantity>
      <bIsWeighted>0</bIsWeighted>
      <UnitOfMeasure>100 מ"ל</UnitOfMeasure>
      <QtyInPackage>1</QtyInPackage>
      <ItemPrice>29.90</ItemPrice>
      <UnitOfMeasurePrice>7.48</UnitOfMeasurePrice>
      <AllowDiscount>1</AllowDiscount>
      <ItemStatus>1</ItemStatus>
    </Item>
    <Item>
      <PriceUpdateDate>2025-08-11 18:08</PriceUpdateDate>
      <ItemCode>7290115044188</ItemCode>
      <ItemType>1</ItemType>
      <ItemName>לחות עם גלייז לשיער 400מ</ItemName>
      <ManufacturerName>פאסטל</ManufacturerName>
      <ManufactureCountry>IL</ManufactureCountry>
      <ManufacturerItemDescription>לחות עם גלייז לשיער 400מ</ManufacturerItemDescription>
      <UnitQty>מיליליטרים</UnitQty>
      <Quantity>400.00</Quantity>
      <bIsWeighted>0</bIsWeighted>
      <UnitOfMeasure>100 מ"ל</UnitOfMeasure>
      <QtyInPackage>1</QtyInPackage>
      <ItemPrice>29.90</ItemPrice>
      <UnitOfMeasurePrice>7.48</UnitOfMeasurePrice>
      <AllowDiscount>1</AllowDiscount>
      <ItemStatus>1</ItemStatus>
    </Item>
    <Item>
      <PriceUpdateDate>2025-02-13 17:04</PriceUpdateDate>
      <ItemCode>7290115044584</ItemCode>
      <ItemType>1</ItemType>
      <ItemName>שמפו טיפולי שמן קיק 1ליט</ItemName>
      <ManufacturerName>פאסטל</ManufacturerName>
      <ManufactureCountry>IL</ManufactureCountry>
      <ManufacturerItemDescription>שמפו טיפולי שמן קיק 1ליט</ManufacturerItemDescription>
      <UnitQty>ליטרים</UnitQty>
      <Quantity>1.00</Quantity>
      <bIsWeighted>0</bIsWeighted>
      <UnitOfMeasure>ליטר</UnitOfMeasure>
      <QtyInPackage>1</QtyInPackage>
      <ItemPrice>49.90</ItemPrice>
      <UnitOfMeasurePrice>49.90</UnitOfMeasurePrice>
      <AllowDiscount>1</AllowDiscount>
      <ItemStatus>1</ItemStatus>
    </Item>
    <Item>
      <PriceUpdateDate>2025-02-13 17:04</PriceUpdateDate>
      <ItemCode>7290115044614</ItemCode>
      <ItemType>1</ItemType>
      <ItemName>מסכה לל"ש שמן קיק 250מ"ל</ItemName>
      <ManufacturerName>פאסטל</ManufacturerName>
      <ManufactureCountry>IL</ManufactureCountry>
      <ManufacturerItemDescription>מסכה לל"ש שמן קיק 250מ"ל</ManufacturerItemDescription>
      <UnitQty>מיליליטרים</UnitQty>
      <Quantity>250.00</Quantity>
      <bIsWeighted>0</bIsWeighted>
      <UnitOfMeasure>100 מ"ל</UnitOfMeasure>
      <QtyInPackage>1</QtyInPackage>
      <ItemPrice>34.90</ItemPrice>
      <UnitOfMeasurePrice>13.96</UnitOfMeasurePrice>
      <AllowDiscount>1</AllowDiscount>
      <ItemStatus>1</ItemStatus>
    </Item>
    <Item>
      <PriceUpdateDate>2025-02-13 17:04</PriceUpdateDate>
      <ItemCode>7290115044638</ItemCode>
      <ItemType>1</ItemType>
      <ItemName>סרום מועשר בשמן קיק125מל</ItemName>
      <ManufacturerName>פאסטל</ManufacturerName>
      <ManufactureCountry>IL</ManufactureCountry>
      <ManufacturerItemDescription>סרום מועשר בשמן קיק125מל</ManufacturerItemDescription>
      <UnitQty>מיליליטרים</UnitQty>
      <Quantity>125.00</Quantity>
      <bIsWeighted>0</bIsWeighted>
      <UnitOfMeasure>100 מ"ל</UnitOfMeasure>
      <QtyInPackage>1</QtyInPackage>
      <ItemPrice>39.90</ItemPrice>
      <UnitOfMeasurePrice>31.92</UnitOfMeasurePrice>
      <AllowDiscount>1</AllowDiscount>
      <ItemStatus>1</ItemStatus>
    </Item>
    <Item>
      <PriceUpdateDate>2024-12-23 17:17</PriceUpdateDate>
      <ItemCode>7290115205176</ItemCode>
      <ItemType>1</ItemType>
      <ItemName>קרקר דק כפרי פיטנס 140גר</ItemName>
      <ManufacturerName>אסם תעשיות מזון בע"מ</ManufacturerName>
      <ManufactureCountry>IL</ManufactureCountry>
      <ManufacturerItemDescription>קרקר דק כפרי פיטנס 140גר</ManufacturerItemDescription>
      <UnitQty>גרמים</UnitQty>
      <Quantity>140.00</Quantity>
      <bIsWeighted>0</bIsWeighted>
      <UnitOfMeasure>100 גרם</UnitOfMeasure>
      <QtyInPackage>1</QtyInPackage>
      <ItemPrice>15.50</ItemPrice>
      <UnitOfMeasurePrice>11.07</UnitOfMeasurePrice>
      <AllowDiscount>1</AllowDiscount>
      <ItemStatus>1</ItemStatus>
    </Item>
    <Item>
      <PriceUpdateDate>2024-12-23 17:17</PriceUpdateDate>
      <ItemCode>7290115205312</ItemCode>
      <ItemType>1</ItemType>
      <ItemName>קרקר דק פיטנס זיתים140ג</ItemName>
      <ManufacturerName>אסם תעשיות מזון בע"מ</ManufacturerName>
      <ManufactureCountry>IL</ManufactureCountry>
      <ManufacturerItemDescription>קרקר דק פיטנס זיתים140ג</ManufacturerItemDescription>
      <UnitQty>גרמים</UnitQty>
      <Quantity>140.00</Quantity>
      <bIsWeighted>0</bIsWeighted>
      <UnitOfMeasure>100 גרם</UnitOfMeasure>
      <QtyInPackage>1</QtyInPackage>
      <ItemPrice>15.50</ItemPrice>
      <UnitOfMeasurePrice>11.07</UnitOfMeasurePrice>
      <AllowDiscount>1</AllowDiscount>
      <ItemStatus>1</ItemStatus>
    </Item>
    <Item>
      <PriceUpdateDate>2025-12-01 20:10</PriceUpdateDate>
      <ItemCode>7290116530000</ItemCode>
      <ItemType>1</ItemType>
      <ItemName>תרחיץ פנים דאב מלפפון180</ItemName>
      <ManufacturerName>יוניליוור ישראל טיפוח</ManufacturerName>
      <ManufactureCountry>IL</ManufactureCountry>
      <ManufacturerItemDescription>תרחיץ פנים דאב מלפפון180</ManufacturerItemDescription>
      <UnitQty>מיליליטרים</UnitQty>
      <Quantity>180.00</Quantity>
      <bIsWeighted>0</bIsWeighted>
      <UnitOfMeasure>100 מ"ל</UnitOfMeasure>
      <QtyInPackage>1</QtyInPackage>
      <ItemPrice>10.00</ItemPrice>
      <UnitOfMeasurePrice>5.56</UnitOfMeasurePrice>
      <AllowDiscount>1</AllowDiscount>
      <ItemStatus>1</ItemStatus>
    </Item>
    <Item>
      <PriceUpdateDate>2025-11-27 21:30</PriceUpdateDate>
      <ItemCode>7290116530222</ItemCode>
      <ItemType>1</ItemType>
      <ItemName>דאו.אקס סטיק אנרכי 76ג</ItemName>
      <ManufacturerName>יוניליוור ארהב, רייפורד,</ManufacturerName>
      <ManufactureCountry>US</ManufactureCountry>
      <ManufacturerItemDescription>דאו.אקס סטיק אנרכי 76ג</ManufacturerItemDescription>
      <UnitQty>גרמים</UnitQty>
      <Quantity>76.00</Quantity>
      <bIsWeighted>0</bIsWeighted>
      <UnitOfMeasure>100 גרם</UnitOfMeasure>
      <QtyInPackage>1</QtyInPackage>
      <ItemPrice>16.90</ItemPrice>
      <UnitOfMeasurePrice>22.24</UnitOfMeasurePrice>
      <AllowDiscount>1</AllowDiscount>
      <ItemStatus>1</ItemStatus>
    </Item>
    <Item>
      <PriceUpdateDate>2025-11-27 21:30</PriceUpdateDate>
      <ItemCode>7290116530239</ItemCode>
      <ItemType>1</ItemType>
      <ItemName>אקס דאו.סטיק לגבר בלאק76</ItemName>
      <ManufacturerName>יוניליוור ארה"ב</ManufacturerName>
      <ManufactureCountry>US</ManufactureCountry>
      <ManufacturerItemDescription>אקס דאו.סטיק לגבר בלאק76</ManufacturerItemDescription>
      <UnitQty>גרמים</UnitQty>
      <Quantity>76.00</Quantity>
      <bIsWeighted>0</bIsWeighted>
      <UnitOfMeasure>100 גרם</UnitOfMeasure>
      <QtyInPackage>1</QtyInPackage>
      <ItemPrice>16.90</ItemPrice>
      <UnitOfMeasurePrice>22.24</UnitOfMeasurePrice>
      <AllowDiscount>1</AllowDiscount>
      <ItemStatus>1</ItemStatus>
    </Item>
    <Item>
      <PriceUpdateDate>2024-12-23 17:17</PriceUpdateDate>
      <ItemCode>7290116532011</ItemCode>
      <ItemType>1</ItemType>
      <ItemName>חטיף קליק נוגט 35 גרם</ItemName>
      <ManufacturerName>טחנת האבן תעשיות בע"מ</ManufacturerName>
      <ManufactureCountry>IL</ManufactureCountry>
      <ManufacturerItemDescription>חטיף קליק נוגט 35 גרם</ManufacturerItemDescription>
      <UnitQty>גרמים</UnitQty>
      <Quantity>35.00</Quantity>
      <bIsWeighted>0</bIsWeighted>
      <UnitOfMeasure>100 גרם</UnitOfMeasure>
      <QtyInPackage>1</QtyInPackage>
      <ItemPrice>8.50</ItemPrice>
      <UnitOfMeasurePrice>24.29</UnitOfMeasurePrice>
      <AllowDiscount>1</AllowDiscount>
      <ItemStatus>1</ItemStatus>
    </Item>
    <Item>
      <PriceUpdateDate>2025-11-27 21:30</PriceUpdateDate>
      <ItemCode>7290116532776</ItemCode>
      <ItemType>1</ItemType>
      <ItemName>שפתון לחות אוריגינל 10 ג</ItemName>
      <ManufacturerName>תאגיד אינטרנשיונאל לבורט</ManufacturerName>
      <ManufactureCountry>TH</ManufactureCountry>
      <ManufacturerItemDescription>שפתון לחות אוריגינל 10 ג</ManufacturerItemDescription>
      <UnitQty>גרמים</UnitQty>
      <Quantity>10.00</Quantity>
      <bIsWeighted>0</bIsWeighted>
      <UnitOfMeasure>100 גרם</UnitOfMeasure>
      <QtyInPackage>1</QtyInPackage>
      <ItemPrice>10.00</ItemPrice>
      <UnitOfMeasurePrice>100.00</UnitOfMeasurePrice>
      <AllowDiscount>1</AllowDiscount>
      <ItemStatus>1</ItemStatus>
    </Item>
    <Item>
      <PriceUpdateDate>2025-11-27 21:30</PriceUpdateDate>
      <ItemCode>7290116532783</ItemCode>
      <ItemType>1</ItemType>
      <ItemName>שפתון לחות וזלין ורוד10ג</ItemName>
      <ManufacturerName>תאגיד אינטרנשיונאל לבורט</ManufacturerName>
      <ManufactureCountry>TH</ManufactureCountry>
      <ManufacturerItemDescription>שפתון לחות וזלין ורוד10ג</ManufacturerItemDescription>
      <UnitQty>גרמים</UnitQty>
      <Quantity>10.00</Quantity>
      <bIsWeighted>0</bIsWeighted>
      <UnitOfMeasure>100 גרם</UnitOfMeasure>
      <QtyInPackage>1</QtyInPackage>
      <ItemPrice>10.00</ItemPrice>
      <UnitOfMeasurePrice>100.00</UnitOfMeasurePrice>
      <AllowDiscount>1</AllowDiscount>
      <ItemStatus>1</ItemStatus>
    </Item>
    <Item>
      <PriceUpdateDate>2025-12-01 20:10</PriceUpdateDate>
      <ItemCode>7290116533117</ItemCode>
      <ItemType>1</ItemType>
      <ItemName>תחליב פינוק ורדים700מ"ל</ItemName>
      <ManufacturerName>יוניליוור ישראל טיפוח</ManufacturerName>
      <ManufactureCountry>IL</ManufactureCountry>
      <ManufacturerItemDescription>תחליב פינוק ורדים700מ"ל</ManufacturerItemDescription>
      <UnitQty>מיליליטרים</UnitQty>
      <Quantity>700.00</Quantity>
      <bIsWeighted>0</bIsWeighted>
      <UnitOfMeasure>100 מ"ל</UnitOfMeasure>
      <QtyInPackage>1</QtyInPackage>
      <ItemPrice>10.00</ItemPrice>
      <UnitOfMeasurePrice>1.43</UnitOfMeasurePrice>
      <AllowDiscount>1</AllowDiscount>
      <ItemStatus>1</ItemStatus>
    </Item>
    <Item>
      <PriceUpdateDate>2024-12-23 17:21</PriceUpdateDate>
      <ItemCode>7290116533674</ItemCode>
      <ItemType>1</ItemType>
      <ItemName>ספרי דאב אינויזיבל קר150</ItemName>
      <ManufacturerName>תאגיד קוסטר אירוסול ולף</ManufacturerName>
      <ManufactureCountry>GB</ManufactureCountry>
      <ManufacturerItemDescription>ספרי דאב אינויזיבל קר150</ManufacturerItemDescription>
      <UnitQty>מיליליטרים</UnitQty>
      <Quantity>150.00</Quantity>
      <bIsWeighted>0</bIsWeighted>
      <UnitOfMeasure>100 מ"ל</UnitOfMeasure>
      <QtyInPackage>1</QtyInPackage>
      <ItemPrice>22.90</ItemPrice>
      <UnitOfMeasurePrice>15.27</UnitOfMeasurePrice>
      <AllowDiscount>1</AllowDiscount>
      <ItemStatus>1</ItemStatus>
    </Item>
    <Item>
      <PriceUpdateDate>2024-12-10 10:20</PriceUpdateDate>
      <ItemCode>7290116533698</ItemCode>
      <ItemType>1</ItemType>
      <ItemName>דאו.ספרי דאב איבן טון150</ItemName>
      <ManufacturerName>תאגיד קוסטר אירוסול ולף</ManufacturerName>
      <ManufactureCountry>TR</ManufactureCountry>
      <ManufacturerItemDescription>דאו.ספרי דאב איבן טון150</ManufacturerItemDescription>
      <UnitQty>מיליליטרים</UnitQty>
      <Quantity>150.00</Quantity>
      <bIsWeighted>0</bIsWeighted>
      <UnitOfMeasure>100 מ"ל</UnitOfMeasure>
      <QtyInPackage>1</QtyInPackage>
      <ItemPrice>22.90</ItemPrice>
      <UnitOfMeasurePrice>15.27</UnitOfMeasurePrice>
      <AllowDiscount>1</AllowDiscount>
      <ItemStatus>1</ItemStatus>
    </Item>
    <Item>
      <PriceUpdateDate>2025-11-27 21:30</PriceUpdateDate>
      <ItemCode>7290116534015</ItemCode>
      <ItemType>1</ItemType>
      <ItemName>ת.פנים לגבר עור רגיש150</ItemName>
      <ManufacturerName>יוניליוור ישראל טיפוח</ManufacturerName>
      <ManufactureCountry>IL</ManufactureCountry>
      <ManufacturerItemDescription>ת.פנים לגבר עור רגיש150</ManufacturerItemDescription>
      <UnitQty>מיליליטרים</UnitQty>
      <Quantity>150.00</Quantity>
      <bIsWeighted>0</bIsWeighted>
      <UnitOfMeasure>100 מ"ל</UnitOfMeasure>
      <QtyInPackage>1</QtyInPackage>
      <ItemPrice>10.00</ItemPrice>
      <UnitOfMeasurePrice>6.66</UnitOfMeasurePrice>
      <AllowDiscount>1</AllowDiscount>
      <ItemStatus>1</ItemStatus>
    </Item>
    <Item>
      <PriceUpdateDate>2025-12-01 20:10</PriceUpdateDate>
      <ItemCode>7290116534541</ItemCode>
      <ItemType>1</ItemType>
      <ItemName>פינוק מרכך בניחוח דבש700</ItemName>
      <ManufacturerName>יוניליוור ישראל טיפוח</ManufacturerName>
      <ManufactureCountry>IL</ManufactureCountry>
      <ManufacturerItemDescription>פינוק מרכך בניחוח דבש700</ManufacturerItemDescription>
      <UnitQty>מיליליטרים</UnitQty>
      <Quantity>700.00</Quantity>
      <bIsWeighted>0</bIsWeighted>
      <UnitOfMeasure>100 מ"ל</UnitOfMeasure>
      <QtyInPackage>1</QtyInPackage>
      <ItemPrice>10.00</ItemPrice>
      <UnitOfMeasurePrice>1.43</UnitOfMeasurePrice>
      <AllowDiscount>1</AllowDiscount>
      <ItemStatus>1</ItemStatus>
    </Item>
    <Item>
      <PriceUpdateDate>2025-12-01 20:10</PriceUpdateDate>
      <ItemCode>7290116534879</ItemCode>
      <ItemType>1</ItemType>
      <ItemName>פינוק לגבר 3ב1 מנטה 700</ItemName>
      <ManufacturerName>יוניליוור ישראל טיפוח</ManufacturerName>
      <ManufactureCountry>IL</ManufactureCountry>
      <ManufacturerItemDescription>פינוק לגבר 3ב1 מנטה 700</ManufacturerItemDescription>
      <UnitQty>מיליליטרים</UnitQty>
      <Quantity>700.00</Quantity>
      <bIsWeighted>0</bIsWeighted>
      <UnitOfMeasure>100 מ"ל</UnitOfMeasure>
      <QtyInPackage>1</QtyInPackage>
      <ItemPrice>10.00</ItemPrice>
      <UnitOfMeasurePrice>1.43</UnitOfMeasurePrice>
      <AllowDiscount>1</AllowDiscount>
      <ItemStatus>1</ItemStatus>
    </Item>
    <Item>
      <PriceUpdateDate>2025-12-01 20:10</PriceUpdateDate>
      <ItemCode>7290116535272</ItemCode>
      <ItemType>1</ItemType>
      <ItemName>תחליב פינוק מאסק לבן700מ</ItemName>
      <ManufacturerName>יוניליוור ישראל טיפוח</ManufacturerName>
      <ManufactureCountry>IL</ManufactureCountry>
      <ManufacturerItemDescription>תחליב פינוק מאסק לבן700מ</ManufacturerItemDescription>
      <UnitQty>מיליליטרים</UnitQty>
      <Quantity>700.00</Quantity>
      <bIsWeighted>0</bIsWeighted>
      <UnitOfMeasure>100 מ"ל</UnitOfMeasure>
      <QtyInPackage>1</QtyInPackage>
      <ItemPrice>10.00</ItemPrice>
      <UnitOfMeasurePrice>1.43</UnitOfMeasurePrice>
      <AllowDiscount>1</AllowDiscount>
      <ItemStatus>1</ItemStatus>
    </Item>
    <Item>
      <PriceUpdateDate>2025-12-01 20:10</PriceUpdateDate>
      <ItemCode>7290116535289</ItemCode>
      <ItemType>1</ItemType>
      <ItemName>תחליב פינוק יסמין 700מ"ל</ItemName>
      <ManufacturerName>יוניליוור ישראל טיפוח</ManufacturerName>
      <ManufactureCountry>IL</ManufactureCountry>
      <ManufacturerItemDescription>תחליב פינוק יסמין 700מ"ל</ManufacturerItemDescription>
      <UnitQty>מיליליטרים</UnitQty>
      <Quantity>700.00</Quantity>
      <bIsWeighted>0</bIsWeighted>
      <UnitOfMeasure>100 מ"ל</UnitOfMeasure>
      <QtyInPackage>1</QtyInPackage>
      <ItemPrice>10.00</ItemPrice>
      <UnitOfMeasurePrice>1.43</UnitOfMeasurePrice>
      <AllowDiscount>1</AllowDiscount>
      <ItemStatus>1</ItemStatus>
    </Item>
    <Item>
      <PriceUpdateDate>2025-12-01 20:10</PriceUpdateDate>
      <ItemCode>7290116535296</ItemCode>
      <ItemType>1</ItemType>
      <ItemName>ת.פינוק ורד ופרזיה 700מ</ItemName>
      <ManufacturerName>יוניליוור ישראל טיפוח</ManufacturerName>
      <ManufactureCountry>IL</ManufactureCountry>
      <ManufacturerItemDescription>ת.פינוק ורד ופרזיה 700מ</ManufacturerItemDescription>
      <UnitQty>מיליליטרים</UnitQty>
      <Quantity>700.00</Quantity>
      <bIsWeighted>0</bIsWeighted>
      <UnitOfMeasure>100 מ"ל</UnitOfMeasure>
      <QtyInPackage>1</QtyInPackage>
      <ItemPrice>10.00</ItemPrice>
      <UnitOfMeasurePrice>1.43</UnitOfMeasurePrice>
      <AllowDiscount>1</AllowDiscount>
      <ItemStatus>1</ItemStatus>
    </Item>
    <Item>
      <PriceUpdateDate>2025-12-01 20:10</PriceUpdateDate>
      <ItemCode>7290116535821</ItemCode>
      <ItemType>1</ItemType>
      <ItemName>GLOWשמפו תלתלים 410מ"ל</ItemName>
      <ManufacturerName>יוניליוור ישראל טיפוח</ManufacturerName>
      <ManufactureCountry>IL</ManufactureCountry>
      <ManufacturerItemDescription>GLOWשמפו תלתלים 410מ"ל</ManufacturerItemDescription>
      <UnitQty>מיליליטרים</UnitQty>
      <Quantity>410.00</Quantity>
      <bIsWeighted>0</bIsWeighted>
      <UnitOfMeasure>100 מ"ל</UnitOfMeasure>
      <QtyInPackage>1</QtyInPackage>
      <ItemPrice>17.90</ItemPrice>
      <UnitOfMeasurePrice>4.37</UnitOfMeasurePrice>
      <AllowDiscount>1</AllowDiscount>
      <ItemStatus>1</ItemStatus>
    </Item>
    <Item>
      <PriceUpdateDate>2025-11-27 21:30</PriceUpdateDate>
      <ItemCode>7290116537375</ItemCode>
      <ItemType>1</ItemType>
      <ItemName>קליק כריות 65 גרם</ItemName>
      <ManufacturerName>יוניליוור ישראל מזון</ManufacturerName>
      <ManufactureCountry>IL</ManufactureCountry>
      <ManufacturerItemDescription>קליק כריות 65 גרם</ManufacturerItemDescription>
      <UnitQty>גרמים</UnitQty>
      <Quantity>65.00</Quantity>
      <bIsWeighted>0</bIsWeighted>
      <UnitOfMeasure>100 גרם</UnitOfMeasure>
      <QtyInPackage>1</QtyInPackage>
      <ItemPrice>10.00</ItemPrice>
      <UnitOfMeasurePrice>15.39</UnitOfMeasurePrice>
      <AllowDiscount>1</AllowDiscount>
      <ItemStatus>1</ItemStatus>
    </Item>
    <Item>
      <PriceUpdateDate>2025-11-27 21:40</PriceUpdateDate>
      <ItemCode>7290117381625</ItemCode>
      <ItemType>1</ItemType>
      <ItemName>מברשת שיניים לילדים ברבי</ItemName>
      <ManufacturerName>קולגייט-פלמוליב</ManufacturerName>
      <ManufactureCountry>CN</ManufactureCountry>
      <ManufacturerItemDescription>מברשת שיניים לילדים ברבי</ManufacturerItemDescription>
      <UnitQty>יחידה</UnitQty>
      <Quantity>1.00</Quantity>
      <bIsWeighted>0</bIsWeighted>
      <UnitOfMeasure>יחידה</UnitOfMeasure>
      <QtyInPackage>1</QtyInPackage>
      <ItemPrice>10.00</ItemPrice>
      <UnitOfMeasurePrice>10.00</UnitOfMeasurePrice>
      <AllowDiscount>1</AllowDiscount>
      <ItemStatus>1</ItemStatus>
    </Item>
    <Item>
      <PriceUpdateDate>2025-01-01 10:06</PriceUpdateDate>
      <ItemCode>7290117385456</ItemCode>
      <ItemType>1</ItemType>
      <ItemName>מיקס מסכות בד .</ItemName>
      <ManufacturerName>מינוס 417 מחקרים קוסמטיי</ManufacturerName>
      <ManufactureCountry>KR</ManufactureCountry>
      <ManufacturerItemDescription>מיקס מסכות בד .</ManufacturerItemDescription>
      <UnitQty>יחידה</UnitQty>
      <Quantity>1.00</Quantity>
      <bIsWeighted>0</bIsWeighted>
      <UnitOfMeasure>יחידה</UnitOfMeasure>
      <QtyInPackage>1</QtyInPackage>
      <ItemPrice>15.20</ItemPrice>
      <UnitOfMeasurePrice>15.20</UnitOfMeasurePrice>
      <AllowDiscount>1</AllowDiscount>
      <ItemStatus>1</ItemStatus>
    </Item>
    <Item>
      <PriceUpdateDate>2025-04-24 16:54</PriceUpdateDate>
      <ItemCode>7290117389751</ItemCode>
      <ItemType>1</ItemType>
      <ItemName>פדים להסרת איפור פרוטאין</ItemName>
      <ManufacturerName>ספטונה</ManufacturerName>
      <ManufactureCountry>GR</ManufactureCountry>
      <ManufacturerItemDescription>פדים להסרת איפור פרוטאין</ManufacturerItemDescription>
      <UnitQty>יחידה</UnitQty>
      <Quantity>1.00</Quantity>
      <bIsWeighted>0</bIsWeighted>
      <UnitOfMeasure>יחידה</UnitOfMeasure>
      <QtyInPackage>1</QtyInPackage>
      <ItemPrice>25.90</ItemPrice>
      <UnitOfMeasurePrice>25.90</UnitOfMeasurePrice>
      <AllowDiscount>1</AllowDiscount>
      <ItemStatus>1</ItemStatus>
    </Item>
    <Item>
      <PriceUpdateDate>2025-06-24 11:13</PriceUpdateDate>
      <ItemCode>7290117495643</ItemCode>
      <ItemType>1</ItemType>
      <ItemName>אייקון גלים מי גוף 250מל</ItemName>
      <ManufacturerName>דניה קוסמטיקס</ManufacturerName>
      <ManufactureCountry>IL</ManufactureCountry>
      <ManufacturerItemDescription>אייקון גלים מי ג</ManufacturerItemDescription>
      <UnitQty>מיליליטרים</UnitQty>
      <Quantity>250.00</Quantity>
      <bIsWeighted>0</bIsWeighted>
      <UnitOfMeasure>100 מ"ל</UnitOfMeasure>
      <QtyInPackage>1</QtyInPackage>
      <ItemPrice>127.00</ItemPrice>
      <UnitOfMeasurePrice>50.80</UnitOfMeasurePrice>
      <AllowDiscount>1</AllowDiscount>
      <ItemStatus>1</ItemStatus>
    </Item>
    <Item>
      <PriceUpdateDate>2025-06-24 11:13</PriceUpdateDate>
      <ItemCode>7290117497463</ItemCode>
      <ItemType>1</ItemType>
      <ItemName>סלפי שפתון עמיד מאט 811</ItemName>
      <ManufacturerName>דניה קוסמטיקס</ManufacturerName>
      <ManufactureCountry>IL</ManufactureCountry>
      <ManufacturerItemDescription>סלפי שפתון עמיד מאט 811</ManufacturerItemDescription>
      <UnitQty>יחידה</UnitQty>
      <Quantity>1.00</Quantity>
      <bIsWeighted>0</bIsWeighted>
      <UnitOfMeasure>יחידה</UnitOfMeasure>
      <QtyInPackage>0</QtyInPackage>
      <ItemPrice>99.00</ItemPrice>
      <UnitOfMeasurePrice>99.00</UnitOfMeasurePrice>
      <AllowDiscount>1</AllowDiscount>
      <ItemStatus>1</ItemStatus>
    </Item>
    <Item>
      <PriceUpdateDate>2025-06-24 11:13</PriceUpdateDate>
      <ItemCode>7290117498231</ItemCode>
      <ItemType>1</ItemType>
      <ItemName>שפתון איידליק מאט 743</ItemName>
      <ManufacturerName>INTERCOS</ManufacturerName>
      <ManufactureCountry>IT</ManufactureCountry>
      <ManufacturerItemDescription>שפתון איידליק מאט 743</ManufacturerItemDescription>
      <UnitQty>יחידה</UnitQty>
      <Quantity>1.00</Quantity>
      <bIsWeighted>0</bIsWeighted>
      <UnitOfMeasure>יחידה</UnitOfMeasure>
      <QtyInPackage>1</QtyInPackage>
      <ItemPrice>95.00</ItemPrice>
      <UnitOfMeasurePrice>95.00</UnitOfMeasurePrice>
      <AllowDiscount>1</AllowDiscount>
      <ItemStatus>1</ItemStatus>
    </Item>
    <Item>
      <PriceUpdateDate>2025-04-08 11:19</PriceUpdateDate>
      <ItemCode>7290117498798</ItemCode>
      <ItemType>1</ItemType>
      <ItemName>אייקון קוקו וניל 50מ"ל</ItemName>
      <ManufacturerName>דניה קוסמטיקס</ManufacturerName>
      <ManufactureCountry>IL</ManufactureCountry>
      <ManufacturerItemDescription>אייקון קוקו וניל 50מ"ל</ManufacturerItemDescription>
      <UnitQty>מיליליטרים</UnitQty>
      <Quantity>50.00</Quantity>
      <bIsWeighted>0</bIsWeighted>
      <UnitOfMeasure>100 מ"ל</UnitOfMeasure>
      <QtyInPackage>1</QtyInPackage>
      <ItemPrice>219.00</ItemPrice>
      <UnitOfMeasurePrice>438.00</UnitOfMeasurePrice>
      <AllowDiscount>1</AllowDiscount>
      <ItemStatus>1</ItemStatus>
    </Item>
    <Item>
      <PriceUpdateDate>2025-05-22 14:18</PriceUpdateDate>
      <ItemCode>7290117498903</ItemCode>
      <ItemType>1</ItemType>
      <ItemName>אייקון ונילה בלאק 30 מ"ל</ItemName>
      <ManufacturerName>דניה קוסמטיקס</ManufacturerName>
      <ManufactureCountry>IL</ManufactureCountry>
      <ManufacturerItemDescription>אייקון ונילה בלאק 30 מ"ל</ManufacturerItemDescription>
      <UnitQty>מיליליטרים</UnitQty>
      <Quantity>30.00</Quantity>
      <bIsWeighted>0</bIsWeighted>
      <UnitOfMeasure>100 מ"ל</UnitOfMeasure>
      <QtyInPackage>1</QtyInPackage>
      <ItemPrice>159.00</ItemPrice>
      <UnitOfMeasurePrice>530.00</UnitOfMeasurePrice>
      <AllowDiscount>1</AllowDiscount>
      <ItemStatus>1</ItemStatus>
    </Item>
    <Item>
      <PriceUpdateDate>2025-07-08 11:53</PriceUpdateDate>
      <ItemCode>7290117499177</ItemCode>
      <ItemType>1</ItemType>
      <ItemName>איידיליק מסקרה עם מברשת</ItemName>
      <ManufacturerName>INTERCOS</ManufacturerName>
      <ManufactureCountry>IT</ManufactureCountry>
      <ManufacturerItemDescription>איידיליק מסקרה עם מברשת</ManufacturerItemDescription>
      <UnitQty>יחידה</UnitQty>
      <Quantity>1.00</Quantity>
      <bIsWeighted>0</bIsWeighted>
      <UnitOfMeasure>יחידה</UnitOfMeasure>
      <QtyInPackage>1</QtyInPackage>
      <ItemPrice>119.00</ItemPrice>
      <UnitOfMeasurePrice>119.00</UnitOfMeasurePrice>
      <AllowDiscount>1</AllowDiscount>
      <ItemStatus>1</ItemStatus>
    </Item>
    <Item>
      <PriceUpdateDate>2025-09-26 05:37</PriceUpdateDate>
      <ItemCode>7290117499948</ItemCode>
      <ItemType>1</ItemType>
      <ItemName>תיק נובמבר 2025 יחידה</ItemName>
      <ManufacturerName>דניה קוסמטיקס</ManufacturerName>
      <ManufactureCountry>IL</ManufactureCountry>
      <ManufacturerItemDescription>תיק נובמבר 2025 יחידה</ManufacturerItemDescription>
      <UnitQty>יחידה</UnitQty>
      <Quantity>1.00</Quantity>
      <bIsWeighted>0</bIsWeighted>
      <UnitOfMeasure>יחידה</UnitOfMeasure>
      <QtyInPackage>1</QtyInPackage>
      <ItemPrice>49.90</ItemPrice>
      <UnitOfMeasurePrice>49.90</UnitOfMeasurePrice>
      <AllowDiscount>1</AllowDiscount>
      <ItemStatus>1</ItemStatus>
    </Item>
    <Item>
      <PriceUpdateDate>2025-12-01 20:20</PriceUpdateDate>
      <ItemCode>7290117860298</ItemCode>
      <ItemType>1</ItemType>
      <ItemName>שמפו הוואי קרטין מחזק650</ItemName>
      <ManufacturerName>טרופיקל דגיל</ManufacturerName>
      <ManufactureCountry>IL</ManufactureCountry>
      <ManufacturerItemDescription>שמפו הוואי קרטין מחזק650</ManufacturerItemDescription>
      <UnitQty>מיליליטרים</UnitQty>
      <Quantity>650.00</Quantity>
      <bIsWeighted>0</bIsWeighted>
      <UnitOfMeasure>100 מ"ל</UnitOfMeasure>
      <QtyInPackage>1</QtyInPackage>
      <ItemPrice>10.00</ItemPrice>
      <UnitOfMeasurePrice>1.54</UnitOfMeasurePrice>
      <AllowDiscount>1</AllowDiscount>
      <ItemStatus>1</ItemStatus>
    </Item>
    <Item>
      <PriceUpdateDate>2025-12-01 20:20</PriceUpdateDate>
      <ItemCode>7290117860342</ItemCode>
      <ItemType>1</ItemType>
      <ItemName>מרכך הוואי קרטין מחזק650</ItemName>
      <ManufacturerName>טרופיקל דגיל</ManufacturerName>
      <ManufactureCountry>IL</ManufactureCountry>
      <ManufacturerItemDescription>מרכך הוואי קרטין מחזק650</ManufacturerItemDescription>
      <UnitQty>מיליליטרים</UnitQty>
      <Quantity>650.00</Quantity>
      <bIsWeighted>0</bIsWeighted>
      <UnitOfMeasure>100 מ"ל</UnitOfMeasure>
      <QtyInPackage>1</QtyInPackage>
      <ItemPrice>10.00</ItemPrice>
      <UnitOfMeasurePrice>1.54</UnitOfMeasurePrice>
      <AllowDiscount>1</AllowDiscount>
      <ItemStatus>1</ItemStatus>
    </Item>
    <Item>
      <PriceUpdateDate>2025-12-01 20:20</PriceUpdateDate>
      <ItemCode>7290117860892</ItemCode>
      <ItemType>1</ItemType>
      <ItemName>ת.רחצ.יוגורט וניל דבש650</ItemName>
      <ManufacturerName>טרופיקל דגיל</ManufacturerName>
      <ManufactureCountry>IL</ManufactureCountry>
      <ManufacturerItemDescription>ת.רחצ.יוגורט וניל דבש650</ManufacturerItemDescription>
      <UnitQty>מיליליטרים</UnitQty>
      <Quantity>650.00</Quantity>
      <bIsWeighted>0</bIsWeighted>
      <UnitOfMeasure>100 מ"ל</UnitOfMeasure>
      <QtyInPackage>1</QtyInPackage>
      <ItemPrice>10.00</ItemPrice>
      <UnitOfMeasurePrice>1.54</UnitOfMeasurePrice>
      <AllowDiscount>1</AllowDiscount>
      <ItemStatus>1</ItemStatus>
    </Item>
    <Item>
      <PriceUpdateDate>2025-12-01 20:20</PriceUpdateDate>
      <ItemCode>7290117860946</ItemCode>
      <ItemType>1</ItemType>
      <ItemName>תח.רחצה יוגורט וקוקוס650</ItemName>
      <ManufacturerName>טרופיקל דגיל</ManufacturerName>
      <ManufactureCountry>IL</ManufactureCountry>
      <ManufacturerItemDescription>תח.רחצה יוגורט וקוקוס650</ManufacturerItemDescription>
      <UnitQty>מיליליטרים</UnitQty>
      <Quantity>650.00</Quantity>
      <bIsWeighted>0</bIsWeighted>
      <UnitOfMeasure>100 מ"ל</UnitOfMeasure>
      <QtyInPackage>1</QtyInPackage>
      <ItemPrice>10.00</ItemPrice>
      <UnitOfMeasurePrice>1.54</UnitOfMeasurePrice>
      <AllowDiscount>1</AllowDiscount>
      <ItemStatus>1</ItemStatus>
    </Item>
    <Item>
      <PriceUpdateDate>2025-12-01 20:20</PriceUpdateDate>
      <ItemCode>7290117860991</ItemCode>
      <ItemType>1</ItemType>
      <ItemName>תח.רחצה יוגורט שקדים700מ</ItemName>
      <ManufacturerName>טרופיקל דגיל</ManufacturerName>
      <ManufactureCountry>IL</ManufactureCountry>
      <ManufacturerItemDescription>תח.רחצה יוגורט שקדים700מ</ManufacturerItemDescription>
      <UnitQty>מיליליטרים</UnitQty>
      <Quantity>650.00</Quantity>
      <bIsWeighted>0</bIsWeighted>
      <UnitOfMeasure>100 מ"ל</UnitOfMeasure>
      <QtyInPackage>1</QtyInPackage>
      <ItemPrice>10.00</ItemPrice>
      <UnitOfMeasurePrice>1.54</UnitOfMeasurePrice>
      <AllowDiscount>1</AllowDiscount>
      <ItemStatus>1</ItemStatus>
    </Item>
    <Item>
      <PriceUpdateDate>2023-06-09 05:36</PriceUpdateDate>
      <ItemCode>7290118550099</ItemCode>
      <ItemType>1</ItemType>
      <ItemName>סרום ספריי קרטין 100 מ"ל</ItemName>
      <ManufacturerName>ארגניה יצור ושיווק</ManufacturerName>
      <ManufactureCountry>IL</ManufactureCountry>
      <ManufacturerItemDescription>סרום ספריי קרטין</ManufacturerItemDescription>
      <UnitQty>מיליליטרים</UnitQty>
      <Quantity>100.00</Quantity>
      <bIsWeighted>0</bIsWeighted>
      <UnitOfMeasure>100 מ"ל</UnitOfMeasure>
      <QtyInPackage>1</QtyInPackage>
      <ItemPrice>49.90</ItemPrice>
      <UnitOfMeasurePrice>49.90</UnitOfMeasurePrice>
      <AllowDiscount>1</AllowDiscount>
      <ItemStatus>1</ItemStatus>
    </Item>
    <Item>
      <PriceUpdateDate>2024-12-23 17:26</PriceUpdateDate>
      <ItemCode>7290119372768</ItemCode>
      <ItemType>1</ItemType>
      <ItemName>חטיף שוקולד מילקיBAR ג37</ItemName>
      <ManufacturerName>שטראוס גרופ בע"מ</ManufacturerName>
      <ManufactureCountry>IL</ManufactureCountry>
      <ManufacturerItemDescription>חטיף שוקולד מילקיBAR ג37</ManufacturerItemDescription>
      <UnitQty>גרמים</UnitQty>
      <Quantity>37.00</Quantity>
      <bIsWeighted>0</bIsWeighted>
      <UnitOfMeasure>100 גרם</UnitOfMeasure>
      <QtyInPackage>1</QtyInPackage>
      <ItemPrice>7.20</ItemPrice>
      <UnitOfMeasurePrice>19.46</UnitOfMeasurePrice>
      <AllowDiscount>1</AllowDiscount>
      <ItemStatus>1</ItemStatus>
    </Item>
    <Item>
      <PriceUpdateDate>2025-01-09 12:05</PriceUpdateDate>
      <ItemCode>7290119373048</ItemCode>
      <ItemType>1</ItemType>
      <ItemName>אצבע.ש.חלב מילוי קרמל108</ItemName>
      <ManufacturerName>שטראוס גרופ בע"מ</ManufacturerName>
      <ManufactureCountry>IL</ManufactureCountry>
      <ManufacturerItemDescription>אצבע.ש.חלב מילוי קרמל108</ManufacturerItemDescription>
      <UnitQty>גרמים</UnitQty>
      <Quantity>108.00</Quantity>
      <bIsWeighted>0</bIsWeighted>
      <UnitOfMeasure>100 גרם</UnitOfMeasure>
      <QtyInPackage>1</QtyInPackage>
      <ItemPrice>13.90</ItemPrice>
      <UnitOfMeasurePrice>12.87</UnitOfMeasurePrice>
      <AllowDiscount>1</AllowDiscount>
      <ItemStatus>1</ItemStatus>
    </Item>
    <Item>
      <PriceUpdateDate>2025-04-11 12:45</PriceUpdateDate>
      <ItemCode>7290119380213</ItemCode>
      <ItemType>1</ItemType>
      <ItemName>קפסולות רומא 08 50 גרם</ItemName>
      <ManufacturerName>שטראוס קפה בי.וי.</ManufacturerName>
      <ManufactureCountry>IL</ManufactureCountry>
      <ManufacturerItemDescription>קפסולות רומא 08 50 גרם</ManufacturerItemDescription>
      <UnitQty>גרמים</UnitQty>
      <Quantity>50.00</Quantity>
      <bIsWeighted>0</bIsWeighted>
      <UnitOfMeasure>100 גרם</UnitOfMeasure>
      <QtyInPackage>1</QtyInPackage>
      <ItemPrice>21.90</ItemPrice>
      <UnitOfMeasurePrice>43.80</UnitOfMeasurePrice>
      <AllowDiscount>1</AllowDiscount>
      <ItemStatus>1</ItemStatus>
    </Item>
    <Item>
      <PriceUpdateDate>2024-12-23 17:21</PriceUpdateDate>
      <ItemCode>7290120661356</ItemCode>
      <ItemType>1</ItemType>
      <ItemName>קיט אנטיגן קורונה+שפעת5י</ItemName>
      <ManufacturerName>שמחה זה אנחנו</ManufacturerName>
      <ManufactureCountry>IL</ManufactureCountry>
      <ManufacturerItemDescription>קיט אנטיגן קורונה+שפעת5י</ManufacturerItemDescription>
      <UnitQty>יחידה</UnitQty>
      <Quantity>1.00</Quantity>
      <bIsWeighted>0</bIsWeighted>
      <UnitOfMeasure>יחידה</UnitOfMeasure>
      <QtyInPackage>1</QtyInPackage>
      <ItemPrice>61.90</ItemPrice>
      <UnitOfMeasurePrice>61.90</UnitOfMeasurePrice>
      <AllowDiscount>1</AllowDiscount>
      <ItemStatus>1</ItemStatus>
    </Item>
    <Item>
      <PriceUpdateDate>2025-09-02 13:28</PriceUpdateDate>
      <ItemCode>7290120741058</ItemCode>
      <ItemType>1</ItemType>
      <ItemName>מארז סלסלה ורודה</ItemName>
      <ManufacturerName>נטור קארינג</ManufacturerName>
      <ManufactureCountry>CN</ManufactureCountry>
      <ManufacturerItemDescription>מארז סלסלה ורודה</ManufacturerItemDescription>
      <UnitQty>יחידה</UnitQty>
      <Quantity>1.00</Quantity>
      <bIsWeighted>0</bIsWeighted>
      <UnitOfMeasure>יחידה</UnitOfMeasure>
      <QtyInPackage>0</QtyInPackage>
      <ItemPrice>69.90</ItemPrice>
      <UnitOfMeasurePrice>69.90</UnitOfMeasurePrice>
      <AllowDiscount>1</AllowDiscount>
      <ItemStatus>1</ItemStatus>
    </Item>
    <Item>
      <PriceUpdateDate>2025-12-01 20:20</PriceUpdateDate>
      <ItemCode>7290121162173</ItemCode>
      <ItemType>1</ItemType>
      <ItemName>מרידול לחניכיים75*2מל</ItemName>
      <ManufacturerName>קולגייט-פלמוליב</ManufacturerName>
      <ManufactureCountry>PL</ManufactureCountry>
      <ManufacturerItemDescription>מרידול לחניכיים2*75מל</ManufacturerItemDescription>
      <UnitQty>מיליליטרים</UnitQty>
      <Quantity>150.00</Quantity>
      <bIsWeighted>0</bIsWeighted>
      <UnitOfMeasure>100 מ"ל</UnitOfMeasure>
      <QtyInPackage>1</QtyInPackage>
      <ItemPrice>29.90</ItemPrice>
      <UnitOfMeasurePrice>19.93</UnitOfMeasurePrice>
      <AllowDiscount>1</AllowDiscount>
      <ItemStatus>1</ItemStatus>
    </Item>
    <Item>
      <PriceUpdateDate>2025-12-21 15:30</PriceUpdateDate>
      <ItemCode>7290121162388</ItemCode>
      <ItemType>1</ItemType>
      <ItemName>מגבונים להסרת איפור25*3</ItemName>
      <ManufacturerName>ספטונה</ManufacturerName>
      <ManufactureCountry>BG</ManufactureCountry>
      <ManufacturerItemDescription>מגבונים להסרת איפור3*25</ManufacturerItemDescription>
      <UnitQty>יחידה</UnitQty>
      <Quantity>1.00</Quantity>
      <bIsWeighted>0</bIsWeighted>
      <UnitOfMeasure>יחידה</UnitOfMeasure>
      <QtyInPackage>1</QtyInPackage>
      <ItemPrice>16.90</ItemPrice>
      <UnitOfMeasurePrice>16.90</UnitOfMeasurePrice>
      <AllowDiscount>1</AllowDiscount>
      <ItemStatus>1</ItemStatus>
    </Item>
    <Item>
      <PriceUpdateDate>2025-12-21 15:30</PriceUpdateDate>
      <ItemCode>7290121162401</ItemCode>
      <ItemType>1</ItemType>
      <ItemName>מגבונים להסרת איפור 25*3</ItemName>
      <ManufacturerName>ספטונה</ManufacturerName>
      <ManufactureCountry>BG</ManufactureCountry>
      <ManufacturerItemDescription>מגבונים להסרת איפור 3*25</ManufacturerItemDescription>
      <UnitQty>יחידה</UnitQty>
      <Quantity>1.00</Quantity>
      <bIsWeighted>0</bIsWeighted>
      <UnitOfMeasure>יחידה</UnitOfMeasure>
      <QtyInPackage>1</QtyInPackage>
      <ItemPrice>16.90</ItemPrice>
      <UnitOfMeasurePrice>16.90</UnitOfMeasurePrice>
      <AllowDiscount>1</AllowDiscount>
      <ItemStatus>1</ItemStatus>
    </Item>
    <Item>
      <PriceUpdateDate>2025-11-07 05:39</PriceUpdateDate>
      <ItemCode>7290121470162</ItemCode>
      <ItemType>1</ItemType>
      <ItemName>תיק דצמבר 2025</ItemName>
      <ManufacturerName>גייד</ManufacturerName>
      <ManufactureCountry>IL</ManufactureCountry>
      <ManufacturerItemDescription>תיק דצמבר 2025</ManufacturerItemDescription>
      <UnitQty>יחידה</UnitQty>
      <Quantity>1.00</Quantity>
      <bIsWeighted>0</bIsWeighted>
      <UnitOfMeasure>יחידה</UnitOfMeasure>
      <QtyInPackage>1</QtyInPackage>
      <ItemPrice>49.90</ItemPrice>
      <UnitOfMeasurePrice>49.90</UnitOfMeasurePrice>
      <AllowDiscount>1</AllowDiscount>
      <ItemStatus>1</ItemStatus>
    </Item>
    <Item>
      <PriceUpdateDate>2025-07-11 05:44</PriceUpdateDate>
      <ItemCode>7290121571067</ItemCode>
      <ItemType>1</ItemType>
      <ItemName>אינסנס מס' 702 100מ"ל</ItemName>
      <ManufacturerName>PARFUM INCENSE</ManufacturerName>
      <ManufactureCountry>IL</ManufactureCountry>
      <ManufacturerItemDescription>אינסנס מס 702 100מ"ל</ManufacturerItemDescription>
      <UnitQty>מיליליטרים</UnitQty>
      <Quantity>100.00</Quantity>
      <bIsWeighted>0</bIsWeighted>
      <UnitOfMeasure>100 מ"ל</UnitOfMeasure>
      <QtyInPackage>1</QtyInPackage>
      <ItemPrice>407.00</ItemPrice>
      <UnitOfMeasurePrice>407.00</UnitOfMeasurePrice>
      <AllowDiscount>1</AllowDiscount>
      <ItemStatus>1</ItemStatus>
    </Item>
    <Item>
      <PriceUpdateDate>2023-11-16 11:22</PriceUpdateDate>
      <ItemCode>72917329</ItemCode>
      <ItemType>1</ItemType>
      <ItemName>חטיף שוקולד אגוזי 45 גרם</ItemName>
      <ManufacturerName>שטראוס גרופ בע"מ</ManufacturerName>
      <ManufactureCountry>IL</ManufactureCountry>
      <ManufacturerItemDescription>חטיף שוקולד אגוזי 45 גרם</ManufacturerItemDescription>
      <UnitQty>גרמים</UnitQty>
      <Quantity>45.00</Quantity>
      <bIsWeighted>0</bIsWeighted>
      <UnitOfMeasure>100 גרם</UnitOfMeasure>
      <QtyInPackage>0</QtyInPackage>
      <ItemPrice>5.90</ItemPrice>
      <UnitOfMeasurePrice>13.11</UnitOfMeasurePrice>
      <AllowDiscount>1</AllowDiscount>
      <ItemStatus>1</ItemStatus>
    </Item>
    <Item>
      <PriceUpdateDate>2023-11-16 11:22</PriceUpdateDate>
      <ItemCode>72917367</ItemCode>
      <ItemType>1</ItemType>
      <ItemName>חטיף טעמי 40ג עלית</ItemName>
      <ManufacturerName>שטראוס גרופ בע"מ</ManufacturerName>
      <ManufactureCountry>IL</ManufactureCountry>
      <ManufacturerItemDescription>חטיף טעמי 40ג עלית</ManufacturerItemDescription>
      <UnitQty>גרמים</UnitQty>
      <Quantity>40.00</Quantity>
      <bIsWeighted>0</bIsWeighted>
      <UnitOfMeasure>100 גרם</UnitOfMeasure>
      <QtyInPackage>0</QtyInPackage>
      <ItemPrice>5.90</ItemPrice>
      <UnitOfMeasurePrice>14.75</UnitOfMeasurePrice>
      <AllowDiscount>1</AllowDiscount>
      <ItemStatus>1</ItemStatus>
    </Item>
    <Item>
      <PriceUpdateDate>2025-11-27 21:30</PriceUpdateDate>
      <ItemCode>7296073277255</ItemCode>
      <ItemType>1</ItemType>
      <ItemName>מארז מגבונים לחים 6*72י</ItemName>
      <ManufacturerName>דינמיק תעשיות מגבונים</ManufacturerName>
      <ManufactureCountry>IL</ManufactureCountry>
      <ManufacturerItemDescription>מארז מגבונים לחים 6*72י</ManufacturerItemDescription>
      <UnitQty>יחידה</UnitQty>
      <Quantity>1.00</Quantity>
      <bIsWeighted>0</bIsWeighted>
      <UnitOfMeasure>יחידה</UnitOfMeasure>
      <QtyInPackage>1</QtyInPackage>
      <ItemPrice>17.90</ItemPrice>
      <UnitOfMeasurePrice>17.90</UnitOfMeasurePrice>
      <AllowDiscount>1</AllowDiscount>
      <ItemStatus>1</ItemStatus>
    </Item>
    <Item>
      <PriceUpdateDate>2018-10-26 05:42</PriceUpdateDate>
      <ItemCode>7296073330691</ItemCode>
      <ItemType>1</ItemType>
      <ItemName>ספוגיות משולשות מתנפחות</ItemName>
      <ManufacturerName>BE NOW</ManufacturerName>
      <ManufactureCountry>CN</ManufactureCountry>
      <ManufacturerItemDescription>ספוגית מתנפחת מ.</ManufacturerItemDescription>
      <UnitQty>יחידה</UnitQty>
      <Quantity>1.00</Quantity>
      <bIsWeighted>0</bIsWeighted>
      <UnitOfMeasure>יחידה</UnitOfMeasure>
      <QtyInPackage>0</QtyInPackage>
      <ItemPrice>17.90</ItemPrice>
      <UnitOfMeasurePrice>17.90</UnitOfMeasurePrice>
      <AllowDiscount>1</AllowDiscount>
      <ItemStatus>1</ItemStatus>
    </Item>
    <Item>
      <PriceUpdateDate>2019-06-26 15:32</PriceUpdateDate>
      <ItemCode>7296073330707</ItemCode>
      <ItemType>1</ItemType>
      <ItemName>מארז 12 ספוגיות משולשות</ItemName>
      <ManufacturerName>BE NOW</ManufacturerName>
      <ManufactureCountry>CN</ManufactureCountry>
      <ManufacturerItemDescription>12 ספוגיות משולש</ManufacturerItemDescription>
      <UnitQty>יחידה</UnitQty>
      <Quantity>1.00</Quantity>
      <bIsWeighted>0</bIsWeighted>
      <UnitOfMeasure>יחידה</UnitOfMeasure>
      <QtyInPackage>0</QtyInPackage>
      <ItemPrice>19.90</ItemPrice>
      <UnitOfMeasurePrice>19.90</UnitOfMeasurePrice>
      <AllowDiscount>1</AllowDiscount>
      <ItemStatus>1</ItemStatus>
    </Item>
    <Item>
      <PriceUpdateDate>2018-10-26 05:42</PriceUpdateDate>
      <ItemCode>7296073330745</ItemCode>
      <ItemType>1</ItemType>
      <ItemName>מפדרי משי שחורים לפודרה</ItemName>
      <ManufacturerName>BE NOW</ManufacturerName>
      <ManufactureCountry>CN</ManufactureCountry>
      <ManufacturerItemDescription>2 מפדרי משי שחור</ManufacturerItemDescription>
      <UnitQty>יחידה</UnitQty>
      <Quantity>1.00</Quantity>
      <bIsWeighted>0</bIsWeighted>
      <UnitOfMeasure>יחידה</UnitOfMeasure>
      <QtyInPackage>0</QtyInPackage>
      <ItemPrice>9.90</ItemPrice>
      <UnitOfMeasurePrice>9.90</UnitOfMeasurePrice>
      <AllowDiscount>1</AllowDiscount>
      <ItemStatus>1</ItemStatus>
    </Item>
    <Item>
      <PriceUpdateDate>2018-12-06 10:41</PriceUpdateDate>
      <ItemCode>7296073332190</ItemCode>
      <ItemType>1</ItemType>
      <ItemName>גומיות דקות לצמות 100 יח</ItemName>
      <ManufacturerName>BE NOW</ManufacturerName>
      <ManufactureCountry>CN</ManufactureCountry>
      <ManufacturerItemDescription>100 גומיות דקות</ManufacturerItemDescription>
      <UnitQty>יחידה</UnitQty>
      <Quantity>1.00</Quantity>
      <bIsWeighted>0</bIsWeighted>
      <UnitOfMeasure>יחידה</UnitOfMeasure>
      <QtyInPackage>0</QtyInPackage>
      <ItemPrice>9.90</ItemPrice>
      <UnitOfMeasurePrice>9.90</UnitOfMeasurePrice>
      <AllowDiscount>1</AllowDiscount>
      <ItemStatus>1</ItemStatus>
    </Item>
    <Item>
      <PriceUpdateDate>2018-10-26 05:42</PriceUpdateDate>
      <ItemCode>7296073332640</ItemCode>
      <ItemType>1</ItemType>
      <ItemName>קליפס M שחור בצורת רשת</ItemName>
      <ManufacturerName>BE NOW</ManufacturerName>
      <ManufactureCountry>CN</ManufactureCountry>
      <ManufacturerItemDescription>קליפס M שחור רשת</ManufacturerItemDescription>
      <UnitQty>יחידה</UnitQty>
      <Quantity>1.00</Quantity>
      <bIsWeighted>0</bIsWeighted>
      <UnitOfMeasure>יחידה</UnitOfMeasure>
      <QtyInPackage>0</QtyInPackage>
      <ItemPrice>10.90</ItemPrice>
      <UnitOfMeasurePrice>10.90</UnitOfMeasurePrice>
      <AllowDiscount>1</AllowDiscount>
      <ItemStatus>1</ItemStatus>
    </Item>
    <Item>
      <PriceUpdateDate>2018-12-06 10:41</PriceUpdateDate>
      <ItemCode>7296073332787</ItemCode>
      <ItemType>1</ItemType>
      <ItemName>קשת עם כתר</ItemName>
      <ManufacturerName>BE NOW</ManufacturerName>
      <ManufactureCountry>CN</ManufactureCountry>
      <ManufacturerItemDescription>קשת עם כתר</ManufacturerItemDescription>
      <UnitQty>יחידה</UnitQty>
      <Quantity>1.00</Quantity>
      <bIsWeighted>0</bIsWeighted>
      <UnitOfMeasure>יחידה</UnitOfMeasure>
      <QtyInPackage>0</QtyInPackage>
      <ItemPrice>14.90</ItemPrice>
      <UnitOfMeasurePrice>14.90</UnitOfMeasurePrice>
      <AllowDiscount>1</AllowDiscount>
      <ItemStatus>1</ItemStatus>
    </Item>
    <Item>
      <PriceUpdateDate>2024-12-23 17:26</PriceUpdateDate>
      <ItemCode>7296073333654</ItemCode>
      <ItemType>1</ItemType>
      <ItemName>מברשת שיער מטקה סגולה L</ItemName>
      <ManufacturerName>BE NOW</ManufacturerName>
      <ManufactureCountry>CN</ManufactureCountry>
      <ManufacturerItemDescription>מברשת שיער מטקה סגולה L</ManufacturerItemDescription>
      <UnitQty>יחידה</UnitQty>
      <Quantity>1.00</Quantity>
      <bIsWeighted>0</bIsWeighted>
      <UnitOfMeasure>יחידה</UnitOfMeasure>
      <QtyInPackage>0</QtyInPackage>
      <ItemPrice>24.90</ItemPrice>
      <UnitOfMeasurePrice>24.90</UnitOfMeasurePrice>
      <AllowDiscount>1</AllowDiscount>
      <ItemStatus>1</ItemStatus>
    </Item>
    <Item>
      <PriceUpdateDate>2024-12-23 17:26</PriceUpdateDate>
      <ItemCode>7296073333661</ItemCode>
      <ItemType>1</ItemType>
      <ItemName>מברשת שיער אובל סגולה L</ItemName>
      <ManufacturerName>BE NOW</ManufacturerName>
      <ManufactureCountry>CN</ManufactureCountry>
      <ManufacturerItemDescription>מברשת שיער אובל סגולה L</ManufacturerItemDescription>
      <UnitQty>יחידה</UnitQty>
      <Quantity>1.00</Quantity>
      <bIsWeighted>0</bIsWeighted>
      <UnitOfMeasure>יחידה</UnitOfMeasure>
      <QtyInPackage>0</QtyInPackage>
      <ItemPrice>24.90</ItemPrice>
      <UnitOfMeasurePrice>24.90</UnitOfMeasurePrice>
      <AllowDiscount>1</AllowDiscount>
      <ItemStatus>1</ItemStatus>
    </Item>
    <Item>
      <PriceUpdateDate>2025-01-01 10:06</PriceUpdateDate>
      <ItemCode>7296073343295</ItemCode>
      <ItemType>1</ItemType>
      <ItemName>קסמי אזניים פלסטיק 300 י</ItemName>
      <ManufacturerName>BE NOW</ManufacturerName>
      <ManufactureCountry>IL</ManufactureCountry>
      <ManufacturerItemDescription>קסמי אזניים פלסט</ManufacturerItemDescription>
      <UnitQty>יחידה</UnitQty>
      <Quantity>1.00</Quantity>
      <bIsWeighted>0</bIsWeighted>
      <UnitOfMeasure>יחידה</UnitOfMeasure>
      <QtyInPackage>1</QtyInPackage>
      <ItemPrice>11.20</ItemPrice>
      <UnitOfMeasurePrice>11.20</UnitOfMeasurePrice>
      <AllowDiscount>1</AllowDiscount>
      <ItemStatus>1</ItemStatus>
    </Item>
    <Item>
      <PriceUpdateDate>2025-01-01 10:06</PriceUpdateDate>
      <ItemCode>7296073343301</ItemCode>
      <ItemType>1</ItemType>
      <ItemName>קסמי אזניים פלסטיק 200 י</ItemName>
      <ManufacturerName>BE NOW</ManufacturerName>
      <ManufactureCountry>IL</ManufactureCountry>
      <ManufacturerItemDescription>קסמי אזניים פלסט</ManufacturerItemDescription>
      <UnitQty>יחידה</UnitQty>
      <Quantity>1.00</Quantity>
      <bIsWeighted>0</bIsWeighted>
      <UnitOfMeasure>יחידה</UnitOfMeasure>
      <QtyInPackage>1</QtyInPackage>
      <ItemPrice>8.20</ItemPrice>
      <UnitOfMeasurePrice>8.20</UnitOfMeasurePrice>
      <AllowDiscount>1</AllowDiscount>
      <ItemStatus>1</ItemStatus>
    </Item>
    <Item>
      <PriceUpdateDate>2024-12-23 17:26</PriceUpdateDate>
      <ItemCode>7296073344018</ItemCode>
      <ItemType>1</ItemType>
      <ItemName>מסיר צבע יחידה</ItemName>
      <ManufacturerName>ש. שוורץ )באר שבע( בע"\מ</ManufacturerName>
      <ManufactureCountry>IL</ManufactureCountry>
      <ManufacturerItemDescription>מסיר צבע</ManufacturerItemDescription>
      <UnitQty>יחידה</UnitQty>
      <Quantity>1.00</Quantity>
      <bIsWeighted>0</bIsWeighted>
      <UnitOfMeasure>יחידה</UnitOfMeasure>
      <QtyInPackage>1</QtyInPackage>
      <ItemPrice>14.20</ItemPrice>
      <UnitOfMeasurePrice>14.20</UnitOfMeasurePrice>
      <AllowDiscount>1</AllowDiscount>
      <ItemStatus>1</ItemStatus>
    </Item>
    <Item>
      <PriceUpdateDate>2024-12-23 17:26</PriceUpdateDate>
      <ItemCode>7296073345428</ItemCode>
      <ItemType>1</ItemType>
      <ItemName>מברשת שיניים חשמלית כחול</ItemName>
      <ManufacturerName>כללי</ManufacturerName>
      <ManufactureCountry>CN</ManufactureCountry>
      <ManufacturerItemDescription>מברשת שיניים חשמלית כחול</ManufacturerItemDescription>
      <UnitQty>יחידה</UnitQty>
      <Quantity>1.00</Quantity>
      <bIsWeighted>0</bIsWeighted>
      <UnitOfMeasure>יחידה</UnitOfMeasure>
      <QtyInPackage>1</QtyInPackage>
      <ItemPrice>42.90</ItemPrice>
      <UnitOfMeasurePrice>42.90</UnitOfMeasurePrice>
      <AllowDiscount>1</AllowDiscount>
      <ItemStatus>1</ItemStatus>
    </Item>
    <Item>
      <PriceUpdateDate>2024-12-23 17:26</PriceUpdateDate>
      <ItemCode>7296073348092</ItemCode>
      <ItemType>1</ItemType>
      <ItemName>מברשת שיניים חשמלית ורוד</ItemName>
      <ManufacturerName>כללי</ManufacturerName>
      <ManufactureCountry>CN</ManufactureCountry>
      <ManufacturerItemDescription>מברשת שיניים חשמלית ורוד</ManufacturerItemDescription>
      <UnitQty>יחידה</UnitQty>
      <Quantity>1.00</Quantity>
      <bIsWeighted>0</bIsWeighted>
      <UnitOfMeasure>יחידה</UnitOfMeasure>
      <QtyInPackage>1</QtyInPackage>
      <ItemPrice>42.90</ItemPrice>
      <UnitOfMeasurePrice>42.90</UnitOfMeasurePrice>
      <AllowDiscount>1</AllowDiscount>
      <ItemStatus>1</ItemStatus>
    </Item>
    <Item>
      <PriceUpdateDate>2025-06-25 13:06</PriceUpdateDate>
      <ItemCode>7296073363200</ItemCode>
      <ItemType>1</ItemType>
      <ItemName>מסכה לשיער מוחלק 500 פרל</ItemName>
      <ManufacturerName>א.משי תעשיות</ManufacturerName>
      <ManufactureCountry>IL</ManufactureCountry>
      <ManufacturerItemDescription>מסכה לשיער מוחלק 500 פרל</ManufacturerItemDescription>
      <UnitQty>מיליליטרים</UnitQty>
      <Quantity>500.00</Quantity>
      <bIsWeighted>0</bIsWeighted>
      <UnitOfMeasure>100 מ"ל</UnitOfMeasure>
      <QtyInPackage>1</QtyInPackage>
      <ItemPrice>30.90</ItemPrice>
      <UnitOfMeasurePrice>6.18</UnitOfMeasurePrice>
      <AllowDiscount>1</AllowDiscount>
      <ItemStatus>1</ItemStatus>
    </Item>
    <Item>
      <PriceUpdateDate>2024-12-23 17:18</PriceUpdateDate>
      <ItemCode>7296073363217</ItemCode>
      <ItemType>1</ItemType>
      <ItemName>שמפו לשיער מוחלק500מ פרל</ItemName>
      <ManufacturerName>א.משי תעשיות</ManufacturerName>
      <ManufactureCountry>IL</ManufactureCountry>
      <ManufacturerItemDescription>שמפו לשיער מוחלק500מ פרל</ManufacturerItemDescription>
      <UnitQty>מיליליטרים</UnitQty>
      <Quantity>500.00</Quantity>
      <bIsWeighted>0</bIsWeighted>
      <UnitOfMeasure>100 מ"ל</UnitOfMeasure>
      <QtyInPackage>1</QtyInPackage>
      <ItemPrice>24.90</ItemPrice>
      <UnitOfMeasurePrice>4.98</UnitOfMeasurePrice>
      <AllowDiscount>1</AllowDiscount>
      <ItemStatus>1</ItemStatus>
    </Item>
    <Item>
      <PriceUpdateDate>2024-12-23 17:18</PriceUpdateDate>
      <ItemCode>7296073363224</ItemCode>
      <ItemType>1</ItemType>
      <ItemName>שמפו לשיער יבש 500מ פרל</ItemName>
      <ManufacturerName>א.משי תעשיות</ManufacturerName>
      <ManufactureCountry>IL</ManufactureCountry>
      <ManufacturerItemDescription>שמפו לשיער יבש 500מ פרל</ManufacturerItemDescription>
      <UnitQty>מיליליטרים</UnitQty>
      <Quantity>500.00</Quantity>
      <bIsWeighted>0</bIsWeighted>
      <UnitOfMeasure>100 מ"ל</UnitOfMeasure>
      <QtyInPackage>1</QtyInPackage>
      <ItemPrice>24.90</ItemPrice>
      <UnitOfMeasurePrice>4.98</UnitOfMeasurePrice>
      <AllowDiscount>1</AllowDiscount>
      <ItemStatus>1</ItemStatus>
    </Item>
    <Item>
      <PriceUpdateDate>2024-12-23 17:18</PriceUpdateDate>
      <ItemCode>7296073363262</ItemCode>
      <ItemType>1</ItemType>
      <ItemName>מרכך לשיער מוחלק 500 מ"ל</ItemName>
      <ManufacturerName>א.משי תעשיות</ManufacturerName>
      <ManufactureCountry>IL</ManufactureCountry>
      <ManufacturerItemDescription>מרכך לשיער מוחלק 500 מ"ל</ManufacturerItemDescription>
      <UnitQty>מיליליטרים</UnitQty>
      <Quantity>500.00</Quantity>
      <bIsWeighted>0</bIsWeighted>
      <UnitOfMeasure>100 מ"ל</UnitOfMeasure>
      <QtyInPackage>1</QtyInPackage>
      <ItemPrice>24.90</ItemPrice>
      <UnitOfMeasurePrice>4.98</UnitOfMeasurePrice>
      <AllowDiscount>1</AllowDiscount>
      <ItemStatus>1</ItemStatus>
    </Item>
    <Item>
      <PriceUpdateDate>2024-12-23 17:26</PriceUpdateDate>
      <ItemCode>7296073363316</ItemCode>
      <ItemType>1</ItemType>
      <ItemName>פרל קרם לשיער מתולתל400</ItemName>
      <ManufacturerName>א.משי תעשיות</ManufacturerName>
      <ManufactureCountry>IL</ManufactureCountry>
      <ManufacturerItemDescription>פרל קרם לשיער מתולתל400</ManufacturerItemDescription>
      <UnitQty>מיליליטרים</UnitQty>
      <Quantity>400.00</Quantity>
      <bIsWeighted>0</bIsWeighted>
      <UnitOfMeasure>100 מ"ל</UnitOfMeasure>
      <QtyInPackage>1</QtyInPackage>
      <ItemPrice>25.60</ItemPrice>
      <UnitOfMeasurePrice>6.40</UnitOfMeasurePrice>
      <AllowDiscount>1</AllowDiscount>
      <ItemStatus>1</ItemStatus>
    </Item>
    <Item>
      <PriceUpdateDate>2025-01-01 10:06</PriceUpdateDate>
      <ItemCode>7296073363934</ItemCode>
      <ItemType>1</ItemType>
      <ItemName>צימרוני אוזניים עץ 200</ItemName>
      <ManufacturerName>BE NOW</ManufacturerName>
      <ManufactureCountry>IL</ManufactureCountry>
      <ManufacturerItemDescription>צימרוני אוזניים</ManufacturerItemDescription>
      <UnitQty>יחידה</UnitQty>
      <Quantity>1.00</Quantity>
      <bIsWeighted>0</bIsWeighted>
      <UnitOfMeasure>יחידה</UnitOfMeasure>
      <QtyInPackage>1</QtyInPackage>
      <ItemPrice>5.10</ItemPrice>
      <UnitOfMeasurePrice>5.10</UnitOfMeasurePrice>
      <AllowDiscount>1</AllowDiscount>
      <ItemStatus>1</ItemStatus>
    </Item>
    <Item>
      <PriceUpdateDate>2024-12-23 17:26</PriceUpdateDate>
      <ItemCode>7296073375678</ItemCode>
      <ItemType>1</ItemType>
      <ItemName>בקבוק ספורט לגדולים</ItemName>
      <ManufacturerName>LUV.N`CARE</ManufacturerName>
      <ManufactureCountry>CN</ManufactureCountry>
      <ManufacturerItemDescription>בקבוק ספורט לגדולים</ManufacturerItemDescription>
      <UnitQty>יחידה</UnitQty>
      <Quantity>1.00</Quantity>
      <bIsWeighted>0</bIsWeighted>
      <UnitOfMeasure>יחידה</UnitOfMeasure>
      <QtyInPackage>1</QtyInPackage>
      <ItemPrice>30.90</ItemPrice>
      <UnitOfMeasurePrice>30.90</UnitOfMeasurePrice>
      <AllowDiscount>1</AllowDiscount>
      <ItemStatus>1</ItemStatus>
    </Item>
    <Item>
      <PriceUpdateDate>2024-12-23 17:26</PriceUpdateDate>
      <ItemCode>7296073376262</ItemCode>
      <ItemType>1</ItemType>
      <ItemName>סט 3 נשכנים</ItemName>
      <ManufacturerName>LUV.N`CARE</ManufacturerName>
      <ManufactureCountry>CN</ManufactureCountry>
      <ManufacturerItemDescription>סט 3 נשכנים</ManufacturerItemDescription>
      <UnitQty>יחידה</UnitQty>
      <Quantity>1.00</Quantity>
      <bIsWeighted>0</bIsWeighted>
      <UnitOfMeasure>יחידה</UnitOfMeasure>
      <QtyInPackage>1</QtyInPackage>
      <ItemPrice>35.90</ItemPrice>
      <UnitOfMeasurePrice>35.90</UnitOfMeasurePrice>
      <AllowDiscount>1</AllowDiscount>
      <ItemStatus>1</ItemStatus>
    </Item>
    <Item>
      <PriceUpdateDate>2024-12-23 17:26</PriceUpdateDate>
      <ItemCode>7296073451068</ItemCode>
      <ItemType>1</ItemType>
      <ItemName>חיתולי טטרא במבוק 2 יח'</ItemName>
      <ManufacturerName>SUN</ManufacturerName>
      <ManufactureCountry>CN</ManufactureCountry>
      <ManufacturerItemDescription>זוג טטרא במבוק</ManufacturerItemDescription>
      <UnitQty>יחידה</UnitQty>
      <Quantity>1.00</Quantity>
      <bIsWeighted>0</bIsWeighted>
      <UnitOfMeasure>יחידה</UnitOfMeasure>
      <QtyInPackage>1</QtyInPackage>
      <ItemPrice>35.90</ItemPrice>
      <UnitOfMeasurePrice>35.90</UnitOfMeasurePrice>
      <AllowDiscount>1</AllowDiscount>
      <ItemStatus>1</ItemStatus>
    </Item>
    <Item>
      <PriceUpdateDate>2025-11-23 16:30</PriceUpdateDate>
      <ItemCode>7296073451280</ItemCode>
      <ItemType>1</ItemType>
      <ItemName>דאו.ספרייאנטי פרספפו150מ</ItemName>
      <ManufacturerName>סאסא קוסמטיקס</ManufacturerName>
      <ManufactureCountry>IL</ManufactureCountry>
      <ManufacturerItemDescription>דאו.ספרייאנטי פרספפו150מ</ManufacturerItemDescription>
      <UnitQty>מיליליטרים</UnitQty>
      <Quantity>150.00</Quantity>
      <bIsWeighted>0</bIsWeighted>
      <UnitOfMeasure>100 מ"ל</UnitOfMeasure>
      <QtyInPackage>1</QtyInPackage>
      <ItemPrice>8.90</ItemPrice>
      <UnitOfMeasurePrice>5.93</UnitOfMeasurePrice>
      <AllowDiscount>1</AllowDiscount>
      <ItemStatus>1</ItemStatus>
    </Item>
    <Item>
      <PriceUpdateDate>2024-12-23 17:26</PriceUpdateDate>
      <ItemCode>7296073451310</ItemCode>
      <ItemType>1</ItemType>
      <ItemName>pure fresh דאו.רול 50מ"ל</ItemName>
      <ManufacturerName>סאסא קוסמטיקס</ManufacturerName>
      <ManufactureCountry>IL</ManufactureCountry>
      <ManufacturerItemDescription>pure fresh דאו.רול 50מ"ל</ManufacturerItemDescription>
      <UnitQty>מיליליטרים</UnitQty>
      <Quantity>50.00</Quantity>
      <bIsWeighted>0</bIsWeighted>
      <UnitOfMeasure>100 מ"ל</UnitOfMeasure>
      <QtyInPackage>1</QtyInPackage>
      <ItemPrice>12.20</ItemPrice>
      <UnitOfMeasurePrice>24.40</UnitOfMeasurePrice>
      <AllowDiscount>1</AllowDiscount>
      <ItemStatus>1</ItemStatus>
    </Item>
    <Item>
      <PriceUpdateDate>2025-01-01 10:05</PriceUpdateDate>
      <ItemCode>7296073496533</ItemCode>
      <ItemType>1</ItemType>
      <ItemName>קרם ידיים passion Deep 1</ItemName>
      <ManufacturerName>א.משי תעשיות</ManufacturerName>
      <ManufactureCountry>IL</ManufactureCountry>
      <ManufacturerItemDescription>קרם ידיים p Deep</ManufacturerItemDescription>
      <UnitQty>מיליליטרים</UnitQty>
      <Quantity>100.00</Quantity>
      <bIsWeighted>0</bIsWeighted>
      <UnitOfMeasure>100 מ"ל</UnitOfMeasure>
      <QtyInPackage>1</QtyInPackage>
      <ItemPrice>20.50</ItemPrice>
      <UnitOfMeasurePrice>20.50</UnitOfMeasurePrice>
      <AllowDiscount>1</AllowDiscount>
      <ItemStatus>1</ItemStatus>
    </Item>
    <Item>
      <PriceUpdateDate>2025-01-01 10:05</PriceUpdateDate>
      <ItemCode>7296073496540</ItemCode>
      <ItemType>1</ItemType>
      <ItemName>קרם ידיים passion Real 1</ItemName>
      <ManufacturerName>א.משי תעשיות</ManufacturerName>
      <ManufactureCountry>IL</ManufactureCountry>
      <ManufacturerItemDescription>קרם ידיים p Real</ManufacturerItemDescription>
      <UnitQty>מיליליטרים</UnitQty>
      <Quantity>100.00</Quantity>
      <bIsWeighted>0</bIsWeighted>
      <UnitOfMeasure>100 מ"ל</UnitOfMeasure>
      <QtyInPackage>1</QtyInPackage>
      <ItemPrice>20.50</ItemPrice>
      <UnitOfMeasurePrice>20.50</UnitOfMeasurePrice>
      <AllowDiscount>1</AllowDiscount>
      <ItemStatus>1</ItemStatus>
    </Item>
    <Item>
      <PriceUpdateDate>2025-01-01 10:05</PriceUpdateDate>
      <ItemCode>7296073496557</ItemCode>
      <ItemType>1</ItemType>
      <ItemName>קרם ידיים  passion Pure</ItemName>
      <ManufacturerName>א.משי תעשיות</ManufacturerName>
      <ManufactureCountry>IL</ManufactureCountry>
      <ManufacturerItemDescription>קרם ידיים  Pure</ManufacturerItemDescription>
      <UnitQty>מיליליטרים</UnitQty>
      <Quantity>100.00</Quantity>
      <bIsWeighted>0</bIsWeighted>
      <UnitOfMeasure>100 מ"ל</UnitOfMeasure>
      <QtyInPackage>1</QtyInPackage>
      <ItemPrice>20.50</ItemPrice>
      <UnitOfMeasurePrice>20.50</UnitOfMeasurePrice>
      <AllowDiscount>1</AllowDiscount>
      <ItemStatus>1</ItemStatus>
    </Item>
    <Item>
      <PriceUpdateDate>2024-12-23 17:18</PriceUpdateDate>
      <ItemCode>7296073526919</ItemCode>
      <ItemType>1</ItemType>
      <ItemName>פרל שמפו לשיער מוחלק500מ</ItemName>
      <ManufacturerName>א.משי תעשיות</ManufacturerName>
      <ManufactureCountry>IL</ManufactureCountry>
      <ManufacturerItemDescription>פרל שמפו לשיער מוחלק500מ</ManufacturerItemDescription>
      <UnitQty>מיליליטרים</UnitQty>
      <Quantity>500.00</Quantity>
      <bIsWeighted>0</bIsWeighted>
      <UnitOfMeasure>100 מ"ל</UnitOfMeasure>
      <QtyInPackage>1</QtyInPackage>
      <ItemPrice>24.90</ItemPrice>
      <UnitOfMeasurePrice>4.98</UnitOfMeasurePrice>
      <AllowDiscount>1</AllowDiscount>
      <ItemStatus>1</ItemStatus>
    </Item>
    <Item>
      <PriceUpdateDate>2024-12-23 17:18</PriceUpdateDate>
      <ItemCode>7296073526926</ItemCode>
      <ItemType>1</ItemType>
      <ItemName>שמפו משקם לשער יבש500פרל</ItemName>
      <ManufacturerName>א.משי תעשיות</ManufacturerName>
      <ManufactureCountry>IL</ManufactureCountry>
      <ManufacturerItemDescription>שמפו משקם לשער יבש500פרל</ManufacturerItemDescription>
      <UnitQty>מיליליטרים</UnitQty>
      <Quantity>500.00</Quantity>
      <bIsWeighted>0</bIsWeighted>
      <UnitOfMeasure>100 מ"ל</UnitOfMeasure>
      <QtyInPackage>1</QtyInPackage>
      <ItemPrice>24.90</ItemPrice>
      <UnitOfMeasurePrice>4.98</UnitOfMeasurePrice>
      <AllowDiscount>1</AllowDiscount>
      <ItemStatus>1</ItemStatus>
    </Item>
    <Item>
      <PriceUpdateDate>2025-06-25 13:06</PriceUpdateDate>
      <ItemCode>7296073526957</ItemCode>
      <ItemType>1</ItemType>
      <ItemName>פרל מסכה לשיער מוחלק500מ</ItemName>
      <ManufacturerName>א.משי תעשיות</ManufacturerName>
      <ManufactureCountry>IL</ManufactureCountry>
      <ManufacturerItemDescription>פרל מסכה לשיער מוחלק500מ</ManufacturerItemDescription>
      <UnitQty>מיליליטרים</UnitQty>
      <Quantity>500.00</Quantity>
      <bIsWeighted>0</bIsWeighted>
      <UnitOfMeasure>100 מ"ל</UnitOfMeasure>
      <QtyInPackage>1</QtyInPackage>
      <ItemPrice>30.90</ItemPrice>
      <UnitOfMeasurePrice>6.18</UnitOfMeasurePrice>
      <AllowDiscount>1</AllowDiscount>
      <ItemStatus>1</ItemStatus>
    </Item>
    <Item>
      <PriceUpdateDate>2024-09-05 14:10</PriceUpdateDate>
      <ItemCode>7296073531265</ItemCode>
      <ItemType>1</ItemType>
      <ItemName>פדים להסרת איפור 80 יח</ItemName>
      <ManufacturerName>---</ManufacturerName>
      <ManufactureCountry>CN</ManufactureCountry>
      <ManufacturerItemDescription>פדים להסרת איפור 80 יח</ManufacturerItemDescription>
      <UnitQty>יחידה</UnitQty>
      <Quantity>1.00</Quantity>
      <bIsWeighted>0</bIsWeighted>
      <UnitOfMeasure>יחידה</UnitOfMeasure>
      <QtyInPackage>1</QtyInPackage>
      <ItemPrice>8.50</ItemPrice>
      <UnitOfMeasurePrice>8.50</UnitOfMeasurePrice>
      <AllowDiscount>1</AllowDiscount>
      <ItemStatus>1</ItemStatus>
    </Item>
    <Item>
      <PriceUpdateDate>2025-06-25 13:06</PriceUpdateDate>
      <ItemCode>7296073531289</ItemCode>
      <ItemType>1</ItemType>
      <ItemName>פדים להסרת איפור אובלי40</ItemName>
      <ManufacturerName>---</ManufacturerName>
      <ManufactureCountry>CN</ManufactureCountry>
      <ManufacturerItemDescription>פדים להסרת איפור אובלי40</ManufacturerItemDescription>
      <UnitQty>יחידה</UnitQty>
      <Quantity>1.00</Quantity>
      <bIsWeighted>0</bIsWeighted>
      <UnitOfMeasure>יחידה</UnitOfMeasure>
      <QtyInPackage>1</QtyInPackage>
      <ItemPrice>9.90</ItemPrice>
      <UnitOfMeasurePrice>9.90</UnitOfMeasurePrice>
      <AllowDiscount>1</AllowDiscount>
      <ItemStatus>1</ItemStatus>
    </Item>
    <Item>
      <PriceUpdateDate>2024-12-23 17:18</PriceUpdateDate>
      <ItemCode>7296073663652</ItemCode>
      <ItemType>1</ItemType>
      <ItemName>פרל מרכך לשיער יבש 500מל</ItemName>
      <ManufacturerName>א.משי תעשיות</ManufacturerName>
      <ManufactureCountry>IL</ManufactureCountry>
      <ManufacturerItemDescription>פרל מרכך לשיער יבש 500מל</ManufacturerItemDescription>
      <UnitQty>מיליליטרים</UnitQty>
      <Quantity>500.00</Quantity>
      <bIsWeighted>0</bIsWeighted>
      <UnitOfMeasure>100 מ"ל</UnitOfMeasure>
      <QtyInPackage>1</QtyInPackage>
      <ItemPrice>24.90</ItemPrice>
      <UnitOfMeasurePrice>4.98</UnitOfMeasurePrice>
      <AllowDiscount>1</AllowDiscount>
      <ItemStatus>1</ItemStatus>
    </Item>
    <Item>
      <PriceUpdateDate>2025-01-01 10:06</PriceUpdateDate>
      <ItemCode>7296073675242</ItemCode>
      <ItemType>1</ItemType>
      <ItemName>נר בניחוח עלי כותרת ורד</ItemName>
      <ManufacturerName>כללי</ManufacturerName>
      <ManufactureCountry>US</ManufactureCountry>
      <ManufacturerItemDescription>נר זכוכית גדול</ManufacturerItemDescription>
      <UnitQty>יחידה</UnitQty>
      <Quantity>1.00</Quantity>
      <bIsWeighted>0</bIsWeighted>
      <UnitOfMeasure>יחידה</UnitOfMeasure>
      <QtyInPackage>1</QtyInPackage>
      <ItemPrice>91.50</ItemPrice>
      <UnitOfMeasurePrice>91.50</UnitOfMeasurePrice>
      <AllowDiscount>1</AllowDiscount>
      <ItemStatus>1</ItemStatus>
    </Item>
    <Item>
      <PriceUpdateDate>2025-01-01 10:06</PriceUpdateDate>
      <ItemCode>7296073675259</ItemCode>
      <ItemType>1</ItemType>
      <ItemName>נר בניחוח פריחת שושן</ItemName>
      <ManufacturerName>כללי</ManufacturerName>
      <ManufactureCountry>US</ManufactureCountry>
      <ManufacturerItemDescription>נר גדול</ManufacturerItemDescription>
      <UnitQty>יחידה</UnitQty>
      <Quantity>1.00</Quantity>
      <bIsWeighted>0</bIsWeighted>
      <UnitOfMeasure>יחידה</UnitOfMeasure>
      <QtyInPackage>1</QtyInPackage>
      <ItemPrice>91.50</ItemPrice>
      <UnitOfMeasurePrice>91.50</UnitOfMeasurePrice>
      <AllowDiscount>1</AllowDiscount>
      <ItemStatus>1</ItemStatus>
    </Item>
    <Item>
      <PriceUpdateDate>2025-01-01 10:06</PriceUpdateDate>
      <ItemCode>7296073675297</ItemCode>
      <ItemType>1</ItemType>
      <ItemName>נר גדול בניחוח אקליפטוס</ItemName>
      <ManufacturerName>כללי</ManufacturerName>
      <ManufactureCountry>US</ManufactureCountry>
      <ManufacturerItemDescription>נר גדול בניחוח א</ManufacturerItemDescription>
      <UnitQty>יחידה</UnitQty>
      <Quantity>1.00</Quantity>
      <bIsWeighted>0</bIsWeighted>
      <UnitOfMeasure>יחידה</UnitOfMeasure>
      <QtyInPackage>1</QtyInPackage>
      <ItemPrice>91.50</ItemPrice>
      <UnitOfMeasurePrice>91.50</UnitOfMeasurePrice>
      <AllowDiscount>1</AllowDiscount>
      <ItemStatus>1</ItemStatus>
    </Item>
    <Item>
      <PriceUpdateDate>2025-01-01 10:06</PriceUpdateDate>
      <ItemCode>7296073675303</ItemCode>
      <ItemType>1</ItemType>
      <ItemName>נר בניחוח אדמונית וורד ס</ItemName>
      <ManufacturerName>כללי</ManufacturerName>
      <ManufactureCountry>US</ManufactureCountry>
      <ManufacturerItemDescription>נר בניחוח אדמוני</ManufacturerItemDescription>
      <UnitQty>יחידה</UnitQty>
      <Quantity>1.00</Quantity>
      <bIsWeighted>0</bIsWeighted>
      <UnitOfMeasure>יחידה</UnitOfMeasure>
      <QtyInPackage>1</QtyInPackage>
      <ItemPrice>91.50</ItemPrice>
      <UnitOfMeasurePrice>91.50</UnitOfMeasurePrice>
      <AllowDiscount>1</AllowDiscount>
      <ItemStatus>1</ItemStatus>
    </Item>
    <Item>
      <PriceUpdateDate>2025-01-01 10:06</PriceUpdateDate>
      <ItemCode>7296073675327</ItemCode>
      <ItemType>1</ItemType>
      <ItemName>נר בניחוח נרולי ואצות ים</ItemName>
      <ManufacturerName>כללי</ManufacturerName>
      <ManufactureCountry>US</ManufactureCountry>
      <ManufacturerItemDescription>נר בניחוח נרולי ואצות ים</ManufacturerItemDescription>
      <UnitQty>יחידה</UnitQty>
      <Quantity>1.00</Quantity>
      <bIsWeighted>0</bIsWeighted>
      <UnitOfMeasure>יחידה</UnitOfMeasure>
      <QtyInPackage>1</QtyInPackage>
      <ItemPrice>91.50</ItemPrice>
      <UnitOfMeasurePrice>91.50</UnitOfMeasurePrice>
      <AllowDiscount>1</AllowDiscount>
      <ItemStatus>1</ItemStatus>
    </Item>
    <Item>
      <PriceUpdateDate>2025-01-01 10:06</PriceUpdateDate>
      <ItemCode>7296073675341</ItemCode>
      <ItemType>1</ItemType>
      <ItemName>נר בניחוח לבנדר ויסטיריה</ItemName>
      <ManufacturerName>כללי</ManufacturerName>
      <ManufactureCountry>US</ManufactureCountry>
      <ManufacturerItemDescription>נר בניחוח לבנדר</ManufacturerItemDescription>
      <UnitQty>יחידה</UnitQty>
      <Quantity>1.00</Quantity>
      <bIsWeighted>0</bIsWeighted>
      <UnitOfMeasure>יחידה</UnitOfMeasure>
      <QtyInPackage>1</QtyInPackage>
      <ItemPrice>80.90</ItemPrice>
      <UnitOfMeasurePrice>80.90</UnitOfMeasurePrice>
      <AllowDiscount>1</AllowDiscount>
      <ItemStatus>1</ItemStatus>
    </Item>
    <Item>
      <PriceUpdateDate>2025-01-01 10:06</PriceUpdateDate>
      <ItemCode>7296073675358</ItemCode>
      <ItemType>1</ItemType>
      <ItemName>נר בניחוח יסמין נרולי</ItemName>
      <ManufacturerName>כללי</ManufacturerName>
      <ManufactureCountry>US</ManufactureCountry>
      <ManufacturerItemDescription>נר בניחוח יסמין</ManufacturerItemDescription>
      <UnitQty>יחידה</UnitQty>
      <Quantity>1.00</Quantity>
      <bIsWeighted>0</bIsWeighted>
      <UnitOfMeasure>יחידה</UnitOfMeasure>
      <QtyInPackage>1</QtyInPackage>
      <ItemPrice>80.90</ItemPrice>
      <UnitOfMeasurePrice>80.90</UnitOfMeasurePrice>
      <AllowDiscount>1</AllowDiscount>
      <ItemStatus>1</ItemStatus>
    </Item>
    <Item>
      <PriceUpdateDate>2025-03-23 15:07</PriceUpdateDate>
      <ItemCode>7296073693086</ItemCode>
      <ItemType>1</ItemType>
      <ItemName>סוללות AAA 8 יחידות</ItemName>
      <ManufacturerName>NINGBO WISE</ManufacturerName>
      <ManufactureCountry>CN</ManufactureCountry>
      <ManufacturerItemDescription>סוללות AAA 8 יחידות</ManufacturerItemDescription>
      <UnitQty>יחידה</UnitQty>
      <Quantity>1.00</Quantity>
      <bIsWeighted>0</bIsWeighted>
      <UnitOfMeasure>יחידה</UnitOfMeasure>
      <QtyInPackage>1</QtyInPackage>
      <ItemPrice>14.90</ItemPrice>
      <UnitOfMeasurePrice>14.90</UnitOfMeasurePrice>
      <AllowDiscount>1</AllowDiscount>
      <ItemStatus>1</ItemStatus>
    </Item>
    <Item>
      <PriceUpdateDate>2025-11-27 21:30</PriceUpdateDate>
      <ItemCode>7296073693109</ItemCode>
      <ItemType>1</ItemType>
      <ItemName>סוללות AA 8 יחידות</ItemName>
      <ManufacturerName>NINGBO WISE</ManufacturerName>
      <ManufactureCountry>CN</ManufactureCountry>
      <ManufacturerItemDescription>סוללות AA 8 יחידות</ManufacturerItemDescription>
      <UnitQty>יחידה</UnitQty>
      <Quantity>1.00</Quantity>
      <bIsWeighted>0</bIsWeighted>
      <UnitOfMeasure>יחידה</UnitOfMeasure>
      <QtyInPackage>1</QtyInPackage>
      <ItemPrice>10.00</ItemPrice>
      <UnitOfMeasurePrice>10.00</UnitOfMeasurePrice>
      <AllowDiscount>1</AllowDiscount>
      <ItemStatus>1</ItemStatus>
    </Item>
    <Item>
      <PriceUpdateDate>2025-11-27 21:30</PriceUpdateDate>
      <ItemCode>7296073693123</ItemCode>
      <ItemType>1</ItemType>
      <ItemName>סוללות AA8+AAA4 12 יחידו</ItemName>
      <ManufacturerName>WISE NINGBO</ManufacturerName>
      <ManufactureCountry>CN</ManufactureCountry>
      <ManufacturerItemDescription>סוללות AA8+AAA4 12 יחידו</ManufacturerItemDescription>
      <UnitQty>יחידה</UnitQty>
      <Quantity>1.00</Quantity>
      <bIsWeighted>0</bIsWeighted>
      <UnitOfMeasure>יחידה</UnitOfMeasure>
      <QtyInPackage>1</QtyInPackage>
      <ItemPrice>14.90</ItemPrice>
      <UnitOfMeasurePrice>14.90</UnitOfMeasurePrice>
      <AllowDiscount>1</AllowDiscount>
      <ItemStatus>1</ItemStatus>
    </Item>
    <Item>
      <PriceUpdateDate>2025-11-27 21:30</PriceUpdateDate>
      <ItemCode>7296073705277</ItemCode>
      <ItemType>1</ItemType>
      <ItemName>מגבונים לתינוק64*4במבינו</ItemName>
      <ManufacturerName>דינמיק תעשיות מגבונים</ManufacturerName>
      <ManufactureCountry>IL</ManufactureCountry>
      <ManufacturerItemDescription>מגבונים לתינוק4*64במבינו</ManufacturerItemDescription>
      <UnitQty>יחידה</UnitQty>
      <Quantity>1.00</Quantity>
      <bIsWeighted>0</bIsWeighted>
      <UnitOfMeasure>יחידה</UnitOfMeasure>
      <QtyInPackage>1</QtyInPackage>
      <ItemPrice>10.00</ItemPrice>
      <UnitOfMeasurePrice>10.00</UnitOfMeasurePrice>
      <AllowDiscount>1</AllowDiscount>
      <ItemStatus>1</ItemStatus>
    </Item>
    <Item>
      <PriceUpdateDate>2025-10-29 15:23</PriceUpdateDate>
      <ItemCode>7296073707479</ItemCode>
      <ItemType>1</ItemType>
      <ItemName>חיתולי במבינו 30יח מידה6</ItemName>
      <ManufacturerName>די.פי.אל תעשיות מוצרים ח</ManufacturerName>
      <ManufactureCountry>IL</ManufactureCountry>
      <ManufacturerItemDescription>חיתולי במבינו 30יח מידה6</ManufacturerItemDescription>
      <UnitQty>יחידה</UnitQty>
      <Quantity>1.00</Quantity>
      <bIsWeighted>0</bIsWeighted>
      <UnitOfMeasure>יחידה</UnitOfMeasure>
      <QtyInPackage>1</QtyInPackage>
      <ItemPrice>34.90</ItemPrice>
      <UnitOfMeasurePrice>34.90</UnitOfMeasurePrice>
      <AllowDiscount>1</AllowDiscount>
      <ItemStatus>1</ItemStatus>
    </Item>
    <Item>
      <PriceUpdateDate>2025-06-05 14:18</PriceUpdateDate>
      <ItemCode>7296073722533</ItemCode>
      <ItemType>1</ItemType>
      <ItemName>מגבונים לבנדר 50*3י LU</ItemName>
      <ManufacturerName>טרופיקל דגיל תעשיות קוסמ</ManufacturerName>
      <ManufactureCountry>IL</ManufactureCountry>
      <ManufacturerItemDescription>מגבונים לבנדר 3*50י LU</ManufacturerItemDescription>
      <UnitQty>יחידה</UnitQty>
      <Quantity>1.00</Quantity>
      <bIsWeighted>0</bIsWeighted>
      <UnitOfMeasure>יחידה</UnitOfMeasure>
      <QtyInPackage>1</QtyInPackage>
      <ItemPrice>21.90</ItemPrice>
      <UnitOfMeasurePrice>21.90</UnitOfMeasurePrice>
      <AllowDiscount>1</AllowDiscount>
      <ItemStatus>1</ItemStatus>
    </Item>
    <Item>
      <PriceUpdateDate>2025-12-01 20:10</PriceUpdateDate>
      <ItemCode>7296073722588</ItemCode>
      <ItemType>1</ItemType>
      <ItemName>שמפו שיער יבש+שיאהME 700</ItemName>
      <ManufacturerName>טרופיקל דגיל תעשיות קוסמ</ManufacturerName>
      <ManufactureCountry>IL</ManufactureCountry>
      <ManufacturerItemDescription>שמפו שיער יבש+שיאה700 ME</ManufacturerItemDescription>
      <UnitQty>מיליליטרים</UnitQty>
      <Quantity>700.00</Quantity>
      <bIsWeighted>0</bIsWeighted>
      <UnitOfMeasure>100 מ"ל</UnitOfMeasure>
      <QtyInPackage>1</QtyInPackage>
      <ItemPrice>10.00</ItemPrice>
      <UnitOfMeasurePrice>1.43</UnitOfMeasurePrice>
      <AllowDiscount>1</AllowDiscount>
      <ItemStatus>1</ItemStatus>
    </Item>
    <Item>
      <PriceUpdateDate>2025-12-01 20:10</PriceUpdateDate>
      <ItemCode>7296073722649</ItemCode>
      <ItemType>1</ItemType>
      <ItemName>מרכך לשיער יבש ופגום 700</ItemName>
      <ManufacturerName>טרופיקל דגיל תעשיות קוסמ</ManufacturerName>
      <ManufactureCountry>IL</ManufactureCountry>
      <ManufacturerItemDescription>מרכך לשיער יבש ופגום 700</ManufacturerItemDescription>
      <UnitQty>מיליליטרים</UnitQty>
      <Quantity>700.00</Quantity>
      <bIsWeighted>0</bIsWeighted>
      <UnitOfMeasure>100 מ"ל</UnitOfMeasure>
      <QtyInPackage>1</QtyInPackage>
      <ItemPrice>10.00</ItemPrice>
      <UnitOfMeasurePrice>1.43</UnitOfMeasurePrice>
      <AllowDiscount>1</AllowDiscount>
      <ItemStatus>1</ItemStatus>
    </Item>
    <Item>
      <PriceUpdateDate>2025-11-27 21:30</PriceUpdateDate>
      <ItemCode>7296073722663</ItemCode>
      <ItemType>1</ItemType>
      <ItemName>ת.רחצה וניל דבש700מ ME</ItemName>
      <ManufacturerName>טרופיקל דגיל תעשיות קוסמ</ManufacturerName>
      <ManufactureCountry>IL</ManufactureCountry>
      <ManufacturerItemDescription>ת.רחצה וניל דבש700מ ME</ManufacturerItemDescription>
      <UnitQty>מיליליטרים</UnitQty>
      <Quantity>700.00</Quantity>
      <bIsWeighted>0</bIsWeighted>
      <UnitOfMeasure>100 מ"ל</UnitOfMeasure>
      <QtyInPackage>1</QtyInPackage>
      <ItemPrice>10.00</ItemPrice>
      <UnitOfMeasurePrice>1.43</UnitOfMeasurePrice>
      <AllowDiscount>1</AllowDiscount>
      <ItemStatus>1</ItemStatus>
    </Item>
    <Item>
      <PriceUpdateDate>2025-11-27 21:30</PriceUpdateDate>
      <ItemCode>7296073722724</ItemCode>
      <ItemType>1</ItemType>
      <ItemName>מ.טואלט עור רגישXPO 3*40</ItemName>
      <ManufacturerName>דינמיק</ManufacturerName>
      <ManufactureCountry>IL</ManufactureCountry>
      <ManufacturerItemDescription>מ.טואלט עור רגיש3*40 XPO</ManufacturerItemDescription>
      <UnitQty>יחידה</UnitQty>
      <Quantity>1.00</Quantity>
      <bIsWeighted>0</bIsWeighted>
      <UnitOfMeasure>יחידה</UnitOfMeasure>
      <QtyInPackage>1</QtyInPackage>
      <ItemPrice>10.00</ItemPrice>
      <UnitOfMeasurePrice>10.00</UnitOfMeasurePrice>
      <AllowDiscount>1</AllowDiscount>
      <ItemStatus>1</ItemStatus>
    </Item>
    <Item>
      <PriceUpdateDate>2025-10-31 05:39</PriceUpdateDate>
      <ItemCode>7296073723127</ItemCode>
      <ItemType>1</ItemType>
      <ItemName>צמרוני אוזניים פלסטיק300</ItemName>
      <ManufacturerName>Z.K MEDICAL</ManufacturerName>
      <ManufactureCountry>CN</ManufactureCountry>
      <ManufacturerItemDescription>צמרוני אוזניים פלסטיק300</ManufacturerItemDescription>
      <UnitQty>יחידה</UnitQty>
      <Quantity>1.00</Quantity>
      <bIsWeighted>0</bIsWeighted>
      <UnitOfMeasure>יחידה</UnitOfMeasure>
      <QtyInPackage>1</QtyInPackage>
      <ItemPrice>8.90</ItemPrice>
      <UnitOfMeasurePrice>8.90</UnitOfMeasurePrice>
      <AllowDiscount>1</AllowDiscount>
      <ItemStatus>1</ItemStatus>
    </Item>
    <Item>
      <PriceUpdateDate>2025-10-31 05:39</PriceUpdateDate>
      <ItemCode>7296073723134</ItemCode>
      <ItemType>1</ItemType>
      <ItemName>צמרוני אוזניים מעץ 300י</ItemName>
      <ManufacturerName>Z.K MEDICAL</ManufacturerName>
      <ManufactureCountry>CN</ManufactureCountry>
      <ManufacturerItemDescription>צמרוני אוזניים מעץ 300י</ManufacturerItemDescription>
      <UnitQty>יחידה</UnitQty>
      <Quantity>1.00</Quantity>
      <bIsWeighted>0</bIsWeighted>
      <UnitOfMeasure>יחידה</UnitOfMeasure>
      <QtyInPackage>1</QtyInPackage>
      <ItemPrice>7.90</ItemPrice>
      <UnitOfMeasurePrice>7.90</UnitOfMeasurePrice>
      <AllowDiscount>1</AllowDiscount>
      <ItemStatus>1</ItemStatus>
    </Item>
    <Item>
      <PriceUpdateDate>2025-11-05 18:38</PriceUpdateDate>
      <ItemCode>7296073723691</ItemCode>
      <ItemType>1</ItemType>
      <ItemName>5ב1גל כביסה כחול 2ל LU</ItemName>
      <ManufacturerName>גליל כימיקלים</ManufacturerName>
      <ManufactureCountry>IL</ManufactureCountry>
      <ManufacturerItemDescription>5ב1גל כביסה כחול 2ל LU</ManufacturerItemDescription>
      <UnitQty>ליטרים</UnitQty>
      <Quantity>2.00</Quantity>
      <bIsWeighted>0</bIsWeighted>
      <UnitOfMeasure>ליטר</UnitOfMeasure>
      <QtyInPackage>1</QtyInPackage>
      <ItemPrice>39.90</ItemPrice>
      <UnitOfMeasurePrice>19.95</UnitOfMeasurePrice>
      <AllowDiscount>1</AllowDiscount>
      <ItemStatus>1</ItemStatus>
    </Item>
    <Item>
      <PriceUpdateDate>2025-11-05 18:38</PriceUpdateDate>
      <ItemCode>7296073723714</ItemCode>
      <ItemType>1</ItemType>
      <ItemName>5ב1ג'ל כביסה בייבי 2ל LU</ItemName>
      <ManufacturerName>גליל כימיקלים</ManufacturerName>
      <ManufactureCountry>IL</ManufactureCountry>
      <ManufacturerItemDescription>5ב1גל כביסה בייבי 2ל LU</ManufacturerItemDescription>
      <UnitQty>ליטרים</UnitQty>
      <Quantity>2.00</Quantity>
      <bIsWeighted>0</bIsWeighted>
      <UnitOfMeasure>ליטר</UnitOfMeasure>
      <QtyInPackage>1</QtyInPackage>
      <ItemPrice>39.90</ItemPrice>
      <UnitOfMeasurePrice>19.95</UnitOfMeasurePrice>
      <AllowDiscount>1</AllowDiscount>
      <ItemStatus>1</ItemStatus>
    </Item>
    <Item>
      <PriceUpdateDate>2025-12-22 16:10</PriceUpdateDate>
      <ItemCode>7296073723769</ItemCode>
      <ItemType>1</ItemType>
      <ItemName>מ.כביסה מרוכז כחול 1ל LU</ItemName>
      <ManufacturerName>גליל כימיקלים</ManufacturerName>
      <ManufactureCountry>IL</ManufactureCountry>
      <ManufacturerItemDescription>מ.כביסה מרוכז כחול 1ל LU</ManufacturerItemDescription>
      <UnitQty>ליטרים</UnitQty>
      <Quantity>1.00</Quantity>
      <bIsWeighted>0</bIsWeighted>
      <UnitOfMeasure>ליטר</UnitOfMeasure>
      <QtyInPackage>1</QtyInPackage>
      <ItemPrice>14.90</ItemPrice>
      <UnitOfMeasurePrice>14.90</UnitOfMeasurePrice>
      <AllowDiscount>1</AllowDiscount>
      <ItemStatus>1</ItemStatus>
    </Item>
    <Item>
      <PriceUpdateDate>2025-12-21 15:20</PriceUpdateDate>
      <ItemCode>7296073723776</ItemCode>
      <ItemType>1</ItemType>
      <ItemName>מ.כביסה מרוכז בייבי1ל LU</ItemName>
      <ManufacturerName>גליל כימיקלים</ManufacturerName>
      <ManufactureCountry>IL</ManufactureCountry>
      <ManufacturerItemDescription>מ.כביסה מרוכז בייבי1ל LU</ManufacturerItemDescription>
      <UnitQty>ליטרים</UnitQty>
      <Quantity>1.00</Quantity>
      <bIsWeighted>0</bIsWeighted>
      <UnitOfMeasure>ליטר</UnitOfMeasure>
      <QtyInPackage>1</QtyInPackage>
      <ItemPrice>14.90</ItemPrice>
      <UnitOfMeasurePrice>14.90</UnitOfMeasurePrice>
      <AllowDiscount>1</AllowDiscount>
      <ItemStatus>1</ItemStatus>
    </Item>
    <Item>
      <PriceUpdateDate>2025-06-06 06:22</PriceUpdateDate>
      <ItemCode>7296073723820</ItemCode>
      <ItemType>1</ItemType>
      <ItemName>נוזל רצפה ורוד 2ל LU</ItemName>
      <ManufacturerName>גליל כימיקלים</ManufacturerName>
      <ManufactureCountry>IL</ManufactureCountry>
      <ManufacturerItemDescription>נוזל רצפה ורוד 2ל LU</ManufacturerItemDescription>
      <UnitQty>ליטרים</UnitQty>
      <Quantity>2.00</Quantity>
      <bIsWeighted>0</bIsWeighted>
      <UnitOfMeasure>ליטר</UnitOfMeasure>
      <QtyInPackage>1</QtyInPackage>
      <ItemPrice>21.90</ItemPrice>
      <UnitOfMeasurePrice>10.95</UnitOfMeasurePrice>
      <AllowDiscount>1</AllowDiscount>
      <ItemStatus>1</ItemStatus>
    </Item>
    <Item>
      <PriceUpdateDate>2024-12-23 17:35</PriceUpdateDate>
      <ItemCode>7296168001390</ItemCode>
      <ItemType>1</ItemType>
      <ItemName>אצטון 100 מ"ל</ItemName>
      <ManufacturerName>איתן ספקים       E</ManufacturerName>
      <ManufactureCountry>IL</ManufactureCountry>
      <ManufacturerItemDescription>אציטון</ManufacturerItemDescription>
      <UnitQty>מיליליטרים</UnitQty>
      <Quantity>100.00</Quantity>
      <bIsWeighted>0</bIsWeighted>
      <UnitOfMeasure>100 מ"ל</UnitOfMeasure>
      <QtyInPackage>0</QtyInPackage>
      <ItemPrice>6.20</ItemPrice>
      <UnitOfMeasurePrice>6.20</UnitOfMeasurePrice>
      <AllowDiscount>1</AllowDiscount>
      <ItemStatus>1</ItemStatus>
    </Item>
    <Item>
      <PriceUpdateDate>2024-12-23 17:26</PriceUpdateDate>
      <ItemCode>7296168705113</ItemCode>
      <ItemType>1</ItemType>
      <ItemName>קיסמי שיניים דנטליים</ItemName>
      <ManufacturerName>איתן ספקים       E</ManufacturerName>
      <ManufactureCountry>CN</ManufactureCountry>
      <ManufacturerItemDescription>קיסמי שיניים</ManufacturerItemDescription>
      <UnitQty>יחידה</UnitQty>
      <Quantity>1.00</Quantity>
      <bIsWeighted>0</bIsWeighted>
      <UnitOfMeasure>יחידה</UnitOfMeasure>
      <QtyInPackage>0</QtyInPackage>
      <ItemPrice>26.90</ItemPrice>
      <UnitOfMeasurePrice>26.90</UnitOfMeasurePrice>
      <AllowDiscount>1</AllowDiscount>
      <ItemStatus>1</ItemStatus>
    </Item>
    <Item>
      <PriceUpdateDate>2025-01-01 10:05</PriceUpdateDate>
      <ItemCode>7296169000606</ItemCode>
      <ItemType>1</ItemType>
      <ItemName>פינצטה שחורה ישרה רחבה</ItemName>
      <ManufacturerName>מג'יק</ManufacturerName>
      <ManufactureCountry>IL</ManufactureCountry>
      <ManufacturerItemDescription>פינצטה שחורה ישרה רחבה</ManufacturerItemDescription>
      <UnitQty>יחידה</UnitQty>
      <Quantity>1.00</Quantity>
      <bIsWeighted>0</bIsWeighted>
      <UnitOfMeasure>יחידה</UnitOfMeasure>
      <QtyInPackage>0</QtyInPackage>
      <ItemPrice>25.60</ItemPrice>
      <UnitOfMeasurePrice>25.60</UnitOfMeasurePrice>
      <AllowDiscount>1</AllowDiscount>
      <ItemStatus>1</ItemStatus>
    </Item>
    <Item>
      <PriceUpdateDate>2025-01-01 10:05</PriceUpdateDate>
      <ItemCode>7296169000644</ItemCode>
      <ItemType>1</ItemType>
      <ItemName>פינצטה קייזר קצה מוזהב</ItemName>
      <ManufacturerName>מג'יק</ManufacturerName>
      <ManufactureCountry>IL</ManufactureCountry>
      <ManufacturerItemDescription>פינצטה קייזר קצה</ManufacturerItemDescription>
      <UnitQty>יחידה</UnitQty>
      <Quantity>1.00</Quantity>
      <bIsWeighted>0</bIsWeighted>
      <UnitOfMeasure>יחידה</UnitOfMeasure>
      <QtyInPackage>0</QtyInPackage>
      <ItemPrice>25.60</ItemPrice>
      <UnitOfMeasurePrice>25.60</UnitOfMeasurePrice>
      <AllowDiscount>1</AllowDiscount>
      <ItemStatus>1</ItemStatus>
    </Item>
    <Item>
      <PriceUpdateDate>2025-01-01 10:05</PriceUpdateDate>
      <ItemCode>7296169009166</ItemCode>
      <ItemType>1</ItemType>
      <ItemName>קוצץ קטן</ItemName>
      <ManufacturerName>.D.M.M  סוכנויות ומפיצים</ManufacturerName>
      <ManufactureCountry>KP</ManufactureCountry>
      <ManufacturerItemDescription>קוצץ קטן</ManufacturerItemDescription>
      <UnitQty>יחידה</UnitQty>
      <Quantity>1.00</Quantity>
      <bIsWeighted>0</bIsWeighted>
      <UnitOfMeasure>יחידה</UnitOfMeasure>
      <QtyInPackage>0</QtyInPackage>
      <ItemPrice>15.20</ItemPrice>
      <UnitOfMeasurePrice>15.20</UnitOfMeasurePrice>
      <AllowDiscount>1</AllowDiscount>
      <ItemStatus>1</ItemStatus>
    </Item>
    <Item>
      <PriceUpdateDate>2025-01-01 10:04</PriceUpdateDate>
      <ItemCode>7296169009173</ItemCode>
      <ItemType>1</ItemType>
      <ItemName>קוצץ לציפורן גדול</ItemName>
      <ManufacturerName>.D.M.M  סוכנויות ומפיצים</ManufacturerName>
      <ManufactureCountry>IL</ManufactureCountry>
      <ManufacturerItemDescription>קוצץ לציפורן גדול</ManufacturerItemDescription>
      <UnitQty>יחידה</UnitQty>
      <Quantity>1.00</Quantity>
      <bIsWeighted>0</bIsWeighted>
      <UnitOfMeasure>יחידה</UnitOfMeasure>
      <QtyInPackage>0</QtyInPackage>
      <ItemPrice>20.50</ItemPrice>
      <UnitOfMeasurePrice>20.50</UnitOfMeasurePrice>
      <AllowDiscount>1</AllowDiscount>
      <ItemStatus>1</ItemStatus>
    </Item>
    <Item>
      <PriceUpdateDate>2025-01-01 10:05</PriceUpdateDate>
      <ItemCode>7296169500106</ItemCode>
      <ItemType>1</ItemType>
      <ItemName>קוצץ ציפורניים בינוני</ItemName>
      <ManufacturerName>מג'יק</ManufacturerName>
      <ManufactureCountry>IL</ManufactureCountry>
      <ManufacturerItemDescription>קוצץ ציפורניים ב</ManufacturerItemDescription>
      <UnitQty>יחידה</UnitQty>
      <Quantity>1.00</Quantity>
      <bIsWeighted>0</bIsWeighted>
      <UnitOfMeasure>יחידה</UnitOfMeasure>
      <QtyInPackage>0</QtyInPackage>
      <ItemPrice>30.90</ItemPrice>
      <UnitOfMeasurePrice>30.90</UnitOfMeasurePrice>
      <AllowDiscount>1</AllowDiscount>
      <ItemStatus>1</ItemStatus>
    </Item>
    <Item>
      <PriceUpdateDate>2025-01-01 10:05</PriceUpdateDate>
      <ItemCode>7296179007398</ItemCode>
      <ItemType>1</ItemType>
      <ItemName>שיק.מסיר לק אלוורה250 מל</ItemName>
      <ManufacturerName>שיק לקים</ManufacturerName>
      <ManufactureCountry>IL</ManufactureCountry>
      <ManufacturerItemDescription>שיק.מסיר לק אלוו</ManufacturerItemDescription>
      <UnitQty>מיליליטרים</UnitQty>
      <Quantity>250.00</Quantity>
      <bIsWeighted>0</bIsWeighted>
      <UnitOfMeasure>100 מ"ל</UnitOfMeasure>
      <QtyInPackage>0</QtyInPackage>
      <ItemPrice>20.50</ItemPrice>
      <UnitOfMeasurePrice>8.20</UnitOfMeasurePrice>
      <AllowDiscount>1</AllowDiscount>
      <ItemStatus>1</ItemStatus>
    </Item>
    <Item>
      <PriceUpdateDate>2024-12-08 12:05</PriceUpdateDate>
      <ItemCode>7296179010152</ItemCode>
      <ItemType>1</ItemType>
      <ItemName>שיק לק עמיד 016</ItemName>
      <ManufacturerName>שיק לקים</ManufacturerName>
      <ManufactureCountry>IL</ManufactureCountry>
      <ManufacturerItemDescription>שיק לק עמיד 016</ManufacturerItemDescription>
      <UnitQty>יחידה</UnitQty>
      <Quantity>1.00</Quantity>
      <bIsWeighted>0</bIsWeighted>
      <UnitOfMeasure>יחידה</UnitOfMeasure>
      <QtyInPackage>0</QtyInPackage>
      <ItemPrice>14.50</ItemPrice>
      <UnitOfMeasurePrice>14.50</UnitOfMeasurePrice>
      <AllowDiscount>1</AllowDiscount>
      <ItemStatus>1</ItemStatus>
    </Item>
    <Item>
      <PriceUpdateDate>2024-12-23 17:18</PriceUpdateDate>
      <ItemCode>7296179010718</ItemCode>
      <ItemType>1</ItemType>
      <ItemName>שיק לק עמיד 072</ItemName>
      <ManufacturerName>שיק לקים</ManufacturerName>
      <ManufactureCountry>IL</ManufactureCountry>
      <ManufacturerItemDescription>שיק לק עמיד 072</ManufacturerItemDescription>
      <UnitQty>יחידה</UnitQty>
      <Quantity>1.00</Quantity>
      <bIsWeighted>0</bIsWeighted>
      <UnitOfMeasure>יחידה</UnitOfMeasure>
      <QtyInPackage>0</QtyInPackage>
      <ItemPrice>14.50</ItemPrice>
      <UnitOfMeasurePrice>14.50</UnitOfMeasurePrice>
      <AllowDiscount>1</AllowDiscount>
      <ItemStatus>1</ItemStatus>
    </Item>
    <Item>
      <PriceUpdateDate>2024-12-08 12:05</PriceUpdateDate>
      <ItemCode>7296179011012</ItemCode>
      <ItemType>1</ItemType>
      <ItemName>שיק לק עמיד 307</ItemName>
      <ManufacturerName>שיק לקים</ManufacturerName>
      <ManufactureCountry>IL</ManufactureCountry>
      <ManufacturerItemDescription>שיק לק עמיד 307</ManufacturerItemDescription>
      <UnitQty>יחידה</UnitQty>
      <Quantity>1.00</Quantity>
      <bIsWeighted>0</bIsWeighted>
      <UnitOfMeasure>יחידה</UnitOfMeasure>
      <QtyInPackage>0</QtyInPackage>
      <ItemPrice>14.50</ItemPrice>
      <UnitOfMeasurePrice>14.50</UnitOfMeasurePrice>
      <AllowDiscount>1</AllowDiscount>
      <ItemStatus>1</ItemStatus>
    </Item>
    <Item>
      <PriceUpdateDate>2025-01-01 10:05</PriceUpdateDate>
      <ItemCode>7296179011814</ItemCode>
      <ItemType>1</ItemType>
      <ItemName>Coat Top לכת טופ</ItemName>
      <ManufacturerName>שיק לקים</ManufacturerName>
      <ManufactureCountry>IL</ManufactureCountry>
      <ManufacturerItemDescription>טופ קוד</ManufacturerItemDescription>
      <UnitQty>יחידה</UnitQty>
      <Quantity>1.00</Quantity>
      <bIsWeighted>0</bIsWeighted>
      <UnitOfMeasure>יחידה</UnitOfMeasure>
      <QtyInPackage>0</QtyInPackage>
      <ItemPrice>20.50</ItemPrice>
      <UnitOfMeasurePrice>20.50</UnitOfMeasurePrice>
      <AllowDiscount>1</AllowDiscount>
      <ItemStatus>1</ItemStatus>
    </Item>
    <Item>
      <PriceUpdateDate>2024-12-08 12:05</PriceUpdateDate>
      <ItemCode>7296179012132</ItemCode>
      <ItemType>1</ItemType>
      <ItemName>שיק לק עמיד 289</ItemName>
      <ManufacturerName>שיק לקים</ManufacturerName>
      <ManufactureCountry>IL</ManufactureCountry>
      <ManufacturerItemDescription>שיק לק עמיד 289</ManufacturerItemDescription>
      <UnitQty>יחידה</UnitQty>
      <Quantity>1.00</Quantity>
      <bIsWeighted>0</bIsWeighted>
      <UnitOfMeasure>יחידה</UnitOfMeasure>
      <QtyInPackage>0</QtyInPackage>
      <ItemPrice>14.50</ItemPrice>
      <UnitOfMeasurePrice>14.50</UnitOfMeasurePrice>
      <AllowDiscount>1</AllowDiscount>
      <ItemStatus>1</ItemStatus>
    </Item>
    <Item>
      <PriceUpdateDate>2024-12-08 12:05</PriceUpdateDate>
      <ItemCode>7296179012187</ItemCode>
      <ItemType>1</ItemType>
      <ItemName>שיק לק עמיד 048</ItemName>
      <ManufacturerName>שיק לקים</ManufacturerName>
      <ManufactureCountry>IL</ManufactureCountry>
      <ManufacturerItemDescription>שיק לק עמיד 048</ManufacturerItemDescription>
      <UnitQty>יחידה</UnitQty>
      <Quantity>1.00</Quantity>
      <bIsWeighted>0</bIsWeighted>
      <UnitOfMeasure>יחידה</UnitOfMeasure>
      <QtyInPackage>0</QtyInPackage>
      <ItemPrice>14.50</ItemPrice>
      <UnitOfMeasurePrice>14.50</UnitOfMeasurePrice>
      <AllowDiscount>1</AllowDiscount>
      <ItemStatus>1</ItemStatus>
    </Item>
    <Item>
      <PriceUpdateDate>2025-09-04 11:02</PriceUpdateDate>
      <ItemCode>7296179020113</ItemCode>
      <ItemType>1</ItemType>
      <ItemName>סט בניחוח אורכיד</ItemName>
      <ManufacturerName />
      <ManufactureCountry>IL</ManufactureCountry>
      <ManufacturerItemDescription>סט בניחוח אורכיד</ManufacturerItemDescription>
      <UnitQty>יחידה</UnitQty>
      <Quantity>1.00</Quantity>
      <bIsWeighted>0</bIsWeighted>
      <UnitOfMeasure>יחידה</UnitOfMeasure>
      <QtyInPackage>0</QtyInPackage>
      <ItemPrice>49.90</ItemPrice>
      <UnitOfMeasurePrice>49.90</UnitOfMeasurePrice>
      <AllowDiscount>1</AllowDiscount>
      <ItemStatus>1</ItemStatus>
    </Item>
    <Item>
      <PriceUpdateDate>2024-12-23 17:18</PriceUpdateDate>
      <ItemCode>7296179021059</ItemCode>
      <ItemType>1</ItemType>
      <ItemName>לק 483</ItemName>
      <ManufacturerName>שיק לקים</ManufacturerName>
      <ManufactureCountry>IL</ManufactureCountry>
      <ManufacturerItemDescription>לק 483</ManufacturerItemDescription>
      <UnitQty>יחידה</UnitQty>
      <Quantity>1.00</Quantity>
      <bIsWeighted>0</bIsWeighted>
      <UnitOfMeasure>יחידה</UnitOfMeasure>
      <QtyInPackage>0</QtyInPackage>
      <ItemPrice>14.50</ItemPrice>
      <UnitOfMeasurePrice>14.50</UnitOfMeasurePrice>
      <AllowDiscount>1</AllowDiscount>
      <ItemStatus>1</ItemStatus>
    </Item>
    <Item>
      <PriceUpdateDate>2024-12-08 12:05</PriceUpdateDate>
      <ItemCode>7296179028447</ItemCode>
      <ItemType>1</ItemType>
      <ItemName>לק עמיד 821 יח'</ItemName>
      <ManufacturerName>כללי</ManufacturerName>
      <ManufactureCountry>IL</ManufactureCountry>
      <ManufacturerItemDescription>לק עמיד 821</ManufacturerItemDescription>
      <UnitQty>יחידה</UnitQty>
      <Quantity>1.00</Quantity>
      <bIsWeighted>0</bIsWeighted>
      <UnitOfMeasure>יחידה</UnitOfMeasure>
      <QtyInPackage>1</QtyInPackage>
      <ItemPrice>14.50</ItemPrice>
      <UnitOfMeasurePrice>14.50</UnitOfMeasurePrice>
      <AllowDiscount>1</AllowDiscount>
      <ItemStatus>1</ItemStatus>
    </Item>
    <Item>
      <PriceUpdateDate>2025-01-01 10:05</PriceUpdateDate>
      <ItemCode>7297621000950</ItemCode>
      <ItemType>1</ItemType>
      <ItemName>Tikkiמגבת ניקוי פנים25יח</ItemName>
      <ManufacturerName>כללי</ManufacturerName>
      <ManufactureCountry>IL</ManufactureCountry>
      <ManufacturerItemDescription>מגבת לניקוי הפני</ManufacturerItemDescription>
      <UnitQty>יחידה</UnitQty>
      <Quantity>1.00</Quantity>
      <bIsWeighted>0</bIsWeighted>
      <UnitOfMeasure>יחידה</UnitOfMeasure>
      <QtyInPackage>1</QtyInPackage>
      <ItemPrice>20.50</ItemPrice>
      <UnitOfMeasurePrice>20.50</UnitOfMeasurePrice>
      <AllowDiscount>1</AllowDiscount>
      <ItemStatus>1</ItemStatus>
    </Item>
    <Item>
      <PriceUpdateDate>2024-01-19 10:35</PriceUpdateDate>
      <ItemCode>7298074501933</ItemCode>
      <ItemType>1</ItemType>
      <ItemName>משחה לשפתיים דובדבן 6 גר</ItemName>
      <ManufacturerName>בליסטקס פריגו</ManufacturerName>
      <ManufactureCountry>IL</ManufactureCountry>
      <ManufacturerItemDescription>משחה לשפתיים דוב</ManufacturerItemDescription>
      <UnitQty>יחידה</UnitQty>
      <Quantity>1.00</Quantity>
      <bIsWeighted>0</bIsWeighted>
      <UnitOfMeasure>יחידה</UnitOfMeasure>
      <QtyInPackage>1</QtyInPackage>
      <ItemPrice>33.90</ItemPrice>
      <UnitOfMeasurePrice>33.90</UnitOfMeasurePrice>
      <AllowDiscount>1</AllowDiscount>
      <ItemStatus>1</ItemStatus>
    </Item>
    <Item>
      <PriceUpdateDate>2025-11-27 21:40</PriceUpdateDate>
      <ItemCode>7298074501995</ItemCode>
      <ItemType>1</ItemType>
      <ItemName>בליסטקס אולטרא SPF50 4.2</ItemName>
      <ManufacturerName>בליסטקס פריגו</ManufacturerName>
      <ManufactureCountry>IL</ManufactureCountry>
      <ManufacturerItemDescription>בליסטקס אולטרא S</ManufacturerItemDescription>
      <UnitQty>יחידה</UnitQty>
      <Quantity>1.00</Quantity>
      <bIsWeighted>0</bIsWeighted>
      <UnitOfMeasure>יחידה</UnitOfMeasure>
      <QtyInPackage>1</QtyInPackage>
      <ItemPrice>10.90</ItemPrice>
      <UnitOfMeasurePrice>10.90</UnitOfMeasurePrice>
      <AllowDiscount>1</AllowDiscount>
      <ItemStatus>1</ItemStatus>
    </Item>
    <Item>
      <PriceUpdateDate>2024-12-23 17:26</PriceUpdateDate>
      <ItemCode>7298074502374</ItemCode>
      <ItemType>1</ItemType>
      <ItemName>בליסטקס אינפיוזן כתום</ItemName>
      <ManufacturerName>בליסטקס פריגו</ManufacturerName>
      <ManufactureCountry>US</ManufactureCountry>
      <ManufacturerItemDescription>בליסטקס אינפיוזן</ManufacturerItemDescription>
      <UnitQty>יחידה</UnitQty>
      <Quantity>1.00</Quantity>
      <bIsWeighted>0</bIsWeighted>
      <UnitOfMeasure>יחידה</UnitOfMeasure>
      <QtyInPackage>1</QtyInPackage>
      <ItemPrice>23.50</ItemPrice>
      <UnitOfMeasurePrice>23.50</UnitOfMeasurePrice>
      <AllowDiscount>1</AllowDiscount>
      <ItemStatus>1</ItemStatus>
    </Item>
    <Item>
      <PriceUpdateDate>2023-11-23 12:39</PriceUpdateDate>
      <ItemCode>72991008</ItemCode>
      <ItemType>1</ItemType>
      <ItemName>שוקולד פסק זמן קלאסי 45</ItemName>
      <ManufacturerName>שטראוס גרופ בע"מ</ManufacturerName>
      <ManufactureCountry>IL</ManufactureCountry>
      <ManufacturerItemDescription>שוקולד פסק זמן קלאסי 45</ManufacturerItemDescription>
      <UnitQty>גרמים</UnitQty>
      <Quantity>45.00</Quantity>
      <bIsWeighted>0</bIsWeighted>
      <UnitOfMeasure>100 גרם</UnitOfMeasure>
      <QtyInPackage>0</QtyInPackage>
      <ItemPrice>6.90</ItemPrice>
      <UnitOfMeasurePrice>15.33</UnitOfMeasurePrice>
      <AllowDiscount>1</AllowDiscount>
      <ItemStatus>1</ItemStatus>
    </Item>
    <Item>
      <PriceUpdateDate>2025-11-27 21:30</PriceUpdateDate>
      <ItemCode>7310617310816</ItemCode>
      <ItemType>1</ItemType>
      <ItemName>מש.שיניים ג'ורדן6-12 50מ</ItemName>
      <ManufacturerName>---</ManufacturerName>
      <ManufactureCountry>SE</ManufactureCountry>
      <ManufacturerItemDescription>משחת שיניים</ManufacturerItemDescription>
      <UnitQty>מיליליטרים</UnitQty>
      <Quantity>50.00</Quantity>
      <bIsWeighted>0</bIsWeighted>
      <UnitOfMeasure>100 מ"ל</UnitOfMeasure>
      <QtyInPackage>1</QtyInPackage>
      <ItemPrice>7.90</ItemPrice>
      <UnitOfMeasurePrice>15.80</UnitOfMeasurePrice>
      <AllowDiscount>1</AllowDiscount>
      <ItemStatus>1</ItemStatus>
    </Item>
    <Item>
      <PriceUpdateDate>2025-11-27 21:30</PriceUpdateDate>
      <ItemCode>7310617310823</ItemCode>
      <ItemType>1</ItemType>
      <ItemName>משחה לשיני חלב2-6 50מל</ItemName>
      <ManufacturerName>---</ManufacturerName>
      <ManufactureCountry>SE</ManufactureCountry>
      <ManufacturerItemDescription>משחת שיניים</ManufacturerItemDescription>
      <UnitQty>מיליליטרים</UnitQty>
      <Quantity>50.00</Quantity>
      <bIsWeighted>0</bIsWeighted>
      <UnitOfMeasure>100 מ"ל</UnitOfMeasure>
      <QtyInPackage>1</QtyInPackage>
      <ItemPrice>7.90</ItemPrice>
      <UnitOfMeasurePrice>15.80</UnitOfMeasurePrice>
      <AllowDiscount>1</AllowDiscount>
      <ItemStatus>1</ItemStatus>
    </Item>
    <Item>
      <PriceUpdateDate>2024-12-23 17:26</PriceUpdateDate>
      <ItemCode>7350075691409</ItemCode>
      <ItemType>1</ItemType>
      <ItemName>קיסמי שיניים פחם עם חוט</ItemName>
      <ManufacturerName>כללי</ManufacturerName>
      <ManufactureCountry>SE</ManufactureCountry>
      <ManufacturerItemDescription>קיסמי שיניים פחם</ManufacturerItemDescription>
      <UnitQty>יחידה</UnitQty>
      <Quantity>1.00</Quantity>
      <bIsWeighted>0</bIsWeighted>
      <UnitOfMeasure>יחידה</UnitOfMeasure>
      <QtyInPackage>1</QtyInPackage>
      <ItemPrice>15.20</ItemPrice>
      <UnitOfMeasurePrice>15.20</UnitOfMeasurePrice>
      <AllowDiscount>1</AllowDiscount>
      <ItemStatus>1</ItemStatus>
    </Item>
    <Item>
      <PriceUpdateDate>2024-12-23 17:26</PriceUpdateDate>
      <ItemCode>735282436826</ItemCode>
      <ItemType>1</ItemType>
      <ItemName>כפיות פטנט 4 יחידות</ItemName>
      <ManufacturerName>מנצ'קין</ManufacturerName>
      <ManufactureCountry>IL</ManufactureCountry>
      <ManufacturerItemDescription>כפיות פטנט</ManufacturerItemDescription>
      <UnitQty>יחידה</UnitQty>
      <Quantity>1.00</Quantity>
      <bIsWeighted>0</bIsWeighted>
      <UnitOfMeasure>יחידה</UnitOfMeasure>
      <QtyInPackage>1</QtyInPackage>
      <ItemPrice>44.90</ItemPrice>
      <UnitOfMeasurePrice>44.90</UnitOfMeasurePrice>
      <AllowDiscount>1</AllowDiscount>
      <ItemStatus>1</ItemStatus>
    </Item>
    <Item>
      <PriceUpdateDate>2025-01-01 10:05</PriceUpdateDate>
      <ItemCode>74764632937</ItemCode>
      <ItemType>1</ItemType>
      <ItemName>דבק להדבקת ציפורניים .</ItemName>
      <ManufacturerName>מג'יק</ManufacturerName>
      <ManufactureCountry>US</ManufactureCountry>
      <ManufacturerItemDescription>דבק להדבקת ציפור</ManufacturerItemDescription>
      <UnitQty>יחידה</UnitQty>
      <Quantity>1.00</Quantity>
      <bIsWeighted>0</bIsWeighted>
      <UnitOfMeasure>יחידה</UnitOfMeasure>
      <QtyInPackage>1</QtyInPackage>
      <ItemPrice>33.90</ItemPrice>
      <UnitOfMeasurePrice>33.90</UnitOfMeasurePrice>
      <AllowDiscount>1</AllowDiscount>
      <ItemStatus>1</ItemStatus>
    </Item>
    <Item>
      <PriceUpdateDate>2025-01-01 10:06</PriceUpdateDate>
      <ItemCode>74764650573</ItemCode>
      <ItemType>1</ItemType>
      <ItemName>ארדל דבק ריסים כהה .</ItemName>
      <ManufacturerName>מג'יק</ManufacturerName>
      <ManufactureCountry>US</ManufactureCountry>
      <ManufacturerItemDescription>ארדל דבק ריסים כהה .</ManufacturerItemDescription>
      <UnitQty>יחידה</UnitQty>
      <Quantity>1.00</Quantity>
      <bIsWeighted>0</bIsWeighted>
      <UnitOfMeasure>יחידה</UnitOfMeasure>
      <QtyInPackage>1</QtyInPackage>
      <ItemPrice>47.50</ItemPrice>
      <UnitOfMeasurePrice>47.50</UnitOfMeasurePrice>
      <AllowDiscount>1</AllowDiscount>
      <ItemStatus>1</ItemStatus>
    </Item>
    <Item>
      <PriceUpdateDate>2025-12-01 20:20</PriceUpdateDate>
      <ItemCode>7509546057545</ItemCode>
      <ItemType>1</ItemType>
      <ItemName>ליידי ספיד פרו 5 סטיק45ג</ItemName>
      <ManufacturerName>קולגייט-פלמוליב</ManufacturerName>
      <ManufactureCountry>US</ManufactureCountry>
      <ManufacturerItemDescription>ליידי ספיד פרו 5 סטיק45ג</ManufacturerItemDescription>
      <UnitQty>גרמים</UnitQty>
      <Quantity>45.00</Quantity>
      <bIsWeighted>0</bIsWeighted>
      <UnitOfMeasure>100 גרם</UnitOfMeasure>
      <QtyInPackage>1</QtyInPackage>
      <ItemPrice>22.90</ItemPrice>
      <UnitOfMeasurePrice>50.89</UnitOfMeasurePrice>
      <AllowDiscount>1</AllowDiscount>
      <ItemStatus>1</ItemStatus>
    </Item>
    <Item>
      <PriceUpdateDate>2025-11-27 21:40</PriceUpdateDate>
      <ItemCode>7509546069678</ItemCode>
      <ItemType>1</ItemType>
      <ItemName>ספיד סטיק ספריי קול בלו</ItemName>
      <ManufacturerName>קולגייט-פלמוליב</ManufacturerName>
      <ManufactureCountry>RU</ManufactureCountry>
      <ManufacturerItemDescription>ספיד סטיק ספריי קול בלו</ManufacturerItemDescription>
      <UnitQty>מיליליטרים</UnitQty>
      <Quantity>150.00</Quantity>
      <bIsWeighted>0</bIsWeighted>
      <UnitOfMeasure>100 מ"ל</UnitOfMeasure>
      <QtyInPackage>1</QtyInPackage>
      <ItemPrice>14.90</ItemPrice>
      <UnitOfMeasurePrice>9.93</UnitOfMeasurePrice>
      <AllowDiscount>1</AllowDiscount>
      <ItemStatus>1</ItemStatus>
    </Item>
    <Item>
      <PriceUpdateDate>2025-12-01 20:20</PriceUpdateDate>
      <ItemCode>7509546671314</ItemCode>
      <ItemType>1</ItemType>
      <ItemName>ליידי ס. סטיק קוקוס40ג</ItemName>
      <ManufacturerName>---</ManufacturerName>
      <ManufactureCountry>US</ManufactureCountry>
      <ManufacturerItemDescription>ליידי ס. סטיק קוקוס40ג</ManufacturerItemDescription>
      <UnitQty>גרמים</UnitQty>
      <Quantity>40.00</Quantity>
      <bIsWeighted>0</bIsWeighted>
      <UnitOfMeasure>100 גרם</UnitOfMeasure>
      <QtyInPackage>1</QtyInPackage>
      <ItemPrice>22.90</ItemPrice>
      <UnitOfMeasurePrice>57.25</UnitOfMeasurePrice>
      <AllowDiscount>1</AllowDiscount>
      <ItemStatus>1</ItemStatus>
    </Item>
    <Item>
      <PriceUpdateDate>2025-12-01 20:20</PriceUpdateDate>
      <ItemCode>7509546677118</ItemCode>
      <ItemType>1</ItemType>
      <ItemName>ספיד סטיק סנסיטיב ג'ל85</ItemName>
      <ManufacturerName>קולגייט-פלמוליב</ManufacturerName>
      <ManufactureCountry>US</ManufactureCountry>
      <ManufacturerItemDescription>ספיד סטיק סנסיטיב גל85</ManufacturerItemDescription>
      <UnitQty>גרמים</UnitQty>
      <Quantity>85.00</Quantity>
      <bIsWeighted>0</bIsWeighted>
      <UnitOfMeasure>100 גרם</UnitOfMeasure>
      <QtyInPackage>1</QtyInPackage>
      <ItemPrice>21.90</ItemPrice>
      <UnitOfMeasurePrice>25.76</UnitOfMeasurePrice>
      <AllowDiscount>1</AllowDiscount>
      <ItemStatus>1</ItemStatus>
    </Item>
    <Item>
      <PriceUpdateDate>2025-11-27 21:40</PriceUpdateDate>
      <ItemCode>7509546688916</ItemCode>
      <ItemType>1</ItemType>
      <ItemName>משחת שיניים הגנה מעששת</ItemName>
      <ManufacturerName>---</ManufacturerName>
      <ManufactureCountry>BR</ManufactureCountry>
      <ManufacturerItemDescription>משחת שיניים הגנה מעששת</ManufacturerItemDescription>
      <UnitQty>מיליליטרים</UnitQty>
      <Quantity>75.00</Quantity>
      <bIsWeighted>0</bIsWeighted>
      <UnitOfMeasure>100 מ"ל</UnitOfMeasure>
      <QtyInPackage>1</QtyInPackage>
      <ItemPrice>7.90</ItemPrice>
      <UnitOfMeasurePrice>10.53</UnitOfMeasurePrice>
      <AllowDiscount>1</AllowDiscount>
      <ItemStatus>1</ItemStatus>
    </Item>
    <Item>
      <PriceUpdateDate>2025-12-01 20:20</PriceUpdateDate>
      <ItemCode>7509546689623</ItemCode>
      <ItemType>1</ItemType>
      <ItemName>מ.אופטיק וייט פחם כשלפ75</ItemName>
      <ManufacturerName>---</ManufacturerName>
      <ManufactureCountry>BR</ManufactureCountry>
      <ManufacturerItemDescription>מ.אופטיק וייט פחם כשלפ75</ManufacturerItemDescription>
      <UnitQty>מיליליטרים</UnitQty>
      <Quantity>75.00</Quantity>
      <bIsWeighted>0</bIsWeighted>
      <UnitOfMeasure>100 מ"ל</UnitOfMeasure>
      <QtyInPackage>1</QtyInPackage>
      <ItemPrice>24.90</ItemPrice>
      <UnitOfMeasurePrice>33.20</UnitOfMeasurePrice>
      <AllowDiscount>1</AllowDiscount>
      <ItemStatus>1</ItemStatus>
    </Item>
    <Item>
      <PriceUpdateDate>2024-12-23 17:26</PriceUpdateDate>
      <ItemCode>7610458007396</ItemCode>
      <ItemType>1</ItemType>
      <ItemName>PARO 739 מברשת שיניים</ItemName>
      <ManufacturerName>סיראם</ManufacturerName>
      <ManufactureCountry>CH</ManufactureCountry>
      <ManufacturerItemDescription>PARO 739 מברשת</ManufacturerItemDescription>
      <UnitQty>יחידה</UnitQty>
      <Quantity>1.00</Quantity>
      <bIsWeighted>0</bIsWeighted>
      <UnitOfMeasure>יחידה</UnitOfMeasure>
      <QtyInPackage>0</QtyInPackage>
      <ItemPrice>29.90</ItemPrice>
      <UnitOfMeasurePrice>29.90</UnitOfMeasurePrice>
      <AllowDiscount>1</AllowDiscount>
      <ItemStatus>1</ItemStatus>
    </Item>
    <Item>
      <PriceUpdateDate>2025-08-07 14:41</PriceUpdateDate>
      <ItemCode>7622010001858</ItemCode>
      <ItemType>1</ItemType>
      <ItemName>עוג.אוראו קרם וניל 176ג</ItemName>
      <ManufacturerName>פי אר ג'\יי אס אי מנדלז</ManufacturerName>
      <ManufactureCountry>CZ</ManufactureCountry>
      <ManufacturerItemDescription>עוג.אוראו קרם וניל 176ג</ManufacturerItemDescription>
      <UnitQty>גרמים</UnitQty>
      <Quantity>176.00</Quantity>
      <bIsWeighted>0</bIsWeighted>
      <UnitOfMeasure>100 גרם</UnitOfMeasure>
      <QtyInPackage>1</QtyInPackage>
      <ItemPrice>12.90</ItemPrice>
      <UnitOfMeasurePrice>7.33</UnitOfMeasurePrice>
      <AllowDiscount>1</AllowDiscount>
      <ItemStatus>1</ItemStatus>
    </Item>
    <Item>
      <PriceUpdateDate>2025-08-07 14:41</PriceUpdateDate>
      <ItemCode>7622201813390</ItemCode>
      <ItemType>1</ItemType>
      <ItemName>וופל ממולא מילקה 150 גרם</ItemName>
      <ManufacturerName>מונדליז סי.אר. ביסקוויט</ManufacturerName>
      <ManufactureCountry>CZ</ManufactureCountry>
      <ManufacturerItemDescription>וופל ממולא מילקה 150 גרם</ManufacturerItemDescription>
      <UnitQty>גרמים</UnitQty>
      <Quantity>150.00</Quantity>
      <bIsWeighted>0</bIsWeighted>
      <UnitOfMeasure>100 גרם</UnitOfMeasure>
      <QtyInPackage>1</QtyInPackage>
      <ItemPrice>16.90</ItemPrice>
      <UnitOfMeasurePrice>11.27</UnitOfMeasurePrice>
      <AllowDiscount>1</AllowDiscount>
      <ItemStatus>1</ItemStatus>
    </Item>
    <Item>
      <PriceUpdateDate>2025-12-22 10:50</PriceUpdateDate>
      <ItemCode>7638900437775</ItemCode>
      <ItemType>1</ItemType>
      <ItemName>סוללות אלקליין 10 יח AA</ItemName>
      <ManufacturerName>אנרגייזר</ManufacturerName>
      <ManufactureCountry>SG</ManufactureCountry>
      <ManufacturerItemDescription>סוללות אלקליין 10 יח AA</ManufacturerItemDescription>
      <UnitQty>יחידה</UnitQty>
      <Quantity>1.00</Quantity>
      <bIsWeighted>0</bIsWeighted>
      <UnitOfMeasure>יחידה</UnitOfMeasure>
      <QtyInPackage>1</QtyInPackage>
      <ItemPrice>19.90</ItemPrice>
      <UnitOfMeasurePrice>19.90</UnitOfMeasurePrice>
      <AllowDiscount>1</AllowDiscount>
      <ItemStatus>1</ItemStatus>
    </Item>
    <Item>
      <PriceUpdateDate>2025-12-21 15:30</PriceUpdateDate>
      <ItemCode>7638900438239</ItemCode>
      <ItemType>1</ItemType>
      <ItemName>10סוללות מקס אלקליין AAA</ItemName>
      <ManufacturerName>אנרג'ייזר</ManufacturerName>
      <ManufactureCountry>SG</ManufactureCountry>
      <ManufacturerItemDescription>10סוללות מקס אלקליין AAA</ManufacturerItemDescription>
      <UnitQty>יחידה</UnitQty>
      <Quantity>1.00</Quantity>
      <bIsWeighted>0</bIsWeighted>
      <UnitOfMeasure>יחידה</UnitOfMeasure>
      <QtyInPackage>1</QtyInPackage>
      <ItemPrice>19.90</ItemPrice>
      <UnitOfMeasurePrice>19.90</UnitOfMeasurePrice>
      <AllowDiscount>1</AllowDiscount>
      <ItemStatus>1</ItemStatus>
    </Item>
    <Item>
      <PriceUpdateDate>2025-11-27 20:10</PriceUpdateDate>
      <ItemCode>7640111494027</ItemCode>
      <ItemType>1</ItemType>
      <ItemName>Cabotine א.ד.ט לאשה</ItemName>
      <ManufacturerName>לילית בישום</ManufacturerName>
      <ManufactureCountry />
      <ManufacturerItemDescription>Cabotine א.ד.ט</ManufacturerItemDescription>
      <UnitQty>מיליליטרים</UnitQty>
      <Quantity>100.00</Quantity>
      <bIsWeighted>0</bIsWeighted>
      <UnitOfMeasure>100 מ"ל</UnitOfMeasure>
      <QtyInPackage>0</QtyInPackage>
      <ItemPrice>79.00</ItemPrice>
      <UnitOfMeasurePrice>79.00</UnitOfMeasurePrice>
      <AllowDiscount>1</AllowDiscount>
      <ItemStatus>1</ItemStatus>
    </Item>
    <Item>
      <PriceUpdateDate>2025-11-27 20:20</PriceUpdateDate>
      <ItemCode>768614102021</ItemCode>
      <ItemType>1</ItemType>
      <ItemName>ZEN א.ד.פ לאשה 100 מ"ל</ItemName>
      <ManufacturerName>שיסיידו בישום</ManufacturerName>
      <ManufactureCountry>IL</ManufactureCountry>
      <ManufacturerItemDescription>ZEN א.ד.פ לאשה 100 מ"ל</ManufacturerItemDescription>
      <UnitQty>מיליליטרים</UnitQty>
      <Quantity>100.00</Quantity>
      <bIsWeighted>0</bIsWeighted>
      <UnitOfMeasure>100 מ"ל</UnitOfMeasure>
      <QtyInPackage>0</QtyInPackage>
      <ItemPrice>379.00</ItemPrice>
      <UnitOfMeasurePrice>379.00</UnitOfMeasurePrice>
      <AllowDiscount>1</AllowDiscount>
      <ItemStatus>1</ItemStatus>
    </Item>
    <Item>
      <PriceUpdateDate>2025-09-03 11:02</PriceUpdateDate>
      <ItemCode>7702018024636</ItemCode>
      <ItemType>1</ItemType>
      <ItemName>סכיני גילוח חד"פ</ItemName>
      <ManufacturerName>פרוקטר &amp; גמבל</ManufacturerName>
      <ManufactureCountry>DE</ManufactureCountry>
      <ManufacturerItemDescription>סכיני גילוח חד"פ</ManufacturerItemDescription>
      <UnitQty>יחידה</UnitQty>
      <Quantity>1.00</Quantity>
      <bIsWeighted>0</bIsWeighted>
      <UnitOfMeasure>יחידה</UnitOfMeasure>
      <QtyInPackage>0</QtyInPackage>
      <ItemPrice>29.90</ItemPrice>
      <UnitOfMeasurePrice>29.90</UnitOfMeasurePrice>
      <AllowDiscount>1</AllowDiscount>
      <ItemStatus>1</ItemStatus>
    </Item>
    <Item>
      <PriceUpdateDate>2024-12-23 17:21</PriceUpdateDate>
      <ItemCode>7702018347629</ItemCode>
      <ItemType>1</ItemType>
      <ItemName>גילט רביעית  ונוס אמבריי</ItemName>
      <ManufacturerName>פרוקטר אנד גמבל</ManufacturerName>
      <ManufactureCountry>DE</ManufactureCountry>
      <ManufacturerItemDescription>גילט רביעית</ManufacturerItemDescription>
      <UnitQty>יחידה</UnitQty>
      <Quantity>1.00</Quantity>
      <bIsWeighted>0</bIsWeighted>
      <UnitOfMeasure>יחידה</UnitOfMeasure>
      <QtyInPackage>1</QtyInPackage>
      <ItemPrice>66.90</ItemPrice>
      <UnitOfMeasurePrice>66.90</UnitOfMeasurePrice>
      <AllowDiscount>1</AllowDiscount>
      <ItemStatus>1</ItemStatus>
    </Item>
    <Item>
      <PriceUpdateDate>2024-12-23 17:21</PriceUpdateDate>
      <ItemCode>7702018401383</ItemCode>
      <ItemType>1</ItemType>
      <ItemName>סכיני ונוס סווירל xl 6יח</ItemName>
      <ManufacturerName>---</ManufacturerName>
      <ManufactureCountry>PL</ManufactureCountry>
      <ManufacturerItemDescription>וונוס סווירל</ManufacturerItemDescription>
      <UnitQty>יחידה</UnitQty>
      <Quantity>1.00</Quantity>
      <bIsWeighted>0</bIsWeighted>
      <UnitOfMeasure>יחידה</UnitOfMeasure>
      <QtyInPackage>1</QtyInPackage>
      <ItemPrice>105.00</ItemPrice>
      <UnitOfMeasurePrice>105.00</UnitOfMeasurePrice>
      <AllowDiscount>1</AllowDiscount>
      <ItemStatus>1</ItemStatus>
    </Item>
    <Item>
      <PriceUpdateDate>2024-12-23 17:26</PriceUpdateDate>
      <ItemCode>7702018459445</ItemCode>
      <ItemType>1</ItemType>
      <ItemName>סכיני גילוח פיוז'ן פאוור</ItemName>
      <ManufacturerName>P&amp;G</ManufacturerName>
      <ManufactureCountry>US</ManufactureCountry>
      <ManufacturerItemDescription>סכיני גילוח פיוז</ManufacturerItemDescription>
      <UnitQty>יחידה</UnitQty>
      <Quantity>1.00</Quantity>
      <bIsWeighted>0</bIsWeighted>
      <UnitOfMeasure>יחידה</UnitOfMeasure>
      <QtyInPackage>1</QtyInPackage>
      <ItemPrice>208.00</ItemPrice>
      <UnitOfMeasurePrice>208.00</UnitOfMeasurePrice>
      <AllowDiscount>1</AllowDiscount>
      <ItemStatus>1</ItemStatus>
    </Item>
    <Item>
      <PriceUpdateDate>2024-12-23 17:20</PriceUpdateDate>
      <ItemCode>7702018468447</ItemCode>
      <ItemType>1</ItemType>
      <ItemName>10 סכיני גילוח בלו II +</ItemName>
      <ManufacturerName>PROCTER&amp;GAMBLE</ManufacturerName>
      <ManufactureCountry>PL</ManufactureCountry>
      <ManufacturerItemDescription>10 סכיני גילוח בלו II +</ManufacturerItemDescription>
      <UnitQty>יחידה</UnitQty>
      <Quantity>1.00</Quantity>
      <bIsWeighted>0</bIsWeighted>
      <UnitOfMeasure>יחידה</UnitOfMeasure>
      <QtyInPackage>1</QtyInPackage>
      <ItemPrice>30.90</ItemPrice>
      <UnitOfMeasurePrice>30.90</UnitOfMeasurePrice>
      <AllowDiscount>1</AllowDiscount>
      <ItemStatus>1</ItemStatus>
    </Item>
    <Item>
      <PriceUpdateDate>2025-05-30 05:46</PriceUpdateDate>
      <ItemCode>7702018500031</ItemCode>
      <ItemType>1</ItemType>
      <ItemName>גילט מכשיר סנסטיב +סכין</ItemName>
      <ManufacturerName>פארמה דיל</ManufacturerName>
      <ManufactureCountry>PL</ManufactureCountry>
      <ManufacturerItemDescription>גילט מכשיר סנסטיב +סכין</ManufacturerItemDescription>
      <UnitQty>יחידה</UnitQty>
      <Quantity>1.00</Quantity>
      <bIsWeighted>0</bIsWeighted>
      <UnitOfMeasure>יחידה</UnitOfMeasure>
      <QtyInPackage>0</QtyInPackage>
      <ItemPrice>39.90</ItemPrice>
      <UnitOfMeasurePrice>39.90</UnitOfMeasurePrice>
      <AllowDiscount>1</AllowDiscount>
      <ItemStatus>1</ItemStatus>
    </Item>
    <Item>
      <PriceUpdateDate>2024-12-23 17:26</PriceUpdateDate>
      <ItemCode>7702018614240</ItemCode>
      <ItemType>1</ItemType>
      <ItemName>סימפלי ונוס בייסיק מארז</ItemName>
      <ManufacturerName>כללי</ManufacturerName>
      <ManufactureCountry>PL</ManufactureCountry>
      <ManufacturerItemDescription>סימפלי ונוס בייסיק מארז</ManufacturerItemDescription>
      <UnitQty>יחידה</UnitQty>
      <Quantity>1.00</Quantity>
      <bIsWeighted>0</bIsWeighted>
      <UnitOfMeasure>יחידה</UnitOfMeasure>
      <QtyInPackage>1</QtyInPackage>
      <ItemPrice>33.90</ItemPrice>
      <UnitOfMeasurePrice>33.90</UnitOfMeasurePrice>
      <AllowDiscount>1</AllowDiscount>
      <ItemStatus>1</ItemStatus>
    </Item>
    <Item>
      <PriceUpdateDate>2025-12-01 20:20</PriceUpdateDate>
      <ItemCode>7702018980819</ItemCode>
      <ItemType>1</ItemType>
      <ItemName>ג'ל גילוח לעור רגיש200מ</ItemName>
      <ManufacturerName>פרוקטר &amp; גמבל</ManufacturerName>
      <ManufactureCountry>GB</ManufactureCountry>
      <ManufacturerItemDescription>גל גילוח לעור רגיש200מ</ManufacturerItemDescription>
      <UnitQty>מיליליטרים</UnitQty>
      <Quantity>200.00</Quantity>
      <bIsWeighted>0</bIsWeighted>
      <UnitOfMeasure>100 מ"ל</UnitOfMeasure>
      <QtyInPackage>1</QtyInPackage>
      <ItemPrice>10.00</ItemPrice>
      <UnitOfMeasurePrice>5.00</UnitOfMeasurePrice>
      <AllowDiscount>1</AllowDiscount>
      <ItemStatus>1</ItemStatus>
    </Item>
    <Item>
      <PriceUpdateDate>2025-12-09 19:10</PriceUpdateDate>
      <ItemCode>7791293048574</ItemCode>
      <ItemType>1</ItemType>
      <ItemName>דאודורנט דאב-אורגינל 150</ItemName>
      <ManufacturerName>יוניליוור ישראל טיפוח</ManufacturerName>
      <ManufactureCountry>AR</ManufactureCountry>
      <ManufacturerItemDescription>דאודורנט דאב-אורגינל 150</ManufacturerItemDescription>
      <UnitQty>מיליליטרים</UnitQty>
      <Quantity>150.00</Quantity>
      <bIsWeighted>0</bIsWeighted>
      <UnitOfMeasure>100 מ"ל</UnitOfMeasure>
      <QtyInPackage>1</QtyInPackage>
      <ItemPrice>14.90</ItemPrice>
      <UnitOfMeasurePrice>9.94</UnitOfMeasurePrice>
      <AllowDiscount>1</AllowDiscount>
      <ItemStatus>1</ItemStatus>
    </Item>
    <Item>
      <PriceUpdateDate>2025-12-09 19:10</PriceUpdateDate>
      <ItemCode>7791293048581</ItemCode>
      <ItemType>1</ItemType>
      <ItemName>דאודורנט דאב-מלפפון150מל</ItemName>
      <ManufacturerName>יוניליוור ישראל טיפוח</ManufacturerName>
      <ManufactureCountry>AR</ManufactureCountry>
      <ManufacturerItemDescription>דאודורנט דאב-מלפפון150מל</ManufacturerItemDescription>
      <UnitQty>מיליליטרים</UnitQty>
      <Quantity>150.00</Quantity>
      <bIsWeighted>0</bIsWeighted>
      <UnitOfMeasure>100 מ"ל</UnitOfMeasure>
      <QtyInPackage>1</QtyInPackage>
      <ItemPrice>14.90</ItemPrice>
      <UnitOfMeasurePrice>9.94</UnitOfMeasurePrice>
      <AllowDiscount>1</AllowDiscount>
      <ItemStatus>1</ItemStatus>
    </Item>
    <Item>
      <PriceUpdateDate>2025-12-11 15:00</PriceUpdateDate>
      <ItemCode>7791293048864</ItemCode>
      <ItemType>1</ItemType>
      <ItemName>ספריי אקס לגבר אפולו150מ</ItemName>
      <ManufacturerName>יוניליוור UK</ManufacturerName>
      <ManufactureCountry>AR</ManufactureCountry>
      <ManufacturerItemDescription>ספריי אקס לגבר אפולו150מ</ManufacturerItemDescription>
      <UnitQty>מיליליטרים</UnitQty>
      <Quantity>150.00</Quantity>
      <bIsWeighted>0</bIsWeighted>
      <UnitOfMeasure>100 מ"ל</UnitOfMeasure>
      <QtyInPackage>1</QtyInPackage>
      <ItemPrice>14.90</ItemPrice>
      <UnitOfMeasurePrice>9.93</UnitOfMeasurePrice>
      <AllowDiscount>1</AllowDiscount>
      <ItemStatus>1</ItemStatus>
    </Item>
    <Item>
      <PriceUpdateDate>2025-12-11 15:00</PriceUpdateDate>
      <ItemCode>7791293048871</ItemCode>
      <ItemType>1</ItemType>
      <ItemName>ספריי אקס לגבר בלאק150מ</ItemName>
      <ManufacturerName>יוניליוור UK</ManufacturerName>
      <ManufactureCountry>AR</ManufactureCountry>
      <ManufacturerItemDescription>ספריי אקס לגבר בלאק150מ</ManufacturerItemDescription>
      <UnitQty>מיליליטרים</UnitQty>
      <Quantity>150.00</Quantity>
      <bIsWeighted>0</bIsWeighted>
      <UnitOfMeasure>100 מ"ל</UnitOfMeasure>
      <QtyInPackage>1</QtyInPackage>
      <ItemPrice>14.90</ItemPrice>
      <UnitOfMeasurePrice>9.93</UnitOfMeasurePrice>
      <AllowDiscount>1</AllowDiscount>
      <ItemStatus>1</ItemStatus>
    </Item>
    <Item>
      <PriceUpdateDate>2021-07-08 11:32</PriceUpdateDate>
      <ItemCode>7792860006218</ItemCode>
      <ItemType>1</ItemType>
      <ItemName>בייבי דול לקקן 24 גרם</ItemName>
      <ManufacturerName>לרטייר</ManufacturerName>
      <ManufactureCountry>AR</ManufactureCountry>
      <ManufacturerItemDescription>בייבי דול לקקן 24 גרם</ManufacturerItemDescription>
      <UnitQty>גרמים</UnitQty>
      <Quantity>24.00</Quantity>
      <bIsWeighted>0</bIsWeighted>
      <UnitOfMeasure>100 גרם</UnitOfMeasure>
      <QtyInPackage>0</QtyInPackage>
      <ItemPrice>2.20</ItemPrice>
      <UnitOfMeasurePrice>9.17</UnitOfMeasurePrice>
      <AllowDiscount>1</AllowDiscount>
      <ItemStatus>1</ItemStatus>
    </Item>
    <Item>
      <PriceUpdateDate>2024-12-23 17:26</PriceUpdateDate>
      <ItemCode>77975095263</ItemCode>
      <ItemType>1</ItemType>
      <ItemName>שברי בייגלה מחמצת צ'ד319</ItemName>
      <ManufacturerName>סניידרס לאנס</ManufacturerName>
      <ManufactureCountry>US</ManufactureCountry>
      <ManufacturerItemDescription>שברי בייגלה מחמצת צד319</ManufacturerItemDescription>
      <UnitQty>גרמים</UnitQty>
      <Quantity>319.00</Quantity>
      <bIsWeighted>0</bIsWeighted>
      <UnitOfMeasure>100 גרם</UnitOfMeasure>
      <QtyInPackage>1</QtyInPackage>
      <ItemPrice>25.60</ItemPrice>
      <UnitOfMeasurePrice>8.03</UnitOfMeasurePrice>
      <AllowDiscount>1</AllowDiscount>
      <ItemStatus>1</ItemStatus>
    </Item>
    <Item>
      <PriceUpdateDate>2024-12-23 17:26</PriceUpdateDate>
      <ItemCode>77975095270</ItemCode>
      <ItemType>1</ItemType>
      <ItemName>סניידרס טעם דבש+חרדל319</ItemName>
      <ManufacturerName>---</ManufacturerName>
      <ManufactureCountry>US</ManufactureCountry>
      <ManufacturerItemDescription>סניידרס טעם דבש+חרדל319</ManufacturerItemDescription>
      <UnitQty>גרמים</UnitQty>
      <Quantity>319.00</Quantity>
      <bIsWeighted>0</bIsWeighted>
      <UnitOfMeasure>100 גרם</UnitOfMeasure>
      <QtyInPackage>1</QtyInPackage>
      <ItemPrice>25.60</ItemPrice>
      <UnitOfMeasurePrice>8.03</UnitOfMeasurePrice>
      <AllowDiscount>1</AllowDiscount>
      <ItemStatus>1</ItemStatus>
    </Item>
    <Item>
      <PriceUpdateDate>2024-12-23 17:20</PriceUpdateDate>
      <ItemCode>78300081098</ItemCode>
      <ItemType>1</ItemType>
      <ItemName>18פלייטקס ספורט רגולר</ItemName>
      <ManufacturerName>פלייטקס מניפאקטורינג בעמ</ManufacturerName>
      <ManufactureCountry>US</ManufactureCountry>
      <ManufacturerItemDescription>18פלייטקס ספורט רגולר</ManufacturerItemDescription>
      <UnitQty>יחידה</UnitQty>
      <Quantity>1.00</Quantity>
      <bIsWeighted>0</bIsWeighted>
      <UnitOfMeasure>יחידה</UnitOfMeasure>
      <QtyInPackage>1</QtyInPackage>
      <ItemPrice>31.90</ItemPrice>
      <UnitOfMeasurePrice>31.90</UnitOfMeasurePrice>
      <AllowDiscount>1</AllowDiscount>
      <ItemStatus>1</ItemStatus>
    </Item>
    <Item>
      <PriceUpdateDate>2024-12-23 17:20</PriceUpdateDate>
      <ItemCode>78300081357</ItemCode>
      <ItemType>1</ItemType>
      <ItemName>18פלייטקס ספורט ס.פלוס</ItemName>
      <ManufacturerName>---</ManufacturerName>
      <ManufactureCountry>US</ManufactureCountry>
      <ManufacturerItemDescription>18פלייטקס ספורט ס.פלוס</ManufacturerItemDescription>
      <UnitQty>יחידה</UnitQty>
      <Quantity>1.00</Quantity>
      <bIsWeighted>0</bIsWeighted>
      <UnitOfMeasure>יחידה</UnitOfMeasure>
      <QtyInPackage>1</QtyInPackage>
      <ItemPrice>31.90</ItemPrice>
      <UnitOfMeasurePrice>31.90</UnitOfMeasurePrice>
      <AllowDiscount>1</AllowDiscount>
      <ItemStatus>1</ItemStatus>
    </Item>
    <Item>
      <PriceUpdateDate>2024-12-10 10:20</PriceUpdateDate>
      <ItemCode>78300133155</ItemCode>
      <ItemType>1</ItemType>
      <ItemName>פליטקס טמפונים עם מוליך</ItemName>
      <ManufacturerName>פלייטקס מניפאקטורינג בעמ</ManufacturerName>
      <ManufactureCountry>US</ManufactureCountry>
      <ManufacturerItemDescription>פליטקס טמפונים עם מוליך</ManufacturerItemDescription>
      <UnitQty>יחידה</UnitQty>
      <Quantity>1.00</Quantity>
      <bIsWeighted>0</bIsWeighted>
      <UnitOfMeasure>יחידה</UnitOfMeasure>
      <QtyInPackage>1</QtyInPackage>
      <ItemPrice>31.90</ItemPrice>
      <UnitOfMeasurePrice>31.90</UnitOfMeasurePrice>
      <AllowDiscount>1</AllowDiscount>
      <ItemStatus>1</ItemStatus>
    </Item>
    <Item>
      <PriceUpdateDate>2025-11-27 21:40</PriceUpdateDate>
      <ItemCode>7891024124826</ItemCode>
      <ItemType>1</ItemType>
      <ItemName>קולגייט אופטיק וייט 75מל</ItemName>
      <ManufacturerName>קולגייט-פלמוליב</ManufacturerName>
      <ManufactureCountry>BR</ManufactureCountry>
      <ManufacturerItemDescription>קולגייט אופטיק וייט 75מל</ManufacturerItemDescription>
      <UnitQty>מיליליטרים</UnitQty>
      <Quantity>75.00</Quantity>
      <bIsWeighted>0</bIsWeighted>
      <UnitOfMeasure>100 מ"ל</UnitOfMeasure>
      <QtyInPackage>0</QtyInPackage>
      <ItemPrice>15.90</ItemPrice>
      <UnitOfMeasurePrice>21.20</UnitOfMeasurePrice>
      <AllowDiscount>1</AllowDiscount>
      <ItemStatus>1</ItemStatus>
    </Item>
    <Item>
      <PriceUpdateDate>2025-01-01 10:06</PriceUpdateDate>
      <ItemCode>79625014136</ItemCode>
      <ItemType>1</ItemType>
      <ItemName>מברשת פודרה קיבוע מייקאפ</ItemName>
      <ManufacturerName>כללי</ManufacturerName>
      <ManufactureCountry>IL</ManufactureCountry>
      <ManufacturerItemDescription>מברשת פודרה לקיב</ManufacturerItemDescription>
      <UnitQty>יחידה</UnitQty>
      <Quantity>1.00</Quantity>
      <bIsWeighted>0</bIsWeighted>
      <UnitOfMeasure>יחידה</UnitOfMeasure>
      <QtyInPackage>1</QtyInPackage>
      <ItemPrice>46.50</ItemPrice>
      <UnitOfMeasurePrice>46.50</UnitOfMeasurePrice>
      <AllowDiscount>1</AllowDiscount>
      <ItemStatus>1</ItemStatus>
    </Item>
    <Item>
      <PriceUpdateDate>2025-01-01 10:06</PriceUpdateDate>
      <ItemCode>79625018950</ItemCode>
      <ItemType>1</ItemType>
      <ItemName>ערכת 5מברשות רב שימושיות</ItemName>
      <ManufacturerName>כללי</ManufacturerName>
      <ManufactureCountry>IL</ManufactureCountry>
      <ManufacturerItemDescription>ערכת מברשות רב ש</ManufacturerItemDescription>
      <UnitQty>יחידה</UnitQty>
      <Quantity>1.00</Quantity>
      <bIsWeighted>0</bIsWeighted>
      <UnitOfMeasure>יחידה</UnitOfMeasure>
      <QtyInPackage>1</QtyInPackage>
      <ItemPrice>101.00</ItemPrice>
      <UnitOfMeasurePrice>101.00</UnitOfMeasurePrice>
      <AllowDiscount>1</AllowDiscount>
      <ItemStatus>1</ItemStatus>
    </Item>
    <Item>
      <PriceUpdateDate>2025-06-13 06:24</PriceUpdateDate>
      <ItemCode>79625440867</ItemCode>
      <ItemType>1</ItemType>
      <ItemName>סט מברשות</ItemName>
      <ManufacturerName>כללי</ManufacturerName>
      <ManufactureCountry>CN</ManufactureCountry>
      <ManufacturerItemDescription>סט מברשות</ManufacturerItemDescription>
      <UnitQty>יחידה</UnitQty>
      <Quantity>1.00</Quantity>
      <bIsWeighted>0</bIsWeighted>
      <UnitOfMeasure>יחידה</UnitOfMeasure>
      <QtyInPackage>1</QtyInPackage>
      <ItemPrice>99.00</ItemPrice>
      <UnitOfMeasurePrice>99.00</UnitOfMeasurePrice>
      <AllowDiscount>1</AllowDiscount>
      <ItemStatus>1</ItemStatus>
    </Item>
    <Item>
      <PriceUpdateDate>2025-01-01 10:06</PriceUpdateDate>
      <ItemCode>79625915327</ItemCode>
      <ItemType>1</ItemType>
      <ItemName>זוג מברשות לשפתיים יח'</ItemName>
      <ManufacturerName>כללי</ManufacturerName>
      <ManufactureCountry>IL</ManufactureCountry>
      <ManufacturerItemDescription>זוג מברשות לשפתי</ManufacturerItemDescription>
      <UnitQty>יחידה</UnitQty>
      <Quantity>1.00</Quantity>
      <bIsWeighted>0</bIsWeighted>
      <UnitOfMeasure>יחידה</UnitOfMeasure>
      <QtyInPackage>1</QtyInPackage>
      <ItemPrice>46.50</ItemPrice>
      <UnitOfMeasurePrice>46.50</UnitOfMeasurePrice>
      <AllowDiscount>1</AllowDiscount>
      <ItemStatus>1</ItemStatus>
    </Item>
    <Item>
      <PriceUpdateDate>2025-01-01 10:06</PriceUpdateDate>
      <ItemCode>79625915426</ItemCode>
      <ItemType>1</ItemType>
      <ItemName>מברשת להנחת קונסילר יח'</ItemName>
      <ManufacturerName>כללי</ManufacturerName>
      <ManufactureCountry>IL</ManufactureCountry>
      <ManufacturerItemDescription>מברשת להנחת קונס</ManufacturerItemDescription>
      <UnitQty>יחידה</UnitQty>
      <Quantity>1.00</Quantity>
      <bIsWeighted>0</bIsWeighted>
      <UnitOfMeasure>יחידה</UnitOfMeasure>
      <QtyInPackage>1</QtyInPackage>
      <ItemPrice>40.90</ItemPrice>
      <UnitOfMeasurePrice>40.90</UnitOfMeasurePrice>
      <AllowDiscount>1</AllowDiscount>
      <ItemStatus>1</ItemStatus>
    </Item>
    <Item>
      <PriceUpdateDate>2025-02-17 18:12</PriceUpdateDate>
      <ItemCode>8000380007219</ItemCode>
      <ItemType>1</ItemType>
      <ItemName>ופלים לואקר ט.אגוזים175ג</ItemName>
      <ManufacturerName>א. לואקר</ManufacturerName>
      <ManufactureCountry>AT</ManufactureCountry>
      <ManufacturerItemDescription>ופלים לואקר ט.אגוזים175ג</ManufacturerItemDescription>
      <UnitQty>גרמים</UnitQty>
      <Quantity>175.00</Quantity>
      <bIsWeighted>0</bIsWeighted>
      <UnitOfMeasure>100 גרם</UnitOfMeasure>
      <QtyInPackage>0</QtyInPackage>
      <ItemPrice>16.90</ItemPrice>
      <UnitOfMeasurePrice>9.66</UnitOfMeasurePrice>
      <AllowDiscount>1</AllowDiscount>
      <ItemStatus>1</ItemStatus>
    </Item>
    <Item>
      <PriceUpdateDate>2025-02-17 18:12</PriceUpdateDate>
      <ItemCode>8000380007257</ItemCode>
      <ItemType>1</ItemType>
      <ItemName>ופלים גרדנה 200 גרם</ItemName>
      <ManufacturerName>א. לואקר</ManufacturerName>
      <ManufactureCountry>IT</ManufactureCountry>
      <ManufacturerItemDescription>ופלים גרדנה 200 גרם</ManufacturerItemDescription>
      <UnitQty>גרמים</UnitQty>
      <Quantity>200.00</Quantity>
      <bIsWeighted>0</bIsWeighted>
      <UnitOfMeasure>100 גרם</UnitOfMeasure>
      <QtyInPackage>0</QtyInPackage>
      <ItemPrice>19.90</ItemPrice>
      <UnitOfMeasurePrice>9.95</UnitOfMeasurePrice>
      <AllowDiscount>1</AllowDiscount>
      <ItemStatus>1</ItemStatus>
    </Item>
    <Item>
      <PriceUpdateDate>2025-11-27 21:20</PriceUpdateDate>
      <ItemCode>8000500018828</ItemCode>
      <ItemType>1</ItemType>
      <ItemName>שוקולד קינדר 300ג</ItemName>
      <ManufacturerName>פררו אס.פי.אי</ManufacturerName>
      <ManufactureCountry>IT</ManufactureCountry>
      <ManufacturerItemDescription>שוקולד קינדר 300ג</ManufacturerItemDescription>
      <UnitQty>גרמים</UnitQty>
      <Quantity>300.00</Quantity>
      <bIsWeighted>0</bIsWeighted>
      <UnitOfMeasure>100 גרם</UnitOfMeasure>
      <QtyInPackage>1</QtyInPackage>
      <ItemPrice>22.90</ItemPrice>
      <UnitOfMeasurePrice>7.63</UnitOfMeasurePrice>
      <AllowDiscount>1</AllowDiscount>
      <ItemStatus>1</ItemStatus>
    </Item>
    <Item>
      <PriceUpdateDate>2025-11-27 21:10</PriceUpdateDate>
      <ItemCode>8000500023976</ItemCode>
      <ItemType>1</ItemType>
      <ItemName>בונבוניירת רפאלו 150 גרם</ItemName>
      <ManufacturerName>פררו - אלבה</ManufacturerName>
      <ManufactureCountry>PL</ManufactureCountry>
      <ManufacturerItemDescription>בונבוניירת רפאלו 150 גרם</ManufacturerItemDescription>
      <UnitQty>גרמים</UnitQty>
      <Quantity>150.00</Quantity>
      <bIsWeighted>0</bIsWeighted>
      <UnitOfMeasure>100 גרם</UnitOfMeasure>
      <QtyInPackage>0</QtyInPackage>
      <ItemPrice>18.90</ItemPrice>
      <UnitOfMeasurePrice>12.60</UnitOfMeasurePrice>
      <AllowDiscount>1</AllowDiscount>
      <ItemStatus>1</ItemStatus>
    </Item>
    <Item>
      <PriceUpdateDate>2025-11-27 21:10</PriceUpdateDate>
      <ItemCode>8000500026731</ItemCode>
      <ItemType>1</ItemType>
      <ItemName>ביצי הפתעה קינדר 3*20 גר</ItemName>
      <ManufacturerName>פררו אס.פי.אי</ManufacturerName>
      <ManufactureCountry>IT</ManufactureCountry>
      <ManufacturerItemDescription>ביצי הפתעה קינדר 3*20 גר</ManufacturerItemDescription>
      <UnitQty>גרמים</UnitQty>
      <Quantity>60.00</Quantity>
      <bIsWeighted>0</bIsWeighted>
      <UnitOfMeasure>100 גרם</UnitOfMeasure>
      <QtyInPackage>1</QtyInPackage>
      <ItemPrice>15.90</ItemPrice>
      <UnitOfMeasurePrice>26.50</UnitOfMeasurePrice>
      <AllowDiscount>1</AllowDiscount>
      <ItemStatus>1</ItemStatus>
    </Item>
    <Item>
      <PriceUpdateDate>2024-05-12 15:11</PriceUpdateDate>
      <ItemCode>8000500029350</ItemCode>
      <ItemType>1</ItemType>
      <ItemName>קינדר בואנו 3*43 גרם</ItemName>
      <ManufacturerName>פררו אס.פי.אי</ManufacturerName>
      <ManufactureCountry>PL</ManufactureCountry>
      <ManufacturerItemDescription>קינדר בואנו 3*43 גרם</ManufacturerItemDescription>
      <UnitQty>גרמים</UnitQty>
      <Quantity>129.00</Quantity>
      <bIsWeighted>0</bIsWeighted>
      <UnitOfMeasure>100 גרם</UnitOfMeasure>
      <QtyInPackage>0</QtyInPackage>
      <ItemPrice>16.90</ItemPrice>
      <UnitOfMeasurePrice>13.10</UnitOfMeasurePrice>
      <AllowDiscount>1</AllowDiscount>
      <ItemStatus>1</ItemStatus>
    </Item>
    <Item>
      <PriceUpdateDate>2025-11-27 21:10</PriceUpdateDate>
      <ItemCode>8000500037874</ItemCode>
      <ItemType>1</ItemType>
      <ItemName>בונבוניירת פררו רושה200ג</ItemName>
      <ManufacturerName>פררו אס.פי.אי</ManufacturerName>
      <ManufactureCountry>IT</ManufactureCountry>
      <ManufacturerItemDescription>בונבוניירת פררו רושה200ג</ManufacturerItemDescription>
      <UnitQty>גרמים</UnitQty>
      <Quantity>200.00</Quantity>
      <bIsWeighted>0</bIsWeighted>
      <UnitOfMeasure>100 גרם</UnitOfMeasure>
      <QtyInPackage>0</QtyInPackage>
      <ItemPrice>29.90</ItemPrice>
      <UnitOfMeasurePrice>14.95</UnitOfMeasurePrice>
      <AllowDiscount>1</AllowDiscount>
      <ItemStatus>1</ItemStatus>
    </Item>
    <Item>
      <PriceUpdateDate>2024-05-12 15:11</PriceUpdateDate>
      <ItemCode>8000500121436</ItemCode>
      <ItemType>1</ItemType>
      <ItemName>קינדר בואנו לבן 39*3 גרם</ItemName>
      <ManufacturerName>פררו אס.פי.אי</ManufacturerName>
      <ManufactureCountry>PL</ManufactureCountry>
      <ManufacturerItemDescription>קינדר בואנו לבן 3*39 גרם</ManufacturerItemDescription>
      <UnitQty>גרמים</UnitQty>
      <Quantity>117.00</Quantity>
      <bIsWeighted>0</bIsWeighted>
      <UnitOfMeasure>100 גרם</UnitOfMeasure>
      <QtyInPackage>0</QtyInPackage>
      <ItemPrice>16.90</ItemPrice>
      <UnitOfMeasurePrice>14.44</UnitOfMeasurePrice>
      <AllowDiscount>1</AllowDiscount>
      <ItemStatus>1</ItemStatus>
    </Item>
    <Item>
      <PriceUpdateDate>2025-05-22 16:27</PriceUpdateDate>
      <ItemCode>8000500167656</ItemCode>
      <ItemType>1</ItemType>
      <ItemName>קינדר שוקולד עם דגנים94ג</ItemName>
      <ManufacturerName>פררו אס.פי.אי</ManufacturerName>
      <ManufactureCountry>IT</ManufactureCountry>
      <ManufacturerItemDescription>קינדר שוקולד עם דגנים94ג</ManufacturerItemDescription>
      <UnitQty>גרמים</UnitQty>
      <Quantity>94.00</Quantity>
      <bIsWeighted>0</bIsWeighted>
      <UnitOfMeasure>100 גרם</UnitOfMeasure>
      <QtyInPackage>1</QtyInPackage>
      <ItemPrice>11.90</ItemPrice>
      <UnitOfMeasurePrice>12.66</UnitOfMeasurePrice>
      <AllowDiscount>1</AllowDiscount>
      <ItemStatus>1</ItemStatus>
    </Item>
    <Item>
      <PriceUpdateDate>2025-05-22 16:27</PriceUpdateDate>
      <ItemCode>8000500227848</ItemCode>
      <ItemType>1</ItemType>
      <ItemName>וופל נוטלה 132 גרם</ItemName>
      <ManufacturerName>פררו אס.פי.אי</ManufacturerName>
      <ManufactureCountry>IT</ManufactureCountry>
      <ManufacturerItemDescription>וופל נוטלה 132 גרם</ManufacturerItemDescription>
      <UnitQty>גרמים</UnitQty>
      <Quantity>132.00</Quantity>
      <bIsWeighted>0</bIsWeighted>
      <UnitOfMeasure>100 גרם</UnitOfMeasure>
      <QtyInPackage>1</QtyInPackage>
      <ItemPrice>18.90</ItemPrice>
      <UnitOfMeasurePrice>14.32</UnitOfMeasurePrice>
      <AllowDiscount>1</AllowDiscount>
      <ItemStatus>1</ItemStatus>
    </Item>
    <Item>
      <PriceUpdateDate>2025-05-18 10:20</PriceUpdateDate>
      <ItemCode>8000500269169</ItemCode>
      <ItemType>1</ItemType>
      <ItemName>קינדר קארדס 128 גרם</ItemName>
      <ManufacturerName>---</ManufacturerName>
      <ManufactureCountry>IT</ManufactureCountry>
      <ManufacturerItemDescription>קינדר קארדס 128 גרם</ManufacturerItemDescription>
      <UnitQty>גרמים</UnitQty>
      <Quantity>128.00</Quantity>
      <bIsWeighted>0</bIsWeighted>
      <UnitOfMeasure>100 גרם</UnitOfMeasure>
      <QtyInPackage>1</QtyInPackage>
      <ItemPrice>18.90</ItemPrice>
      <UnitOfMeasurePrice>14.77</UnitOfMeasurePrice>
      <AllowDiscount>1</AllowDiscount>
      <ItemStatus>1</ItemStatus>
    </Item>
    <Item>
      <PriceUpdateDate>2025-05-18 10:19</PriceUpdateDate>
      <ItemCode>8000500366073</ItemCode>
      <ItemType>1</ItemType>
      <ItemName>ביסקוויט נוטלה 276 גרם</ItemName>
      <ManufacturerName>---</ManufacturerName>
      <ManufactureCountry>IT</ManufactureCountry>
      <ManufacturerItemDescription>ביסקוויט נוטלה 276 גרם</ManufacturerItemDescription>
      <UnitQty>גרמים</UnitQty>
      <Quantity>276.00</Quantity>
      <bIsWeighted>0</bIsWeighted>
      <UnitOfMeasure>100 גרם</UnitOfMeasure>
      <QtyInPackage>1</QtyInPackage>
      <ItemPrice>26.90</ItemPrice>
      <UnitOfMeasurePrice>9.75</UnitOfMeasurePrice>
      <AllowDiscount>1</AllowDiscount>
      <ItemStatus>1</ItemStatus>
    </Item>
    <Item>
      <PriceUpdateDate>2025-11-21 05:44</PriceUpdateDate>
      <ItemCode>8000500390641</ItemCode>
      <ItemType>1</ItemType>
      <ItemName>קינדר בואנו ביצים 80 גרם</ItemName>
      <ManufacturerName>אלבה</ManufacturerName>
      <ManufactureCountry>IT</ManufactureCountry>
      <ManufacturerItemDescription>קינדר בואנו ביצים 80 גרם</ManufacturerItemDescription>
      <UnitQty>גרמים</UnitQty>
      <Quantity>80.00</Quantity>
      <bIsWeighted>0</bIsWeighted>
      <UnitOfMeasure>100 גרם</UnitOfMeasure>
      <QtyInPackage>1</QtyInPackage>
      <ItemPrice>17.90</ItemPrice>
      <UnitOfMeasurePrice>22.38</UnitOfMeasurePrice>
      <AllowDiscount>1</AllowDiscount>
      <ItemStatus>1</ItemStatus>
    </Item>
    <Item>
      <PriceUpdateDate>2024-07-04 13:11</PriceUpdateDate>
      <ItemCode>8001090184375</ItemCode>
      <ItemType>1</ItemType>
      <ItemName>פיירי לכלים אוריגינל900מ</ItemName>
      <ManufacturerName>PROCTER&amp;GAMBLE</ManufacturerName>
      <ManufactureCountry>GB</ManufactureCountry>
      <ManufacturerItemDescription>פיירי לכלים אוריגינל900מ</ManufacturerItemDescription>
      <UnitQty>מיליליטרים</UnitQty>
      <Quantity>900.00</Quantity>
      <bIsWeighted>0</bIsWeighted>
      <UnitOfMeasure>100 מ"ל</UnitOfMeasure>
      <QtyInPackage>1</QtyInPackage>
      <ItemPrice>16.90</ItemPrice>
      <UnitOfMeasurePrice>1.88</UnitOfMeasurePrice>
      <AllowDiscount>1</AllowDiscount>
      <ItemStatus>1</ItemStatus>
    </Item>
    <Item>
      <PriceUpdateDate>2024-07-04 13:11</PriceUpdateDate>
      <ItemCode>8001090184412</ItemCode>
      <ItemType>1</ItemType>
      <ItemName>פיירי לכלים לימון 900 מל</ItemName>
      <ManufacturerName>PROCTER&amp;GAMBLE</ManufacturerName>
      <ManufactureCountry>GB</ManufactureCountry>
      <ManufacturerItemDescription>פיירי לכלים לימון 900 מל</ManufacturerItemDescription>
      <UnitQty>מיליליטרים</UnitQty>
      <Quantity>900.00</Quantity>
      <bIsWeighted>0</bIsWeighted>
      <UnitOfMeasure>100 מ"ל</UnitOfMeasure>
      <QtyInPackage>1</QtyInPackage>
      <ItemPrice>16.90</ItemPrice>
      <UnitOfMeasurePrice>1.88</UnitOfMeasurePrice>
      <AllowDiscount>1</AllowDiscount>
      <ItemStatus>1</ItemStatus>
    </Item>
    <Item>
      <PriceUpdateDate>2025-04-04 09:47</PriceUpdateDate>
      <ItemCode>8001090591937</ItemCode>
      <ItemType>1</ItemType>
      <ItemName>ונוס מכשיר גילוח דובדבן</ItemName>
      <ManufacturerName>china gamble &amp; procter</ManufacturerName>
      <ManufactureCountry>PL</ManufactureCountry>
      <ManufacturerItemDescription>ונוס מכשיר גילוח דובדבן</ManufacturerItemDescription>
      <UnitQty>יחידה</UnitQty>
      <Quantity>1.00</Quantity>
      <bIsWeighted>0</bIsWeighted>
      <UnitOfMeasure>יחידה</UnitOfMeasure>
      <QtyInPackage>1</QtyInPackage>
      <ItemPrice>48.50</ItemPrice>
      <UnitOfMeasurePrice>48.50</UnitOfMeasurePrice>
      <AllowDiscount>1</AllowDiscount>
      <ItemStatus>1</ItemStatus>
    </Item>
    <Item>
      <PriceUpdateDate>2025-12-01 20:20</PriceUpdateDate>
      <ItemCode>8001090899194</ItemCode>
      <ItemType>1</ItemType>
      <ItemName>אולוויז פלטינום נורמל 24</ItemName>
      <ManufacturerName>PROCTER&amp;GAMBLE</ManufacturerName>
      <ManufactureCountry>DE</ManufactureCountry>
      <ManufacturerItemDescription>אולוויז פלטינום נורמל 24</ManufacturerItemDescription>
      <UnitQty>יחידה</UnitQty>
      <Quantity>1.00</Quantity>
      <bIsWeighted>0</bIsWeighted>
      <UnitOfMeasure>יחידה</UnitOfMeasure>
      <QtyInPackage>1</QtyInPackage>
      <ItemPrice>22.90</ItemPrice>
      <UnitOfMeasurePrice>22.90</UnitOfMeasurePrice>
      <AllowDiscount>1</AllowDiscount>
      <ItemStatus>1</ItemStatus>
    </Item>
    <Item>
      <PriceUpdateDate>2025-12-01 20:20</PriceUpdateDate>
      <ItemCode>8001090899224</ItemCode>
      <ItemType>1</ItemType>
      <ItemName>אולוויז פלטינום לונג 20</ItemName>
      <ManufacturerName>PROCTER&amp;GAMBLE</ManufacturerName>
      <ManufactureCountry>DE</ManufactureCountry>
      <ManufacturerItemDescription>אולוויז פלטינום לונג 20</ManufacturerItemDescription>
      <UnitQty>יחידה</UnitQty>
      <Quantity>1.00</Quantity>
      <bIsWeighted>0</bIsWeighted>
      <UnitOfMeasure>יחידה</UnitOfMeasure>
      <QtyInPackage>1</QtyInPackage>
      <ItemPrice>22.90</ItemPrice>
      <UnitOfMeasurePrice>22.90</UnitOfMeasurePrice>
      <AllowDiscount>1</AllowDiscount>
      <ItemStatus>1</ItemStatus>
    </Item>
    <Item>
      <PriceUpdateDate>2025-12-01 20:20</PriceUpdateDate>
      <ItemCode>8001090899255</ItemCode>
      <ItemType>1</ItemType>
      <ItemName>אולוויז פלטינום לילה 16י</ItemName>
      <ManufacturerName>פרוקטר אנד גמבל</ManufacturerName>
      <ManufactureCountry>DE</ManufactureCountry>
      <ManufacturerItemDescription>אולוויז פלטינום לילה 16י</ManufacturerItemDescription>
      <UnitQty>יחידה</UnitQty>
      <Quantity>1.00</Quantity>
      <bIsWeighted>0</bIsWeighted>
      <UnitOfMeasure>יחידה</UnitOfMeasure>
      <QtyInPackage>1</QtyInPackage>
      <ItemPrice>22.90</ItemPrice>
      <UnitOfMeasurePrice>22.90</UnitOfMeasurePrice>
      <AllowDiscount>1</AllowDiscount>
      <ItemStatus>1</ItemStatus>
    </Item>
    <Item>
      <PriceUpdateDate>2025-12-01 20:20</PriceUpdateDate>
      <ItemCode>8001090899286</ItemCode>
      <ItemType>1</ItemType>
      <ItemName>אולוויז פלטינום לילה 14</ItemName>
      <ManufacturerName>פרוקטר אנד גמבל</ManufacturerName>
      <ManufactureCountry>UA</ManufactureCountry>
      <ManufacturerItemDescription>אולוויז פלטינום לילה 14</ManufacturerItemDescription>
      <UnitQty>יחידה</UnitQty>
      <Quantity>1.00</Quantity>
      <bIsWeighted>0</bIsWeighted>
      <UnitOfMeasure>יחידה</UnitOfMeasure>
      <QtyInPackage>1</QtyInPackage>
      <ItemPrice>22.90</ItemPrice>
      <UnitOfMeasurePrice>22.90</UnitOfMeasurePrice>
      <AllowDiscount>1</AllowDiscount>
      <ItemStatus>1</ItemStatus>
    </Item>
    <Item>
      <PriceUpdateDate>2024-12-23 17:26</PriceUpdateDate>
      <ItemCode>8001160001786</ItemCode>
      <ItemType>1</ItemType>
      <ItemName>גטורייד כחול 500מ"ל</ItemName>
      <ManufacturerName>אקווה מינרלה סאן בנדטו</ManufacturerName>
      <ManufactureCountry>IT</ManufactureCountry>
      <ManufacturerItemDescription>גטורייד כחול 500מ"ל</ManufacturerItemDescription>
      <UnitQty>מיליליטרים</UnitQty>
      <Quantity>500.00</Quantity>
      <bIsWeighted>0</bIsWeighted>
      <UnitOfMeasure>100 מ"ל</UnitOfMeasure>
      <QtyInPackage>0</QtyInPackage>
      <ItemPrice>14.20</ItemPrice>
      <UnitOfMeasurePrice>2.84</UnitOfMeasurePrice>
      <AllowDiscount>1</AllowDiscount>
      <ItemStatus>1</ItemStatus>
    </Item>
    <Item>
      <PriceUpdateDate>2024-12-23 17:26</PriceUpdateDate>
      <ItemCode>8001160001892</ItemCode>
      <ItemType>1</ItemType>
      <ItemName>גטורייד תפוז אדום 500מ"ל</ItemName>
      <ManufacturerName>אקווה מינרלה סאן בנדטו</ManufacturerName>
      <ManufactureCountry>IT</ManufactureCountry>
      <ManufacturerItemDescription>גטורייד תפוז אדום 500מ"ל</ManufacturerItemDescription>
      <UnitQty>מיליליטרים</UnitQty>
      <Quantity>500.00</Quantity>
      <bIsWeighted>0</bIsWeighted>
      <UnitOfMeasure>100 מ"ל</UnitOfMeasure>
      <QtyInPackage>0</QtyInPackage>
      <ItemPrice>14.20</ItemPrice>
      <UnitOfMeasurePrice>2.84</UnitOfMeasurePrice>
      <AllowDiscount>1</AllowDiscount>
      <ItemStatus>1</ItemStatus>
    </Item>
    <Item>
      <PriceUpdateDate>2024-12-23 17:26</PriceUpdateDate>
      <ItemCode>8001620015612</ItemCode>
      <ItemType>1</ItemType>
      <ItemName>פרוטה גזר תפוז 400 מ"ל</ItemName>
      <ManufacturerName>אקווה מינרלה סאן בנדטו</ManufacturerName>
      <ManufactureCountry>IT</ManufactureCountry>
      <ManufacturerItemDescription>פרוטה גזר תפוז 400 מ"ל</ManufacturerItemDescription>
      <UnitQty>מיליליטרים</UnitQty>
      <Quantity>400.00</Quantity>
      <bIsWeighted>0</bIsWeighted>
      <UnitOfMeasure>100 מ"ל</UnitOfMeasure>
      <QtyInPackage>1</QtyInPackage>
      <ItemPrice>9.20</ItemPrice>
      <UnitOfMeasurePrice>2.30</UnitOfMeasurePrice>
      <AllowDiscount>1</AllowDiscount>
      <ItemStatus>1</ItemStatus>
    </Item>
    <Item>
      <PriceUpdateDate>2024-12-23 17:26</PriceUpdateDate>
      <ItemCode>8001620015636</ItemCode>
      <ItemType>1</ItemType>
      <ItemName>משקה פרוטה פירות 400 מ"ל</ItemName>
      <ManufacturerName>אקווה מינרלה סאן בנדטו</ManufacturerName>
      <ManufactureCountry>IT</ManufactureCountry>
      <ManufacturerItemDescription>משקה פרוטה פירות 400 מ"ל</ManufacturerItemDescription>
      <UnitQty>מיליליטרים</UnitQty>
      <Quantity>400.00</Quantity>
      <bIsWeighted>0</bIsWeighted>
      <UnitOfMeasure>100 מ"ל</UnitOfMeasure>
      <QtyInPackage>1</QtyInPackage>
      <ItemPrice>9.20</ItemPrice>
      <UnitOfMeasurePrice>2.30</UnitOfMeasurePrice>
      <AllowDiscount>1</AllowDiscount>
      <ItemStatus>1</ItemStatus>
    </Item>
    <Item>
      <PriceUpdateDate>2024-12-23 17:26</PriceUpdateDate>
      <ItemCode>8001620019160</ItemCode>
      <ItemType>1</ItemType>
      <ItemName>סאן בנדטו אפרסק 400 מ"ל</ItemName>
      <ManufacturerName>אקווה מינרלה סאן בנדטו</ManufacturerName>
      <ManufactureCountry>IT</ManufactureCountry>
      <ManufacturerItemDescription>סאן בנדטו אפרסק 400 מ"ל</ManufacturerItemDescription>
      <UnitQty>מיליליטרים</UnitQty>
      <Quantity>400.00</Quantity>
      <bIsWeighted>0</bIsWeighted>
      <UnitOfMeasure>100 מ"ל</UnitOfMeasure>
      <QtyInPackage>1</QtyInPackage>
      <ItemPrice>7.20</ItemPrice>
      <UnitOfMeasurePrice>1.80</UnitOfMeasurePrice>
      <AllowDiscount>1</AllowDiscount>
      <ItemStatus>1</ItemStatus>
    </Item>
    <Item>
      <PriceUpdateDate>2024-12-23 17:26</PriceUpdateDate>
      <ItemCode>8001620019177</ItemCode>
      <ItemType>1</ItemType>
      <ItemName>סאן בנדטו ענבים 400 מ"ל</ItemName>
      <ManufacturerName>אקווה מינרלה סאן בנדטו</ManufacturerName>
      <ManufactureCountry>IT</ManufactureCountry>
      <ManufacturerItemDescription>סאן בנדטו ענבים 400 מ"ל</ManufacturerItemDescription>
      <UnitQty>מיליליטרים</UnitQty>
      <Quantity>400.00</Quantity>
      <bIsWeighted>0</bIsWeighted>
      <UnitOfMeasure>100 מ"ל</UnitOfMeasure>
      <QtyInPackage>1</QtyInPackage>
      <ItemPrice>7.20</ItemPrice>
      <UnitOfMeasurePrice>1.80</UnitOfMeasurePrice>
      <AllowDiscount>1</AllowDiscount>
      <ItemStatus>1</ItemStatus>
    </Item>
    <Item>
      <PriceUpdateDate>2024-12-23 17:20</PriceUpdateDate>
      <ItemCode>8001841053806</ItemCode>
      <ItemType>1</ItemType>
      <ItemName>אולוויז עבות לילה 9יח</ItemName>
      <ManufacturerName>PROCTER&amp;GAMBLE</ManufacturerName>
      <ManufactureCountry>DE</ManufactureCountry>
      <ManufacturerItemDescription>אולוויז עבות לילה 9יח</ManufacturerItemDescription>
      <UnitQty>יחידה</UnitQty>
      <Quantity>1.00</Quantity>
      <bIsWeighted>0</bIsWeighted>
      <UnitOfMeasure>יחידה</UnitOfMeasure>
      <QtyInPackage>1</QtyInPackage>
      <ItemPrice>15.50</ItemPrice>
      <UnitOfMeasurePrice>15.50</UnitOfMeasurePrice>
      <AllowDiscount>1</AllowDiscount>
      <ItemStatus>1</ItemStatus>
    </Item>
    <Item>
      <PriceUpdateDate>2025-01-30 13:36</PriceUpdateDate>
      <ItemCode>8001841625188</ItemCode>
      <ItemType>1</ItemType>
      <ItemName>פיירי פלטינום לימון515מל</ItemName>
      <ManufacturerName>PROCTER&amp;GAMBLE</ManufacturerName>
      <ManufactureCountry>GB</ManufactureCountry>
      <ManufacturerItemDescription>פיירי פלטינום לימון515מל</ManufacturerItemDescription>
      <UnitQty>מיליליטרים</UnitQty>
      <Quantity>515.00</Quantity>
      <bIsWeighted>0</bIsWeighted>
      <UnitOfMeasure>100 מ"ל</UnitOfMeasure>
      <QtyInPackage>1</QtyInPackage>
      <ItemPrice>13.90</ItemPrice>
      <UnitOfMeasurePrice>2.70</UnitOfMeasurePrice>
      <AllowDiscount>1</AllowDiscount>
      <ItemStatus>1</ItemStatus>
    </Item>
    <Item>
      <PriceUpdateDate>2025-12-01 20:20</PriceUpdateDate>
      <ItemCode>8001841689425</ItemCode>
      <ItemType>1</ItemType>
      <ItemName>פנטן מיראקלס במבוק 275מ</ItemName>
      <ManufacturerName>---</ManufacturerName>
      <ManufactureCountry>FR</ManufactureCountry>
      <ManufacturerItemDescription>פנטן מיראקלס במבוק 275מ</ManufacturerItemDescription>
      <UnitQty>גרמים</UnitQty>
      <Quantity>267.00</Quantity>
      <bIsWeighted>0</bIsWeighted>
      <UnitOfMeasure>100 גרם</UnitOfMeasure>
      <QtyInPackage>1</QtyInPackage>
      <ItemPrice>16.90</ItemPrice>
      <UnitOfMeasurePrice>6.33</UnitOfMeasurePrice>
      <AllowDiscount>1</AllowDiscount>
      <ItemStatus>1</ItemStatus>
    </Item>
    <Item>
      <PriceUpdateDate>2025-12-01 20:20</PriceUpdateDate>
      <ItemCode>8001841689494</ItemCode>
      <ItemType>1</ItemType>
      <ItemName>שמפו פנטן מיראקלס 400מ</ItemName>
      <ManufacturerName>---</ManufacturerName>
      <ManufactureCountry>FR</ManufactureCountry>
      <ManufacturerItemDescription>שמפו פנטן מיראקלס 400מ</ManufacturerItemDescription>
      <UnitQty>גרמים</UnitQty>
      <Quantity>400.00</Quantity>
      <bIsWeighted>0</bIsWeighted>
      <UnitOfMeasure>100 גרם</UnitOfMeasure>
      <QtyInPackage>1</QtyInPackage>
      <ItemPrice>16.90</ItemPrice>
      <UnitOfMeasurePrice>4.23</UnitOfMeasurePrice>
      <AllowDiscount>1</AllowDiscount>
      <ItemStatus>1</ItemStatus>
    </Item>
    <Item>
      <PriceUpdateDate>2024-12-23 17:18</PriceUpdateDate>
      <ItemCode>8002910043476</ItemCode>
      <ItemType>1</ItemType>
      <ItemName>ויט רצועות לקו הביקיני16</ItemName>
      <ManufacturerName>רקיט בנקיזר</ManufacturerName>
      <ManufactureCountry>FR</ManufactureCountry>
      <ManufacturerItemDescription>ויט רצועות לקו הביקיני16</ManufacturerItemDescription>
      <UnitQty>יחידה</UnitQty>
      <Quantity>1.00</Quantity>
      <bIsWeighted>0</bIsWeighted>
      <UnitOfMeasure>יחידה</UnitOfMeasure>
      <QtyInPackage>1</QtyInPackage>
      <ItemPrice>46.90</ItemPrice>
      <UnitOfMeasurePrice>46.90</UnitOfMeasurePrice>
      <AllowDiscount>1</AllowDiscount>
      <ItemStatus>1</ItemStatus>
    </Item>
    <Item>
      <PriceUpdateDate>2025-11-27 21:40</PriceUpdateDate>
      <ItemCode>8003520033659</ItemCode>
      <ItemType>1</ItemType>
      <ItemName>ס.נוזלי חלב&amp;דבש-פלמוליב</ItemName>
      <ManufacturerName>קולגייט-פלמוליב</ManufacturerName>
      <ManufactureCountry>IL</ManufactureCountry>
      <ManufacturerItemDescription>ס.נוזלי חלב&amp;דבש-פלמוליב</ManufacturerItemDescription>
      <UnitQty>מיליליטרים</UnitQty>
      <Quantity>500.00</Quantity>
      <bIsWeighted>0</bIsWeighted>
      <UnitOfMeasure>100 מ"ל</UnitOfMeasure>
      <QtyInPackage>1</QtyInPackage>
      <ItemPrice>10.00</ItemPrice>
      <UnitOfMeasurePrice>2.00</UnitOfMeasurePrice>
      <AllowDiscount>1</AllowDiscount>
      <ItemStatus>1</ItemStatus>
    </Item>
    <Item>
      <PriceUpdateDate>2025-07-11 05:44</PriceUpdateDate>
      <ItemCode>8003520033666</ItemCode>
      <ItemType>1</ItemType>
      <ItemName>סבון ידיים שקדים 500מל</ItemName>
      <ManufacturerName>קולגייט-פלמוליב</ManufacturerName>
      <ManufactureCountry>IT</ManufactureCountry>
      <ManufacturerItemDescription>סבון ידיים שקדים 500מל</ManufacturerItemDescription>
      <UnitQty>מיליליטרים</UnitQty>
      <Quantity>500.00</Quantity>
      <bIsWeighted>0</bIsWeighted>
      <UnitOfMeasure>100 מ"ל</UnitOfMeasure>
      <QtyInPackage>1</QtyInPackage>
      <ItemPrice>21.90</ItemPrice>
      <UnitOfMeasurePrice>4.38</UnitOfMeasurePrice>
      <AllowDiscount>1</AllowDiscount>
      <ItemStatus>1</ItemStatus>
    </Item>
    <Item>
      <PriceUpdateDate>2025-05-18 10:17</PriceUpdateDate>
      <ItemCode>80050124</ItemCode>
      <ItemType>1</ItemType>
      <ItemName>טיק טק סוכריות מנטה16גרם</ItemName>
      <ManufacturerName>פררו אס.פי.אי</ManufacturerName>
      <ManufactureCountry>IN</ManufactureCountry>
      <ManufacturerItemDescription>טיק טק סוכריות מנטה16גרם</ManufacturerItemDescription>
      <UnitQty>גרמים</UnitQty>
      <Quantity>16.00</Quantity>
      <bIsWeighted>0</bIsWeighted>
      <UnitOfMeasure>100 גרם</UnitOfMeasure>
      <QtyInPackage>0</QtyInPackage>
      <ItemPrice>5.90</ItemPrice>
      <UnitOfMeasurePrice>36.88</UnitOfMeasurePrice>
      <AllowDiscount>1</AllowDiscount>
      <ItemStatus>1</ItemStatus>
    </Item>
    <Item>
      <PriceUpdateDate>2025-05-22 12:47</PriceUpdateDate>
      <ItemCode>80052760</ItemCode>
      <ItemType>1</ItemType>
      <ItemName>קינדר בואנו 2 * 21.5 גרם</ItemName>
      <ManufacturerName>פררו אס.פי.אי</ManufacturerName>
      <ManufactureCountry>PL</ManufactureCountry>
      <ManufacturerItemDescription>קינדר בואנו 2 * 21.5 גרם</ManufacturerItemDescription>
      <UnitQty>גרמים</UnitQty>
      <Quantity>43.00</Quantity>
      <bIsWeighted>0</bIsWeighted>
      <UnitOfMeasure>100 גרם</UnitOfMeasure>
      <QtyInPackage>0</QtyInPackage>
      <ItemPrice>7.90</ItemPrice>
      <UnitOfMeasurePrice>18.37</UnitOfMeasurePrice>
      <AllowDiscount>1</AllowDiscount>
      <ItemStatus>1</ItemStatus>
    </Item>
    <Item>
      <PriceUpdateDate>2025-01-31 17:35</PriceUpdateDate>
      <ItemCode>8006540124758</ItemCode>
      <ItemType>1</ItemType>
      <ItemName>פנטן שמן הגנת קרטין100מל</ItemName>
      <ManufacturerName>PROCTER&amp;GAMBLE</ManufacturerName>
      <ManufactureCountry>FR</ManufactureCountry>
      <ManufacturerItemDescription>פנטן שמן הגנת קרטין100מל</ManufacturerItemDescription>
      <UnitQty>מיליליטרים</UnitQty>
      <Quantity>100.00</Quantity>
      <bIsWeighted>0</bIsWeighted>
      <UnitOfMeasure>100 מ"ל</UnitOfMeasure>
      <QtyInPackage>1</QtyInPackage>
      <ItemPrice>34.90</ItemPrice>
      <UnitOfMeasurePrice>34.90</UnitOfMeasurePrice>
      <AllowDiscount>1</AllowDiscount>
      <ItemStatus>1</ItemStatus>
    </Item>
    <Item>
      <PriceUpdateDate>2025-01-31 17:35</PriceUpdateDate>
      <ItemCode>8006540124833</ItemCode>
      <ItemType>1</ItemType>
      <ItemName>פנטן שמן מועשר בארגן100מ</ItemName>
      <ManufacturerName>PROCTER&amp;GAMBLE</ManufacturerName>
      <ManufactureCountry>FR</ManufactureCountry>
      <ManufacturerItemDescription>פנטן שמן מועשר בארגן100מ</ManufacturerItemDescription>
      <UnitQty>מיליליטרים</UnitQty>
      <Quantity>100.00</Quantity>
      <bIsWeighted>0</bIsWeighted>
      <UnitOfMeasure>100 מ"ל</UnitOfMeasure>
      <QtyInPackage>1</QtyInPackage>
      <ItemPrice>34.90</ItemPrice>
      <UnitOfMeasurePrice>34.90</UnitOfMeasurePrice>
      <AllowDiscount>1</AllowDiscount>
      <ItemStatus>1</ItemStatus>
    </Item>
    <Item>
      <PriceUpdateDate>2025-12-01 20:20</PriceUpdateDate>
      <ItemCode>8006540352960</ItemCode>
      <ItemType>1</ItemType>
      <ItemName>טמפקס פרל רגולר 20  יח</ItemName>
      <ManufacturerName>פרוקטר אנד גמבל</ManufacturerName>
      <ManufactureCountry>HU</ManufactureCountry>
      <ManufacturerItemDescription>טמפקס פרל רגולר 20  יח</ManufacturerItemDescription>
      <UnitQty>יחידה</UnitQty>
      <Quantity>1.00</Quantity>
      <bIsWeighted>0</bIsWeighted>
      <UnitOfMeasure>יחידה</UnitOfMeasure>
      <QtyInPackage>1</QtyInPackage>
      <ItemPrice>21.90</ItemPrice>
      <UnitOfMeasurePrice>21.90</UnitOfMeasurePrice>
      <AllowDiscount>1</AllowDiscount>
      <ItemStatus>1</ItemStatus>
    </Item>
    <Item>
      <PriceUpdateDate>2025-12-01 20:20</PriceUpdateDate>
      <ItemCode>8006540353004</ItemCode>
      <ItemType>1</ItemType>
      <ItemName>טמפקס פרל סופר  18יח</ItemName>
      <ManufacturerName>פרוקטר אנד גמבל</ManufacturerName>
      <ManufactureCountry>HU</ManufactureCountry>
      <ManufacturerItemDescription>טמפקס פרל סופר  18יח</ManufacturerItemDescription>
      <UnitQty>יחידה</UnitQty>
      <Quantity>1.00</Quantity>
      <bIsWeighted>0</bIsWeighted>
      <UnitOfMeasure>יחידה</UnitOfMeasure>
      <QtyInPackage>1</QtyInPackage>
      <ItemPrice>21.90</ItemPrice>
      <UnitOfMeasurePrice>21.90</UnitOfMeasurePrice>
      <AllowDiscount>1</AllowDiscount>
      <ItemStatus>1</ItemStatus>
    </Item>
    <Item>
      <PriceUpdateDate>2025-12-01 20:20</PriceUpdateDate>
      <ItemCode>8006540358498</ItemCode>
      <ItemType>1</ItemType>
      <ItemName>טמפקס פרל סופר+ 18</ItemName>
      <ManufacturerName>PROCTER&amp;GAMBLE</ManufacturerName>
      <ManufactureCountry>HU</ManufactureCountry>
      <ManufacturerItemDescription>טמפקס פרל סופר+ 18</ManufacturerItemDescription>
      <UnitQty>יחידה</UnitQty>
      <Quantity>1.00</Quantity>
      <bIsWeighted>0</bIsWeighted>
      <UnitOfMeasure>יחידה</UnitOfMeasure>
      <QtyInPackage>1</QtyInPackage>
      <ItemPrice>21.90</ItemPrice>
      <UnitOfMeasurePrice>21.90</UnitOfMeasurePrice>
      <AllowDiscount>1</AllowDiscount>
      <ItemStatus>1</ItemStatus>
    </Item>
    <Item>
      <PriceUpdateDate>2025-12-15 15:03</PriceUpdateDate>
      <ItemCode>8006540423417</ItemCode>
      <ItemType>1</ItemType>
      <ItemName>סרום הרגעת הקרקפת 145מ"ל</ItemName>
      <ManufacturerName>PROCTER&amp;GAMBLE</ManufacturerName>
      <ManufactureCountry>DE</ManufactureCountry>
      <ManufacturerItemDescription>סרום הרגעת הקרקפת 145מ"ל</ManufacturerItemDescription>
      <UnitQty>מיליליטרים</UnitQty>
      <Quantity>145.00</Quantity>
      <bIsWeighted>0</bIsWeighted>
      <UnitOfMeasure>100 מ"ל</UnitOfMeasure>
      <QtyInPackage>1</QtyInPackage>
      <ItemPrice>29.90</ItemPrice>
      <UnitOfMeasurePrice>20.62</UnitOfMeasurePrice>
      <AllowDiscount>1</AllowDiscount>
      <ItemStatus>1</ItemStatus>
    </Item>
    <Item>
      <PriceUpdateDate>2025-12-12 10:40</PriceUpdateDate>
      <ItemCode>8006540544020</ItemCode>
      <ItemType>1</ItemType>
      <ItemName>קליר ג'ל AL גילט  70מ"ל</ItemName>
      <ManufacturerName>PROCTER&amp;GAMBLE</ManufacturerName>
      <ManufactureCountry>PL</ManufactureCountry>
      <ManufacturerItemDescription>קליר גל AL גילט  70מ"ל</ManufacturerItemDescription>
      <UnitQty>מיליליטרים</UnitQty>
      <Quantity>70.00</Quantity>
      <bIsWeighted>0</bIsWeighted>
      <UnitOfMeasure>100 מ"ל</UnitOfMeasure>
      <QtyInPackage>1</QtyInPackage>
      <ItemPrice>17.90</ItemPrice>
      <UnitOfMeasurePrice>25.57</UnitOfMeasurePrice>
      <AllowDiscount>1</AllowDiscount>
      <ItemStatus>1</ItemStatus>
    </Item>
    <Item>
      <PriceUpdateDate>2025-12-12 10:40</PriceUpdateDate>
      <ItemCode>8006540544068</ItemCode>
      <ItemType>1</ItemType>
      <ItemName>קליר ג'ל CW גילט  70מ"ל</ItemName>
      <ManufacturerName>PROCTER&amp;GAMBLE</ManufacturerName>
      <ManufactureCountry>PL</ManufactureCountry>
      <ManufacturerItemDescription>קליר גל CW גילט  70מ"ל</ManufacturerItemDescription>
      <UnitQty>מיליליטרים</UnitQty>
      <Quantity>70.00</Quantity>
      <bIsWeighted>0</bIsWeighted>
      <UnitOfMeasure>100 מ"ל</UnitOfMeasure>
      <QtyInPackage>1</QtyInPackage>
      <ItemPrice>17.90</ItemPrice>
      <UnitOfMeasurePrice>25.57</UnitOfMeasurePrice>
      <AllowDiscount>1</AllowDiscount>
      <ItemStatus>1</ItemStatus>
    </Item>
    <Item>
      <PriceUpdateDate>2025-12-12 10:40</PriceUpdateDate>
      <ItemCode>8006540544105</ItemCode>
      <ItemType>1</ItemType>
      <ItemName>קליר ג'ל גילט פאוואר70מל</ItemName>
      <ManufacturerName>PROCTER&amp;GAMBLE</ManufacturerName>
      <ManufactureCountry>PL</ManufactureCountry>
      <ManufacturerItemDescription>קליר גל גילט פאוואר70מל</ManufacturerItemDescription>
      <UnitQty>מיליליטרים</UnitQty>
      <Quantity>70.00</Quantity>
      <bIsWeighted>0</bIsWeighted>
      <UnitOfMeasure>100 מ"ל</UnitOfMeasure>
      <QtyInPackage>1</QtyInPackage>
      <ItemPrice>17.90</ItemPrice>
      <UnitOfMeasurePrice>25.57</UnitOfMeasurePrice>
      <AllowDiscount>1</AllowDiscount>
      <ItemStatus>1</ItemStatus>
    </Item>
    <Item>
      <PriceUpdateDate>2025-12-03 14:40</PriceUpdateDate>
      <ItemCode>8006540688892</ItemCode>
      <ItemType>1</ItemType>
      <ItemName>אולוויז מגנ.ללא ריח L 48</ItemName>
      <ManufacturerName>PROCTER&amp;GAMBLE</ManufacturerName>
      <ManufactureCountry>DE</ManufactureCountry>
      <ManufacturerItemDescription>אולוויז מגנ.ללא ריח L 48</ManufacturerItemDescription>
      <UnitQty>יחידה</UnitQty>
      <Quantity>1.00</Quantity>
      <bIsWeighted>0</bIsWeighted>
      <UnitOfMeasure>יחידה</UnitOfMeasure>
      <QtyInPackage>1</QtyInPackage>
      <ItemPrice>17.90</ItemPrice>
      <UnitOfMeasurePrice>17.90</UnitOfMeasurePrice>
      <AllowDiscount>1</AllowDiscount>
      <ItemStatus>1</ItemStatus>
    </Item>
    <Item>
      <PriceUpdateDate>2025-12-03 14:40</PriceUpdateDate>
      <ItemCode>8006540689059</ItemCode>
      <ItemType>1</ItemType>
      <ItemName>אולוויז מגן פרו פרש L 40</ItemName>
      <ManufacturerName>PROCTER&amp;GAMBLE</ManufacturerName>
      <ManufactureCountry>DE</ManufactureCountry>
      <ManufacturerItemDescription>אולוויז מגן פרו פרש L 40</ManufacturerItemDescription>
      <UnitQty>יחידה</UnitQty>
      <Quantity>1.00</Quantity>
      <bIsWeighted>0</bIsWeighted>
      <UnitOfMeasure>יחידה</UnitOfMeasure>
      <QtyInPackage>1</QtyInPackage>
      <ItemPrice>17.90</ItemPrice>
      <UnitOfMeasurePrice>17.90</UnitOfMeasurePrice>
      <AllowDiscount>1</AllowDiscount>
      <ItemStatus>1</ItemStatus>
    </Item>
    <Item>
      <PriceUpdateDate>2025-12-03 14:40</PriceUpdateDate>
      <ItemCode>8006540689110</ItemCode>
      <ItemType>1</ItemType>
      <ItemName>אולוויז מגנ Nללא ריח56יח</ItemName>
      <ManufacturerName>PROCTER&amp;GAMBLE</ManufacturerName>
      <ManufactureCountry>DE</ManufactureCountry>
      <ManufacturerItemDescription>אולוויז מגנ Nללא ריח56יח</ManufacturerItemDescription>
      <UnitQty>יחידה</UnitQty>
      <Quantity>1.00</Quantity>
      <bIsWeighted>0</bIsWeighted>
      <UnitOfMeasure>יחידה</UnitOfMeasure>
      <QtyInPackage>1</QtyInPackage>
      <ItemPrice>17.90</ItemPrice>
      <UnitOfMeasurePrice>17.90</UnitOfMeasurePrice>
      <AllowDiscount>1</AllowDiscount>
      <ItemStatus>1</ItemStatus>
    </Item>
    <Item>
      <PriceUpdateDate>2025-12-01 20:20</PriceUpdateDate>
      <ItemCode>8006540716625</ItemCode>
      <ItemType>1</ItemType>
      <ItemName>טמפקס פלאש סופר  18 יח</ItemName>
      <ManufacturerName>---</ManufacturerName>
      <ManufactureCountry>HU</ManufactureCountry>
      <ManufacturerItemDescription>טמפקס פלאש סופר  18 יח</ManufacturerItemDescription>
      <UnitQty>יחידה</UnitQty>
      <Quantity>1.00</Quantity>
      <bIsWeighted>0</bIsWeighted>
      <UnitOfMeasure>יחידה</UnitOfMeasure>
      <QtyInPackage>1</QtyInPackage>
      <ItemPrice>21.90</ItemPrice>
      <UnitOfMeasurePrice>21.90</UnitOfMeasurePrice>
      <AllowDiscount>1</AllowDiscount>
      <ItemStatus>1</ItemStatus>
    </Item>
    <Item>
      <PriceUpdateDate>2025-12-01 20:20</PriceUpdateDate>
      <ItemCode>8006540716670</ItemCode>
      <ItemType>1</ItemType>
      <ItemName>טמפקס פלאש סופר פלוס18יח</ItemName>
      <ManufacturerName>---</ManufacturerName>
      <ManufactureCountry>HU</ManufactureCountry>
      <ManufacturerItemDescription>טמפקס פלאש סופר פלוס18יח</ManufacturerItemDescription>
      <UnitQty>יחידה</UnitQty>
      <Quantity>1.00</Quantity>
      <bIsWeighted>0</bIsWeighted>
      <UnitOfMeasure>יחידה</UnitOfMeasure>
      <QtyInPackage>1</QtyInPackage>
      <ItemPrice>21.90</ItemPrice>
      <UnitOfMeasurePrice>21.90</UnitOfMeasurePrice>
      <AllowDiscount>1</AllowDiscount>
      <ItemStatus>1</ItemStatus>
    </Item>
    <Item>
      <PriceUpdateDate>2025-11-27 21:40</PriceUpdateDate>
      <ItemCode>8006540809662</ItemCode>
      <ItemType>1</ItemType>
      <ItemName>פיירי מקס פאור לימון 650</ItemName>
      <ManufacturerName>---</ManufacturerName>
      <ManufactureCountry>CZ</ManufactureCountry>
      <ManufacturerItemDescription>פיירי מקס פאור לימון 650</ManufacturerItemDescription>
      <UnitQty>מיליליטרים</UnitQty>
      <Quantity>650.00</Quantity>
      <bIsWeighted>0</bIsWeighted>
      <UnitOfMeasure>100 מ"ל</UnitOfMeasure>
      <QtyInPackage>1</QtyInPackage>
      <ItemPrice>14.90</ItemPrice>
      <UnitOfMeasurePrice>2.29</UnitOfMeasurePrice>
      <AllowDiscount>1</AllowDiscount>
      <ItemStatus>1</ItemStatus>
    </Item>
    <Item>
      <PriceUpdateDate>2024-12-23 17:21</PriceUpdateDate>
      <ItemCode>8006540822708</ItemCode>
      <ItemType>1</ItemType>
      <ItemName>אולווייז לילה 18יח</ItemName>
      <ManufacturerName>PROCTER&amp;GAMBLE</ManufacturerName>
      <ManufactureCountry>DE</ManufactureCountry>
      <ManufacturerItemDescription>אולווייז לילה 18יח</ManufacturerItemDescription>
      <UnitQty>יחידה</UnitQty>
      <Quantity>1.00</Quantity>
      <bIsWeighted>0</bIsWeighted>
      <UnitOfMeasure>יחידה</UnitOfMeasure>
      <QtyInPackage>1</QtyInPackage>
      <ItemPrice>24.90</ItemPrice>
      <UnitOfMeasurePrice>24.90</UnitOfMeasurePrice>
      <AllowDiscount>1</AllowDiscount>
      <ItemStatus>1</ItemStatus>
    </Item>
    <Item>
      <PriceUpdateDate>2024-12-10 10:20</PriceUpdateDate>
      <ItemCode>8006540865781</ItemCode>
      <ItemType>1</ItemType>
      <ItemName>לנור מרכך מרוכז בייבי819</ItemName>
      <ManufacturerName>---</ManufacturerName>
      <ManufactureCountry>FR</ManufactureCountry>
      <ManufacturerItemDescription>לנור מרכך מרוכז בייבי819</ManufacturerItemDescription>
      <UnitQty>מיליליטרים</UnitQty>
      <Quantity>819.00</Quantity>
      <bIsWeighted>0</bIsWeighted>
      <UnitOfMeasure>100 מ"ל</UnitOfMeasure>
      <QtyInPackage>1</QtyInPackage>
      <ItemPrice>19.90</ItemPrice>
      <UnitOfMeasurePrice>2.43</UnitOfMeasurePrice>
      <AllowDiscount>1</AllowDiscount>
      <ItemStatus>1</ItemStatus>
    </Item>
    <Item>
      <PriceUpdateDate>2025-11-27 21:40</PriceUpdateDate>
      <ItemCode>8006540883211</ItemCode>
      <ItemType>1</ItemType>
      <ItemName>אורל בי White 3D לבן75מל</ItemName>
      <ManufacturerName>---</ManufacturerName>
      <ManufactureCountry>DE</ManufactureCountry>
      <ManufacturerItemDescription>אורל בי 3D White לבן75מל</ManufacturerItemDescription>
      <UnitQty>מיליליטרים</UnitQty>
      <Quantity>75.00</Quantity>
      <bIsWeighted>0</bIsWeighted>
      <UnitOfMeasure>100 מ"ל</UnitOfMeasure>
      <QtyInPackage>1</QtyInPackage>
      <ItemPrice>19.90</ItemPrice>
      <UnitOfMeasurePrice>26.53</UnitOfMeasurePrice>
      <AllowDiscount>1</AllowDiscount>
      <ItemStatus>1</ItemStatus>
    </Item>
    <Item>
      <PriceUpdateDate>2024-12-23 17:21</PriceUpdateDate>
      <ItemCode>8006540910399</ItemCode>
      <ItemType>1</ItemType>
      <ItemName>לנור מרכך מרוכז 819 מ"ל</ItemName>
      <ManufacturerName>---</ManufacturerName>
      <ManufactureCountry>FR</ManufactureCountry>
      <ManufacturerItemDescription>לנור מרכך מרוכז 819 מ"ל</ManufacturerItemDescription>
      <UnitQty>מיליליטרים</UnitQty>
      <Quantity>819.00</Quantity>
      <bIsWeighted>0</bIsWeighted>
      <UnitOfMeasure>100 מ"ל</UnitOfMeasure>
      <QtyInPackage>1</QtyInPackage>
      <ItemPrice>19.90</ItemPrice>
      <UnitOfMeasurePrice>2.43</UnitOfMeasurePrice>
      <AllowDiscount>1</AllowDiscount>
      <ItemStatus>1</ItemStatus>
    </Item>
    <Item>
      <PriceUpdateDate>2024-12-23 17:20</PriceUpdateDate>
      <ItemCode>8006540921555</ItemCode>
      <ItemType>1</ItemType>
      <ItemName>ג'ילט מארז ונוס קוקוס יד</ItemName>
      <ManufacturerName>PROCTER&amp;GAMBLE</ManufacturerName>
      <ManufactureCountry>PL</ManufactureCountry>
      <ManufacturerItemDescription>גילט מארז ונוס קוקוס יד</ManufacturerItemDescription>
      <UnitQty>יחידה</UnitQty>
      <Quantity>1.00</Quantity>
      <bIsWeighted>0</bIsWeighted>
      <UnitOfMeasure>יחידה</UnitOfMeasure>
      <QtyInPackage>1</QtyInPackage>
      <ItemPrice>151.90</ItemPrice>
      <UnitOfMeasurePrice>151.90</UnitOfMeasurePrice>
      <AllowDiscount>1</AllowDiscount>
      <ItemStatus>1</ItemStatus>
    </Item>
    <Item>
      <PriceUpdateDate>2024-07-12 12:22</PriceUpdateDate>
      <ItemCode>8006540951903</ItemCode>
      <ItemType>1</ItemType>
      <ItemName>אריאל קפסולות לנור 23יח</ItemName>
      <ManufacturerName>---</ManufacturerName>
      <ManufactureCountry>FR</ManufactureCountry>
      <ManufacturerItemDescription>אריאל קפסולות לנור 23יח</ManufacturerItemDescription>
      <UnitQty>יחידה</UnitQty>
      <Quantity>1.00</Quantity>
      <bIsWeighted>0</bIsWeighted>
      <UnitOfMeasure>יחידה</UnitOfMeasure>
      <QtyInPackage>1</QtyInPackage>
      <ItemPrice>39.90</ItemPrice>
      <UnitOfMeasurePrice>39.90</UnitOfMeasurePrice>
      <AllowDiscount>1</AllowDiscount>
      <ItemStatus>1</ItemStatus>
    </Item>
    <Item>
      <PriceUpdateDate>2024-12-23 17:20</PriceUpdateDate>
      <ItemCode>8006540959589</ItemCode>
      <ItemType>1</ItemType>
      <ItemName>גילט מארז ונוס סווירל 8י</ItemName>
      <ManufacturerName>PROCTER&amp;GAMBLE</ManufacturerName>
      <ManufactureCountry>PL</ManufactureCountry>
      <ManufacturerItemDescription>גילט מארז ונוס סווירל 8י</ManufacturerItemDescription>
      <UnitQty>יחידה</UnitQty>
      <Quantity>1.00</Quantity>
      <bIsWeighted>0</bIsWeighted>
      <UnitOfMeasure>יחידה</UnitOfMeasure>
      <QtyInPackage>1</QtyInPackage>
      <ItemPrice>151.90</ItemPrice>
      <UnitOfMeasurePrice>151.90</UnitOfMeasurePrice>
      <AllowDiscount>1</AllowDiscount>
      <ItemStatus>1</ItemStatus>
    </Item>
    <Item>
      <PriceUpdateDate>2025-12-01 20:20</PriceUpdateDate>
      <ItemCode>8006540986141</ItemCode>
      <ItemType>1</ItemType>
      <ItemName>סכיני פיוז'ן ידני 12 יח'</ItemName>
      <ManufacturerName>---</ManufacturerName>
      <ManufactureCountry>DE</ManufactureCountry>
      <ManufacturerItemDescription>סכיני פיוזן ידני 12 יח</ManufacturerItemDescription>
      <UnitQty>יחידה</UnitQty>
      <Quantity>1.00</Quantity>
      <bIsWeighted>0</bIsWeighted>
      <UnitOfMeasure>יחידה</UnitOfMeasure>
      <QtyInPackage>1</QtyInPackage>
      <ItemPrice>149.00</ItemPrice>
      <UnitOfMeasurePrice>149.00</UnitOfMeasurePrice>
      <AllowDiscount>1</AllowDiscount>
      <ItemStatus>1</ItemStatus>
    </Item>
    <Item>
      <PriceUpdateDate>2025-02-26 19:17</PriceUpdateDate>
      <ItemCode>8006540990414</ItemCode>
      <ItemType>1</ItemType>
      <ItemName>תחבושות אולוויז נורמל24י</ItemName>
      <ManufacturerName>PROCTER&amp;GAMBLE</ManufacturerName>
      <ManufactureCountry>DE</ManufactureCountry>
      <ManufacturerItemDescription>תחבושות אולוויז נורמל24י</ManufacturerItemDescription>
      <UnitQty>יחידה</UnitQty>
      <Quantity>1.00</Quantity>
      <bIsWeighted>0</bIsWeighted>
      <UnitOfMeasure>יחידה</UnitOfMeasure>
      <QtyInPackage>1</QtyInPackage>
      <ItemPrice>22.90</ItemPrice>
      <UnitOfMeasurePrice>22.90</UnitOfMeasurePrice>
      <AllowDiscount>1</AllowDiscount>
      <ItemStatus>1</ItemStatus>
    </Item>
    <Item>
      <PriceUpdateDate>2025-02-26 19:17</PriceUpdateDate>
      <ItemCode>8006540990506</ItemCode>
      <ItemType>1</ItemType>
      <ItemName>תחבושות אולוויז כפול20יח</ItemName>
      <ManufacturerName>כללי</ManufacturerName>
      <ManufactureCountry>CN</ManufactureCountry>
      <ManufacturerItemDescription>תחבושות אולוויז כפול20יח</ManufacturerItemDescription>
      <UnitQty>יחידה</UnitQty>
      <Quantity>1.00</Quantity>
      <bIsWeighted>0</bIsWeighted>
      <UnitOfMeasure>יחידה</UnitOfMeasure>
      <QtyInPackage>1</QtyInPackage>
      <ItemPrice>22.90</ItemPrice>
      <UnitOfMeasurePrice>22.90</UnitOfMeasurePrice>
      <AllowDiscount>1</AllowDiscount>
      <ItemStatus>1</ItemStatus>
    </Item>
    <Item>
      <PriceUpdateDate>2025-02-26 19:17</PriceUpdateDate>
      <ItemCode>8006540990568</ItemCode>
      <ItemType>1</ItemType>
      <ItemName>תחבושות אולוויז לילה16יח</ItemName>
      <ManufacturerName>PROCTER&amp;GAMBLE</ManufacturerName>
      <ManufactureCountry>GB</ManufactureCountry>
      <ManufacturerItemDescription>תחבושות אולוויז לילה16יח</ManufacturerItemDescription>
      <UnitQty>יחידה</UnitQty>
      <Quantity>1.00</Quantity>
      <bIsWeighted>0</bIsWeighted>
      <UnitOfMeasure>יחידה</UnitOfMeasure>
      <QtyInPackage>1</QtyInPackage>
      <ItemPrice>22.90</ItemPrice>
      <UnitOfMeasurePrice>22.90</UnitOfMeasurePrice>
      <AllowDiscount>1</AllowDiscount>
      <ItemStatus>1</ItemStatus>
    </Item>
    <Item>
      <PriceUpdateDate>2025-02-26 19:17</PriceUpdateDate>
      <ItemCode>8006540990629</ItemCode>
      <ItemType>1</ItemType>
      <ItemName>תחבושות אולוויז 14 יח</ItemName>
      <ManufacturerName>PROCTER&amp;GAMBLE</ManufacturerName>
      <ManufactureCountry>DE</ManufactureCountry>
      <ManufacturerItemDescription>תחבושות אולוויז 14 יח</ManufacturerItemDescription>
      <UnitQty>יחידה</UnitQty>
      <Quantity>1.00</Quantity>
      <bIsWeighted>0</bIsWeighted>
      <UnitOfMeasure>יחידה</UnitOfMeasure>
      <QtyInPackage>1</QtyInPackage>
      <ItemPrice>22.90</ItemPrice>
      <UnitOfMeasurePrice>22.90</UnitOfMeasurePrice>
      <AllowDiscount>1</AllowDiscount>
      <ItemStatus>1</ItemStatus>
    </Item>
    <Item>
      <PriceUpdateDate>2025-03-03 12:05</PriceUpdateDate>
      <ItemCode>8006540993767</ItemCode>
      <ItemType>1</ItemType>
      <ItemName>תחבושות אולוויז 12 יח</ItemName>
      <ManufacturerName>PROCTER&amp;GAMBLE</ManufacturerName>
      <ManufactureCountry>DE</ManufactureCountry>
      <ManufacturerItemDescription>תחבושות אולוויז 12 יח</ManufacturerItemDescription>
      <UnitQty>יחידה</UnitQty>
      <Quantity>1.00</Quantity>
      <bIsWeighted>0</bIsWeighted>
      <UnitOfMeasure>יחידה</UnitOfMeasure>
      <QtyInPackage>1</QtyInPackage>
      <ItemPrice>22.90</ItemPrice>
      <UnitOfMeasurePrice>22.90</UnitOfMeasurePrice>
      <AllowDiscount>1</AllowDiscount>
      <ItemStatus>1</ItemStatus>
    </Item>
    <Item>
      <PriceUpdateDate>2025-10-01 05:37</PriceUpdateDate>
      <ItemCode>8011003810468</ItemCode>
      <ItemType>1</ItemType>
      <ItemName>ורסצ'ה או פרש מארז מוקטן</ItemName>
      <ManufacturerName>EUROITALIA</ManufacturerName>
      <ManufactureCountry>IT</ManufactureCountry>
      <ManufacturerItemDescription>ורסצה או פרש מארז מוקטן</ManufacturerItemDescription>
      <UnitQty>יחידה</UnitQty>
      <Quantity>1.00</Quantity>
      <bIsWeighted>0</bIsWeighted>
      <UnitOfMeasure>יחידה</UnitOfMeasure>
      <QtyInPackage>1</QtyInPackage>
      <ItemPrice>49.90</ItemPrice>
      <UnitOfMeasurePrice>49.90</UnitOfMeasurePrice>
      <AllowDiscount>1</AllowDiscount>
      <ItemStatus>1</ItemStatus>
    </Item>
    <Item>
      <PriceUpdateDate>2025-10-01 08:55</PriceUpdateDate>
      <ItemCode>8011003810475</ItemCode>
      <ItemType>1</ItemType>
      <ItemName>קריסטל נויר מארז מוקטן</ItemName>
      <ManufacturerName>לילית בישום</ManufacturerName>
      <ManufactureCountry>IT</ManufactureCountry>
      <ManufacturerItemDescription>קריסטל נויר מארז מוקטן</ManufacturerItemDescription>
      <UnitQty>יחידה</UnitQty>
      <Quantity>1.00</Quantity>
      <bIsWeighted>0</bIsWeighted>
      <UnitOfMeasure>יחידה</UnitOfMeasure>
      <QtyInPackage>0</QtyInPackage>
      <ItemPrice>49.90</ItemPrice>
      <UnitOfMeasurePrice>49.90</UnitOfMeasurePrice>
      <AllowDiscount>1</AllowDiscount>
      <ItemStatus>1</ItemStatus>
    </Item>
    <Item>
      <PriceUpdateDate>2025-11-27 20:20</PriceUpdateDate>
      <ItemCode>8011003845354</ItemCode>
      <ItemType>1</ItemType>
      <ItemName>ורסצ'ה ארוס פלאם 100 מל</ItemName>
      <ManufacturerName>EUROITALIA</ManufacturerName>
      <ManufactureCountry>IT</ManufactureCountry>
      <ManufacturerItemDescription>ורסצה ארוס פלאם 100 מל</ManufacturerItemDescription>
      <UnitQty>מיליליטרים</UnitQty>
      <Quantity>100.00</Quantity>
      <bIsWeighted>0</bIsWeighted>
      <UnitOfMeasure>100 מ"ל</UnitOfMeasure>
      <QtyInPackage>1</QtyInPackage>
      <ItemPrice>299.00</ItemPrice>
      <UnitOfMeasurePrice>299.00</UnitOfMeasurePrice>
      <AllowDiscount>1</AllowDiscount>
      <ItemStatus>1</ItemStatus>
    </Item>
    <Item>
      <PriceUpdateDate>2025-09-05 05:37</PriceUpdateDate>
      <ItemCode>8011003893836</ItemCode>
      <ItemType>1</ItemType>
      <ItemName>מוסקינו טוי בוי סט לגבר</ItemName>
      <ManufacturerName>EUROITALIA</ManufacturerName>
      <ManufactureCountry>IT</ManufactureCountry>
      <ManufacturerItemDescription>מוסקינו טוי בוי סט לגבר</ManufacturerItemDescription>
      <UnitQty>יחידה</UnitQty>
      <Quantity>1.00</Quantity>
      <bIsWeighted>0</bIsWeighted>
      <UnitOfMeasure>יחידה</UnitOfMeasure>
      <QtyInPackage>1</QtyInPackage>
      <ItemPrice>255.00</ItemPrice>
      <UnitOfMeasurePrice>255.00</UnitOfMeasurePrice>
      <AllowDiscount>1</AllowDiscount>
      <ItemStatus>1</ItemStatus>
    </Item>
    <Item>
      <PriceUpdateDate>2025-11-27 20:10</PriceUpdateDate>
      <ItemCode>8011003995967</ItemCode>
      <ItemType>1</ItemType>
      <ItemName>homme pour אדט לגבר100מל</ItemName>
      <ManufacturerName>לילית בישום</ManufacturerName>
      <ManufactureCountry>IT</ManufactureCountry>
      <ManufacturerItemDescription>homme pour א.ד.ט</ManufacturerItemDescription>
      <UnitQty>מיליליטרים</UnitQty>
      <Quantity>100.00</Quantity>
      <bIsWeighted>0</bIsWeighted>
      <UnitOfMeasure>100 מ"ל</UnitOfMeasure>
      <QtyInPackage>0</QtyInPackage>
      <ItemPrice>259.00</ItemPrice>
      <UnitOfMeasurePrice>259.00</UnitOfMeasurePrice>
      <AllowDiscount>1</AllowDiscount>
      <ItemStatus>1</ItemStatus>
    </Item>
    <Item>
      <PriceUpdateDate>2025-11-27 21:20</PriceUpdateDate>
      <ItemCode>80136194</ItemCode>
      <ItemType>1</ItemType>
      <ItemName>הפי היפו אגוזי לוז 5*23ג</ItemName>
      <ManufacturerName>פררו אס.פי.אי</ManufacturerName>
      <ManufactureCountry>DE</ManufactureCountry>
      <ManufacturerItemDescription>הפי היפו אגוזי לוז 5*23ג</ManufacturerItemDescription>
      <UnitQty>גרמים</UnitQty>
      <Quantity>115.00</Quantity>
      <bIsWeighted>0</bIsWeighted>
      <UnitOfMeasure>100 גרם</UnitOfMeasure>
      <QtyInPackage>1</QtyInPackage>
      <ItemPrice>14.90</ItemPrice>
      <UnitOfMeasurePrice>12.95</UnitOfMeasurePrice>
      <AllowDiscount>1</AllowDiscount>
      <ItemStatus>1</ItemStatus>
    </Item>
    <Item>
      <PriceUpdateDate>2024-12-23 17:26</PriceUpdateDate>
      <ItemCode>8017331039731</ItemCode>
      <ItemType>1</ItemType>
      <ItemName>וייט שוק משחת שיניים50מ</ItemName>
      <ManufacturerName>SHALPHARM ZER</ManufacturerName>
      <ManufactureCountry>IT</ManufactureCountry>
      <ManufacturerItemDescription>SHOCK WHITE משחה</ManufacturerItemDescription>
      <UnitQty>מיליליטרים</UnitQty>
      <Quantity>50.00</Quantity>
      <bIsWeighted>0</bIsWeighted>
      <UnitOfMeasure>100 מ"ל</UnitOfMeasure>
      <QtyInPackage>0</QtyInPackage>
      <ItemPrice>40.90</ItemPrice>
      <UnitOfMeasurePrice>81.80</UnitOfMeasurePrice>
      <AllowDiscount>1</AllowDiscount>
      <ItemStatus>1</ItemStatus>
    </Item>
    <Item>
      <PriceUpdateDate>2025-05-18 10:19</PriceUpdateDate>
      <ItemCode>80177173</ItemCode>
      <ItemType>1</ItemType>
      <ItemName>ממרח נוטלה 350 גרם</ItemName>
      <ManufacturerName>פררו אס.פי.אי</ManufacturerName>
      <ManufactureCountry>IT</ManufactureCountry>
      <ManufacturerItemDescription>ממרח נוטלה 350 גרם</ManufacturerItemDescription>
      <UnitQty>גרמים</UnitQty>
      <Quantity>350.00</Quantity>
      <bIsWeighted>0</bIsWeighted>
      <UnitOfMeasure>100 גרם</UnitOfMeasure>
      <QtyInPackage>0</QtyInPackage>
      <ItemPrice>20.90</ItemPrice>
      <UnitOfMeasurePrice>5.97</UnitOfMeasurePrice>
      <AllowDiscount>1</AllowDiscount>
      <ItemStatus>1</ItemStatus>
    </Item>
    <Item>
      <PriceUpdateDate>2025-05-22 12:47</PriceUpdateDate>
      <ItemCode>80177609</ItemCode>
      <ItemType>1</ItemType>
      <ItemName>אצבעות שוקולד קינדר50גרם</ItemName>
      <ManufacturerName>פררו אס.פי.אי</ManufacturerName>
      <ManufactureCountry>IT</ManufactureCountry>
      <ManufacturerItemDescription>אצבעות שוקולד קינדר50גרם</ManufacturerItemDescription>
      <UnitQty>גרמים</UnitQty>
      <Quantity>50.00</Quantity>
      <bIsWeighted>0</bIsWeighted>
      <UnitOfMeasure>100 גרם</UnitOfMeasure>
      <QtyInPackage>0</QtyInPackage>
      <ItemPrice>6.90</ItemPrice>
      <UnitOfMeasurePrice>13.80</UnitOfMeasurePrice>
      <AllowDiscount>1</AllowDiscount>
      <ItemStatus>1</ItemStatus>
    </Item>
    <Item>
      <PriceUpdateDate>2025-05-22 12:43</PriceUpdateDate>
      <ItemCode>80177616</ItemCode>
      <ItemType>1</ItemType>
      <ItemName>אצבעות שוקולד קינדר100גר</ItemName>
      <ManufacturerName>פררו אס.פי.אי</ManufacturerName>
      <ManufactureCountry>IT</ManufactureCountry>
      <ManufacturerItemDescription>אצבעות שוקולד קינדר100גר</ManufacturerItemDescription>
      <UnitQty>גרמים</UnitQty>
      <Quantity>100.00</Quantity>
      <bIsWeighted>0</bIsWeighted>
      <UnitOfMeasure>100 גרם</UnitOfMeasure>
      <QtyInPackage>0</QtyInPackage>
      <ItemPrice>11.90</ItemPrice>
      <UnitOfMeasurePrice>11.90</UnitOfMeasurePrice>
      <AllowDiscount>1</AllowDiscount>
      <ItemStatus>1</ItemStatus>
    </Item>
    <Item>
      <PriceUpdateDate>2025-05-22 12:47</PriceUpdateDate>
      <ItemCode>80761761</ItemCode>
      <ItemType>1</ItemType>
      <ItemName>קינדר בואנו לבן 2*19.5גר</ItemName>
      <ManufacturerName>פררו אס.פי.אי</ManufacturerName>
      <ManufactureCountry>PL</ManufactureCountry>
      <ManufacturerItemDescription>קינדר בואנו לבן 2*19.5גר</ManufacturerItemDescription>
      <UnitQty>גרמים</UnitQty>
      <Quantity>39.00</Quantity>
      <bIsWeighted>0</bIsWeighted>
      <UnitOfMeasure>100 גרם</UnitOfMeasure>
      <QtyInPackage>0</QtyInPackage>
      <ItemPrice>7.90</ItemPrice>
      <UnitOfMeasurePrice>20.26</UnitOfMeasurePrice>
      <AllowDiscount>1</AllowDiscount>
      <ItemStatus>1</ItemStatus>
    </Item>
    <Item>
      <PriceUpdateDate>2024-12-23 17:17</PriceUpdateDate>
      <ItemCode>80773429</ItemCode>
      <ItemType>1</ItemType>
      <ItemName>מסטיק מנטוס בקבוק תות60ג</ItemName>
      <ManufacturerName>פרפטי ואן מלה ג'ידה,סאן</ManufacturerName>
      <ManufactureCountry>VN</ManufactureCountry>
      <ManufacturerItemDescription>מסטיק מנטוס בקבוק תות60ג</ManufacturerItemDescription>
      <UnitQty>גרמים</UnitQty>
      <Quantity>60.00</Quantity>
      <bIsWeighted>0</bIsWeighted>
      <UnitOfMeasure>100 גרם</UnitOfMeasure>
      <QtyInPackage>1</QtyInPackage>
      <ItemPrice>13.90</ItemPrice>
      <UnitOfMeasurePrice>23.17</UnitOfMeasurePrice>
      <AllowDiscount>1</AllowDiscount>
      <ItemStatus>1</ItemStatus>
    </Item>
    <Item>
      <PriceUpdateDate>2024-12-23 17:17</PriceUpdateDate>
      <ItemCode>80790990</ItemCode>
      <ItemType>1</ItemType>
      <ItemName>מסטיק פירות מנטה בקבוק</ItemName>
      <ManufacturerName>פרפטי ואן מלה ג'ידה,סאן</ManufacturerName>
      <ManufactureCountry>VN</ManufactureCountry>
      <ManufacturerItemDescription>מסטיק פירות מנטה בקבוק</ManufacturerItemDescription>
      <UnitQty>גרמים</UnitQty>
      <Quantity>60.00</Quantity>
      <bIsWeighted>0</bIsWeighted>
      <UnitOfMeasure>100 גרם</UnitOfMeasure>
      <QtyInPackage>1</QtyInPackage>
      <ItemPrice>13.90</ItemPrice>
      <UnitOfMeasurePrice>23.17</UnitOfMeasurePrice>
      <AllowDiscount>1</AllowDiscount>
      <ItemStatus>1</ItemStatus>
    </Item>
    <Item>
      <PriceUpdateDate>2024-12-23 17:26</PriceUpdateDate>
      <ItemCode>80794233</ItemCode>
      <ItemType>1</ItemType>
      <ItemName>מסטיק מנטוס מנטה בקבוק90</ItemName>
      <ManufacturerName>פרפטי ואן מלה</ManufacturerName>
      <ManufactureCountry>VN</ManufactureCountry>
      <ManufacturerItemDescription>מסטיק מנטוס מנטה בקבוק90</ManufacturerItemDescription>
      <UnitQty>גרמים</UnitQty>
      <Quantity>90.00</Quantity>
      <bIsWeighted>0</bIsWeighted>
      <UnitOfMeasure>100 גרם</UnitOfMeasure>
      <QtyInPackage>1</QtyInPackage>
      <ItemPrice>22.50</ItemPrice>
      <UnitOfMeasurePrice>25.00</UnitOfMeasurePrice>
      <AllowDiscount>1</AllowDiscount>
      <ItemStatus>1</ItemStatus>
    </Item>
    <Item>
      <PriceUpdateDate>2023-12-03 14:53</PriceUpdateDate>
      <ItemCode>80831402</ItemCode>
      <ItemType>1</ItemType>
      <ItemName>סוכ.מנטה עדינה לל"ס21ג</ItemName>
      <ManufacturerName>פרפטי ואן מלה</ManufacturerName>
      <ManufactureCountry>CN</ManufactureCountry>
      <ManufacturerItemDescription>סוכ.מנטה עדינה לל"ס21ג</ManufacturerItemDescription>
      <UnitQty>גרמים</UnitQty>
      <Quantity>21.00</Quantity>
      <bIsWeighted>0</bIsWeighted>
      <UnitOfMeasure>100 גרם</UnitOfMeasure>
      <QtyInPackage>1</QtyInPackage>
      <ItemPrice>9.90</ItemPrice>
      <UnitOfMeasurePrice>47.14</UnitOfMeasurePrice>
      <AllowDiscount>1</AllowDiscount>
      <ItemStatus>1</ItemStatus>
    </Item>
    <Item>
      <PriceUpdateDate>2023-12-03 14:53</PriceUpdateDate>
      <ItemCode>80832560</ItemCode>
      <ItemType>1</ItemType>
      <ItemName>סוכ.מנטוס פירות יער21גר</ItemName>
      <ManufacturerName>פרפטי ואן מלה</ManufacturerName>
      <ManufactureCountry>CN</ManufactureCountry>
      <ManufacturerItemDescription>סוכ.מנטוס פירות יער21גר</ManufacturerItemDescription>
      <UnitQty>גרמים</UnitQty>
      <Quantity>21.00</Quantity>
      <bIsWeighted>0</bIsWeighted>
      <UnitOfMeasure>100 גרם</UnitOfMeasure>
      <QtyInPackage>1</QtyInPackage>
      <ItemPrice>9.90</ItemPrice>
      <UnitOfMeasurePrice>47.14</UnitOfMeasurePrice>
      <AllowDiscount>1</AllowDiscount>
      <ItemStatus>1</ItemStatus>
    </Item>
    <Item>
      <PriceUpdateDate>2024-12-23 17:17</PriceUpdateDate>
      <ItemCode>80843184</ItemCode>
      <ItemType>1</ItemType>
      <ItemName>מסטיק פיורפרש ענבים60גר</ItemName>
      <ManufacturerName>---</ManufacturerName>
      <ManufactureCountry>VN</ManufactureCountry>
      <ManufacturerItemDescription>מסטיק פיורפרש ענבים60גר</ManufacturerItemDescription>
      <UnitQty>גרמים</UnitQty>
      <Quantity>60.00</Quantity>
      <bIsWeighted>0</bIsWeighted>
      <UnitOfMeasure>100 גרם</UnitOfMeasure>
      <QtyInPackage>1</QtyInPackage>
      <ItemPrice>13.90</ItemPrice>
      <UnitOfMeasurePrice>23.17</UnitOfMeasurePrice>
      <AllowDiscount>1</AllowDiscount>
      <ItemStatus>1</ItemStatus>
    </Item>
    <Item>
      <PriceUpdateDate>2023-12-03 14:53</PriceUpdateDate>
      <ItemCode>80854753</ItemCode>
      <ItemType>1</ItemType>
      <ItemName>סוכ.מנטוס מנטה לל"ס21גרם</ItemName>
      <ManufacturerName>פרפטי ואן מלה</ManufacturerName>
      <ManufactureCountry>CN</ManufactureCountry>
      <ManufacturerItemDescription>סוכ.מנטוס מנטה לל"ס21גרם</ManufacturerItemDescription>
      <UnitQty>גרמים</UnitQty>
      <Quantity>21.00</Quantity>
      <bIsWeighted>0</bIsWeighted>
      <UnitOfMeasure>100 גרם</UnitOfMeasure>
      <QtyInPackage>1</QtyInPackage>
      <ItemPrice>9.90</ItemPrice>
      <UnitOfMeasurePrice>47.14</UnitOfMeasurePrice>
      <AllowDiscount>1</AllowDiscount>
      <ItemStatus>1</ItemStatus>
    </Item>
    <Item>
      <PriceUpdateDate>2025-05-22 16:27</PriceUpdateDate>
      <ItemCode>80874652</ItemCode>
      <ItemType>1</ItemType>
      <ItemName>קינדר קארדס 25.6 גרם</ItemName>
      <ManufacturerName>---</ManufacturerName>
      <ManufactureCountry>IT</ManufactureCountry>
      <ManufacturerItemDescription>קינדר קארדס 25.6 גרם</ManufacturerItemDescription>
      <UnitQty>גרמים</UnitQty>
      <Quantity>26.00</Quantity>
      <bIsWeighted>0</bIsWeighted>
      <UnitOfMeasure>100 גרם</UnitOfMeasure>
      <QtyInPackage>1</QtyInPackage>
      <ItemPrice>5.90</ItemPrice>
      <UnitOfMeasurePrice>22.69</UnitOfMeasurePrice>
      <AllowDiscount>1</AllowDiscount>
      <ItemStatus>1</ItemStatus>
    </Item>
    <Item>
      <PriceUpdateDate>2024-12-23 17:17</PriceUpdateDate>
      <ItemCode>80896081</ItemCode>
      <ItemType>1</ItemType>
      <ItemName>מסטיק מנטוס אבטיח60גרם</ItemName>
      <ManufacturerName>פרפטי ואן מלה ג'ידה,סאן</ManufacturerName>
      <ManufactureCountry>VN</ManufactureCountry>
      <ManufacturerItemDescription>מסטיק מנטוס אבטיח60גרם</ManufacturerItemDescription>
      <UnitQty>גרמים</UnitQty>
      <Quantity>60.00</Quantity>
      <bIsWeighted>0</bIsWeighted>
      <UnitOfMeasure>100 גרם</UnitOfMeasure>
      <QtyInPackage>1</QtyInPackage>
      <ItemPrice>13.90</ItemPrice>
      <UnitOfMeasurePrice>23.17</UnitOfMeasurePrice>
      <AllowDiscount>1</AllowDiscount>
      <ItemStatus>1</ItemStatus>
    </Item>
    <Item>
      <PriceUpdateDate>2025-05-22 12:43</PriceUpdateDate>
      <ItemCode>80906056</ItemCode>
      <ItemType>1</ItemType>
      <ItemName>ביצת הפתעה סופרייז 20גרם</ItemName>
      <ManufacturerName>פררו אס.פי.אי</ManufacturerName>
      <ManufactureCountry>IT</ManufactureCountry>
      <ManufacturerItemDescription>ביצת הפתעה סופרייז 20גרם</ManufacturerItemDescription>
      <UnitQty>גרמים</UnitQty>
      <Quantity>20.00</Quantity>
      <bIsWeighted>0</bIsWeighted>
      <UnitOfMeasure>100 גרם</UnitOfMeasure>
      <QtyInPackage>1</QtyInPackage>
      <ItemPrice>7.90</ItemPrice>
      <UnitOfMeasurePrice>39.50</UnitOfMeasurePrice>
      <AllowDiscount>1</AllowDiscount>
      <ItemStatus>1</ItemStatus>
    </Item>
    <Item>
      <PriceUpdateDate>2024-12-23 17:17</PriceUpdateDate>
      <ItemCode>80913467</ItemCode>
      <ItemType>1</ItemType>
      <ItemName>מסטיק מנטוס מנטה בקבוק60</ItemName>
      <ManufacturerName>---</ManufacturerName>
      <ManufactureCountry>VN</ManufactureCountry>
      <ManufacturerItemDescription>מסטיק מנטוס מנטה בקבוק60</ManufacturerItemDescription>
      <UnitQty>גרמים</UnitQty>
      <Quantity>60.00</Quantity>
      <bIsWeighted>0</bIsWeighted>
      <UnitOfMeasure>100 גרם</UnitOfMeasure>
      <QtyInPackage>1</QtyInPackage>
      <ItemPrice>13.90</ItemPrice>
      <UnitOfMeasurePrice>23.17</UnitOfMeasurePrice>
      <AllowDiscount>1</AllowDiscount>
      <ItemStatus>1</ItemStatus>
    </Item>
    <Item>
      <PriceUpdateDate>2024-12-23 17:26</PriceUpdateDate>
      <ItemCode>80926481</ItemCode>
      <ItemType>1</ItemType>
      <ItemName>מסטיק מנטוס אבטיח90גרם</ItemName>
      <ManufacturerName>פרפטי ואן מלה</ManufacturerName>
      <ManufactureCountry>VN</ManufactureCountry>
      <ManufacturerItemDescription>מסטיק מנטוס אבטיח90גרם</ManufacturerItemDescription>
      <UnitQty>גרמים</UnitQty>
      <Quantity>90.00</Quantity>
      <bIsWeighted>0</bIsWeighted>
      <UnitOfMeasure>100 גרם</UnitOfMeasure>
      <QtyInPackage>1</QtyInPackage>
      <ItemPrice>22.50</ItemPrice>
      <UnitOfMeasurePrice>25.00</UnitOfMeasurePrice>
      <AllowDiscount>1</AllowDiscount>
      <ItemStatus>1</ItemStatus>
    </Item>
    <Item>
      <PriceUpdateDate>2025-05-18 10:17</PriceUpdateDate>
      <ItemCode>80936848</ItemCode>
      <ItemType>1</ItemType>
      <ItemName>סוכריות טיק טק תות שדה16</ItemName>
      <ManufacturerName>פררו אס.פי.אי</ManufacturerName>
      <ManufactureCountry>IN</ManufactureCountry>
      <ManufacturerItemDescription>סוכריות טיק טק תות שדה16</ManufacturerItemDescription>
      <UnitQty>גרמים</UnitQty>
      <Quantity>16.00</Quantity>
      <bIsWeighted>0</bIsWeighted>
      <UnitOfMeasure>100 גרם</UnitOfMeasure>
      <QtyInPackage>0</QtyInPackage>
      <ItemPrice>5.90</ItemPrice>
      <UnitOfMeasurePrice>36.88</UnitOfMeasurePrice>
      <AllowDiscount>1</AllowDiscount>
      <ItemStatus>1</ItemStatus>
    </Item>
    <Item>
      <PriceUpdateDate>2024-12-23 17:17</PriceUpdateDate>
      <ItemCode>80945468</ItemCode>
      <ItemType>1</ItemType>
      <ItemName>מנטוס פיורוויט מנטה מתוק</ItemName>
      <ManufacturerName>פרפטי ואן מלה ג'ידה,סאן</ManufacturerName>
      <ManufactureCountry>VN</ManufactureCountry>
      <ManufacturerItemDescription>מנטוס פיורוויט מנטה מתוק</ManufacturerItemDescription>
      <UnitQty>גרמים</UnitQty>
      <Quantity>60.00</Quantity>
      <bIsWeighted>0</bIsWeighted>
      <UnitOfMeasure>100 גרם</UnitOfMeasure>
      <QtyInPackage>1</QtyInPackage>
      <ItemPrice>13.90</ItemPrice>
      <UnitOfMeasurePrice>23.17</UnitOfMeasurePrice>
      <AllowDiscount>1</AllowDiscount>
      <ItemStatus>1</ItemStatus>
    </Item>
    <Item>
      <PriceUpdateDate>2024-12-23 17:26</PriceUpdateDate>
      <ItemCode>80974215</ItemCode>
      <ItemType>1</ItemType>
      <ItemName>מסטיק מנטוס תות ללס90ג</ItemName>
      <ManufacturerName>פרפטי ואן מלה</ManufacturerName>
      <ManufactureCountry>TR</ManufactureCountry>
      <ManufacturerItemDescription>מסטיק מנטוס תות ללס90ג</ManufacturerItemDescription>
      <UnitQty>גרמים</UnitQty>
      <Quantity>90.00</Quantity>
      <bIsWeighted>0</bIsWeighted>
      <UnitOfMeasure>100 גרם</UnitOfMeasure>
      <QtyInPackage>1</QtyInPackage>
      <ItemPrice>22.50</ItemPrice>
      <UnitOfMeasurePrice>25.00</UnitOfMeasurePrice>
      <AllowDiscount>1</AllowDiscount>
      <ItemStatus>1</ItemStatus>
    </Item>
    <Item>
      <PriceUpdateDate>2024-12-23 17:17</PriceUpdateDate>
      <ItemCode>80979128</ItemCode>
      <ItemType>1</ItemType>
      <ItemName>מסטיק פיורפרש דובדבן60ג</ItemName>
      <ManufacturerName>---</ManufacturerName>
      <ManufactureCountry>VN</ManufactureCountry>
      <ManufacturerItemDescription>מסטיק פיורפרש דובדבן60ג</ManufacturerItemDescription>
      <UnitQty>גרמים</UnitQty>
      <Quantity>60.00</Quantity>
      <bIsWeighted>0</bIsWeighted>
      <UnitOfMeasure>100 גרם</UnitOfMeasure>
      <QtyInPackage>1</QtyInPackage>
      <ItemPrice>13.90</ItemPrice>
      <UnitOfMeasurePrice>23.17</UnitOfMeasurePrice>
      <AllowDiscount>1</AllowDiscount>
      <ItemStatus>1</ItemStatus>
    </Item>
    <Item>
      <PriceUpdateDate>2024-12-23 17:17</PriceUpdateDate>
      <ItemCode>80986348</ItemCode>
      <ItemType>1</ItemType>
      <ItemName>מנטוס פיור וויט מנטה60ג</ItemName>
      <ManufacturerName>פרפטי ואן מלה ג'ידה,סאן</ManufacturerName>
      <ManufactureCountry>TR</ManufactureCountry>
      <ManufacturerItemDescription>מנטוס פיור וויט מנטה60ג</ManufacturerItemDescription>
      <UnitQty>גרמים</UnitQty>
      <Quantity>60.00</Quantity>
      <bIsWeighted>0</bIsWeighted>
      <UnitOfMeasure>100 גרם</UnitOfMeasure>
      <QtyInPackage>1</QtyInPackage>
      <ItemPrice>13.90</ItemPrice>
      <UnitOfMeasurePrice>23.17</UnitOfMeasurePrice>
      <AllowDiscount>1</AllowDiscount>
      <ItemStatus>1</ItemStatus>
    </Item>
    <Item>
      <PriceUpdateDate>2025-01-01 10:06</PriceUpdateDate>
      <ItemCode>819804020998</ItemCode>
      <ItemType>1</ItemType>
      <ItemName>זוג מחליקי שיער צבע ורוד</ItemName>
      <ManufacturerName>קורטקס אינט בע"מ</ManufacturerName>
      <ManufactureCountry>CN</ManufactureCountry>
      <ManufacturerItemDescription>זוג מחליקי שיער צבע ורוד</ManufacturerItemDescription>
      <UnitQty>יחידה</UnitQty>
      <Quantity>1.00</Quantity>
      <bIsWeighted>0</bIsWeighted>
      <UnitOfMeasure>יחידה</UnitOfMeasure>
      <QtyInPackage>0</QtyInPackage>
      <ItemPrice>255.00</ItemPrice>
      <UnitOfMeasurePrice>255.00</UnitOfMeasurePrice>
      <AllowDiscount>1</AllowDiscount>
      <ItemStatus>1</ItemStatus>
    </Item>
    <Item>
      <PriceUpdateDate>2025-01-07 17:05</PriceUpdateDate>
      <ItemCode>840117802537</ItemCode>
      <ItemType>1</ItemType>
      <ItemName>מסכה שיקום אינטנסיבי200מ</ItemName>
      <ManufacturerName>HMS</ManufacturerName>
      <ManufactureCountry>US</ManufactureCountry>
      <ManufacturerItemDescription>סרום לשיקום אינט</ManufacturerItemDescription>
      <UnitQty>מיליליטרים</UnitQty>
      <Quantity>200.00</Quantity>
      <bIsWeighted>0</bIsWeighted>
      <UnitOfMeasure>100 מ"ל</UnitOfMeasure>
      <QtyInPackage>1</QtyInPackage>
      <ItemPrice>139.00</ItemPrice>
      <UnitOfMeasurePrice>69.50</UnitOfMeasurePrice>
      <AllowDiscount>1</AllowDiscount>
      <ItemStatus>1</ItemStatus>
    </Item>
    <Item>
      <PriceUpdateDate>2025-02-06 14:29</PriceUpdateDate>
      <ItemCode>840117804654</ItemCode>
      <ItemType>1</ItemType>
      <ItemName>BLOCKADE סרום מגן חום50מ</ItemName>
      <ManufacturerName>כללי</ManufacturerName>
      <ManufactureCountry>IL</ManufactureCountry>
      <ManufacturerItemDescription>BLOCKADE סרום מגן חום50מ</ManufacturerItemDescription>
      <UnitQty>מיליליטרים</UnitQty>
      <Quantity>50.00</Quantity>
      <bIsWeighted>0</bIsWeighted>
      <UnitOfMeasure>100 מ"ל</UnitOfMeasure>
      <QtyInPackage>1</QtyInPackage>
      <ItemPrice>129.00</ItemPrice>
      <UnitOfMeasurePrice>258.00</UnitOfMeasurePrice>
      <AllowDiscount>1</AllowDiscount>
      <ItemStatus>1</ItemStatus>
    </Item>
    <Item>
      <PriceUpdateDate>2025-01-07 17:05</PriceUpdateDate>
      <ItemCode>840117805736</ItemCode>
      <ItemType>1</ItemType>
      <ItemName>שמפו לשיקום השיער 275 מל</ItemName>
      <ManufacturerName>HMS</ManufacturerName>
      <ManufactureCountry>US</ManufactureCountry>
      <ManufacturerItemDescription>שמפו לשיקום השיע</ManufacturerItemDescription>
      <UnitQty>מיליליטרים</UnitQty>
      <Quantity>275.00</Quantity>
      <bIsWeighted>0</bIsWeighted>
      <UnitOfMeasure>100 מ"ל</UnitOfMeasure>
      <QtyInPackage>1</QtyInPackage>
      <ItemPrice>139.00</ItemPrice>
      <UnitOfMeasurePrice>50.55</UnitOfMeasurePrice>
      <AllowDiscount>1</AllowDiscount>
      <ItemStatus>1</ItemStatus>
    </Item>
    <Item>
      <PriceUpdateDate>2025-03-30 10:09</PriceUpdateDate>
      <ItemCode>840117807426</ItemCode>
      <ItemType>1</ItemType>
      <ItemName>מתיר קשרים 150מ"ל</ItemName>
      <ManufacturerName>HMS</ManufacturerName>
      <ManufactureCountry>US</ManufactureCountry>
      <ManufacturerItemDescription>מתיר קשרים 150מ"ל</ManufacturerItemDescription>
      <UnitQty>מיליליטרים</UnitQty>
      <Quantity>150.00</Quantity>
      <bIsWeighted>0</bIsWeighted>
      <UnitOfMeasure>100 מ"ל</UnitOfMeasure>
      <QtyInPackage>1</QtyInPackage>
      <ItemPrice>149.00</ItemPrice>
      <UnitOfMeasurePrice>99.33</UnitOfMeasurePrice>
      <AllowDiscount>1</AllowDiscount>
      <ItemStatus>1</ItemStatus>
    </Item>
    <Item>
      <PriceUpdateDate>2025-11-27 21:30</PriceUpdateDate>
      <ItemCode>8410104039134</ItemCode>
      <ItemType>1</ItemType>
      <ItemName>מנקה מדיח כלים250מ פיניש</ItemName>
      <ManufacturerName>רקיט בנקיזר</ManufacturerName>
      <ManufactureCountry>PL</ManufactureCountry>
      <ManufacturerItemDescription>מנקה מדיח כלים250מ פיניש</ManufacturerItemDescription>
      <UnitQty>מיליליטרים</UnitQty>
      <Quantity>250.00</Quantity>
      <bIsWeighted>0</bIsWeighted>
      <UnitOfMeasure>100 מ"ל</UnitOfMeasure>
      <QtyInPackage>0</QtyInPackage>
      <ItemPrice>10.00</ItemPrice>
      <UnitOfMeasurePrice>4.00</UnitOfMeasurePrice>
      <AllowDiscount>1</AllowDiscount>
      <ItemStatus>1</ItemStatus>
    </Item>
    <Item>
      <PriceUpdateDate>2025-11-27 21:30</PriceUpdateDate>
      <ItemCode>8410104045111</ItemCode>
      <ItemType>1</ItemType>
      <ItemName>פיניש מלח למדיח 2 ק"ג</ItemName>
      <ManufacturerName>רקיט בנקיזר</ManufacturerName>
      <ManufactureCountry>IL</ManufactureCountry>
      <ManufacturerItemDescription>פיניש מלח למדיח 2 ק"ג</ManufacturerItemDescription>
      <UnitQty>קילוגרמים</UnitQty>
      <Quantity>2.00</Quantity>
      <bIsWeighted>0</bIsWeighted>
      <UnitOfMeasure>ק"ג</UnitOfMeasure>
      <QtyInPackage>0</QtyInPackage>
      <ItemPrice>10.00</ItemPrice>
      <UnitOfMeasurePrice>5.00</UnitOfMeasurePrice>
      <AllowDiscount>1</AllowDiscount>
      <ItemStatus>1</ItemStatus>
    </Item>
    <Item>
      <PriceUpdateDate>2025-11-27 19:50</PriceUpdateDate>
      <ItemCode>8411061043844</ItemCode>
      <ItemType>1</ItemType>
      <ItemName>VIP BLACK 212 אדפ 100מל</ItemName>
      <ManufacturerName>כללי</ManufacturerName>
      <ManufactureCountry>FR</ManufactureCountry>
      <ManufacturerItemDescription>VIP BLACK 212 אדפ 100מל</ManufacturerItemDescription>
      <UnitQty>מיליליטרים</UnitQty>
      <Quantity>100.00</Quantity>
      <bIsWeighted>0</bIsWeighted>
      <UnitOfMeasure>100 מ"ל</UnitOfMeasure>
      <QtyInPackage>1</QtyInPackage>
      <ItemPrice>289.00</ItemPrice>
      <UnitOfMeasurePrice>289.00</UnitOfMeasurePrice>
      <AllowDiscount>1</AllowDiscount>
      <ItemStatus>1</ItemStatus>
    </Item>
    <Item>
      <PriceUpdateDate>2025-11-27 20:10</PriceUpdateDate>
      <ItemCode>8411061083482</ItemCode>
      <ItemType>1</ItemType>
      <ItemName>212 ויפ רוזה אלקסיר 80מל</ItemName>
      <ManufacturerName>PUIG בישום</ManufacturerName>
      <ManufactureCountry>ES</ManufactureCountry>
      <ManufacturerItemDescription>212 ויפ רוזה אלק</ManufacturerItemDescription>
      <UnitQty>מיליליטרים</UnitQty>
      <Quantity>80.00</Quantity>
      <bIsWeighted>0</bIsWeighted>
      <UnitOfMeasure>100 מ"ל</UnitOfMeasure>
      <QtyInPackage>1</QtyInPackage>
      <ItemPrice>399.00</ItemPrice>
      <UnitOfMeasurePrice>498.75</UnitOfMeasurePrice>
      <AllowDiscount>1</AllowDiscount>
      <ItemStatus>1</ItemStatus>
    </Item>
    <Item>
      <PriceUpdateDate>2025-11-27 20:50</PriceUpdateDate>
      <ItemCode>8411061120620</ItemCode>
      <ItemType>1</ItemType>
      <ItemName>וי אי פי בלאק גבר200מל</ItemName>
      <ManufacturerName>PUIG בישום</ManufacturerName>
      <ManufactureCountry>ES</ManufactureCountry>
      <ManufacturerItemDescription>וי אי פי בלאק גבר200מל</ManufacturerItemDescription>
      <UnitQty>מיליליטרים</UnitQty>
      <Quantity>200.00</Quantity>
      <bIsWeighted>0</bIsWeighted>
      <UnitOfMeasure>100 מ"ל</UnitOfMeasure>
      <QtyInPackage>1</QtyInPackage>
      <ItemPrice>399.00</ItemPrice>
      <UnitOfMeasurePrice>199.50</UnitOfMeasurePrice>
      <AllowDiscount>1</AllowDiscount>
      <ItemStatus>1</ItemStatus>
    </Item>
    <Item>
      <PriceUpdateDate>2025-11-28 19:20</PriceUpdateDate>
      <ItemCode>8411114084589</ItemCode>
      <ItemType>1</ItemType>
      <ItemName>בושם חד קרן לבנות 30 מ"ל</ItemName>
      <ManufacturerName>כללי</ManufacturerName>
      <ManufactureCountry>ES</ManufactureCountry>
      <ManufacturerItemDescription>בושם חד קרן</ManufacturerItemDescription>
      <UnitQty>מיליליטרים</UnitQty>
      <Quantity>30.00</Quantity>
      <bIsWeighted>0</bIsWeighted>
      <UnitOfMeasure>100 מ"ל</UnitOfMeasure>
      <QtyInPackage>0</QtyInPackage>
      <ItemPrice>29.90</ItemPrice>
      <UnitOfMeasurePrice>99.67</UnitOfMeasurePrice>
      <AllowDiscount>1</AllowDiscount>
      <ItemStatus>1</ItemStatus>
    </Item>
    <Item>
      <PriceUpdateDate>2025-11-28 19:20</PriceUpdateDate>
      <ItemCode>8411114085791</ItemCode>
      <ItemType>1</ItemType>
      <ItemName>פרוזן 2 בושם 30 מ"ל</ItemName>
      <ManufacturerName>כללי</ManufacturerName>
      <ManufactureCountry>ES</ManufactureCountry>
      <ManufacturerItemDescription>פרוזן 2 בושם 30 מ"ל</ManufacturerItemDescription>
      <UnitQty>מיליליטרים</UnitQty>
      <Quantity>30.00</Quantity>
      <bIsWeighted>0</bIsWeighted>
      <UnitOfMeasure>100 מ"ל</UnitOfMeasure>
      <QtyInPackage>0</QtyInPackage>
      <ItemPrice>29.90</ItemPrice>
      <UnitOfMeasurePrice>99.67</UnitOfMeasurePrice>
      <AllowDiscount>1</AllowDiscount>
      <ItemStatus>1</ItemStatus>
    </Item>
    <Item>
      <PriceUpdateDate>2024-08-06 17:13</PriceUpdateDate>
      <ItemCode>8423207206488</ItemCode>
      <ItemType>1</ItemType>
      <ItemName>סלים דליס מצופה שוקולד6י</ItemName>
      <ManufacturerName>סלים דליס</ManufacturerName>
      <ManufactureCountry>ES</ManufactureCountry>
      <ManufacturerItemDescription>סלים דליס מצופה שוקולד6י</ManufacturerItemDescription>
      <UnitQty>גרמים</UnitQty>
      <Quantity>120.00</Quantity>
      <bIsWeighted>0</bIsWeighted>
      <UnitOfMeasure>100 גרם</UnitOfMeasure>
      <QtyInPackage>0</QtyInPackage>
      <ItemPrice>15.90</ItemPrice>
      <UnitOfMeasurePrice>13.25</UnitOfMeasurePrice>
      <AllowDiscount>1</AllowDiscount>
      <ItemStatus>1</ItemStatus>
    </Item>
    <Item>
      <PriceUpdateDate>2024-08-06 17:13</PriceUpdateDate>
      <ItemCode>8423207207362</ItemCode>
      <ItemType>1</ItemType>
      <ItemName>סלים דליס שוקולד לבן20*6</ItemName>
      <ManufacturerName>סלים דליס</ManufacturerName>
      <ManufactureCountry>ES</ManufactureCountry>
      <ManufacturerItemDescription>סלים דליס שוקולד לבן6*20</ManufacturerItemDescription>
      <UnitQty>גרמים</UnitQty>
      <Quantity>120.00</Quantity>
      <bIsWeighted>0</bIsWeighted>
      <UnitOfMeasure>100 גרם</UnitOfMeasure>
      <QtyInPackage>0</QtyInPackage>
      <ItemPrice>15.90</ItemPrice>
      <UnitOfMeasurePrice>13.25</UnitOfMeasurePrice>
      <AllowDiscount>1</AllowDiscount>
      <ItemStatus>1</ItemStatus>
    </Item>
    <Item>
      <PriceUpdateDate>2024-08-06 17:13</PriceUpdateDate>
      <ItemCode>8423207208680</ItemCode>
      <ItemType>1</ItemType>
      <ItemName>סלים דליס ילדים ש.חלב6יח</ItemName>
      <ManufacturerName>סלים דליס</ManufacturerName>
      <ManufactureCountry>ES</ManufactureCountry>
      <ManufacturerItemDescription>סלים דליס ילדים ש.חלב6יח</ManufacturerItemDescription>
      <UnitQty>גרמים</UnitQty>
      <Quantity>120.00</Quantity>
      <bIsWeighted>0</bIsWeighted>
      <UnitOfMeasure>100 גרם</UnitOfMeasure>
      <QtyInPackage>1</QtyInPackage>
      <ItemPrice>15.90</ItemPrice>
      <UnitOfMeasurePrice>13.25</UnitOfMeasurePrice>
      <AllowDiscount>1</AllowDiscount>
      <ItemStatus>1</ItemStatus>
    </Item>
    <Item>
      <PriceUpdateDate>2024-08-06 17:13</PriceUpdateDate>
      <ItemCode>8423207208697</ItemCode>
      <ItemType>1</ItemType>
      <ItemName>סלים דליס ילדים ש.לבן6יח</ItemName>
      <ManufacturerName>סלים דליס</ManufacturerName>
      <ManufactureCountry>ES</ManufactureCountry>
      <ManufacturerItemDescription>סלים דליס ילדים ש.לבן6יח</ManufacturerItemDescription>
      <UnitQty>גרמים</UnitQty>
      <Quantity>120.00</Quantity>
      <bIsWeighted>0</bIsWeighted>
      <UnitOfMeasure>100 גרם</UnitOfMeasure>
      <QtyInPackage>1</QtyInPackage>
      <ItemPrice>15.90</ItemPrice>
      <UnitOfMeasurePrice>13.25</UnitOfMeasurePrice>
      <AllowDiscount>1</AllowDiscount>
      <ItemStatus>1</ItemStatus>
    </Item>
    <Item>
      <PriceUpdateDate>2025-12-15 10:00</PriceUpdateDate>
      <ItemCode>8427030007298</ItemCode>
      <ItemType>1</ItemType>
      <ItemName>סימילאק קומפורט HMOשלב-2</ItemName>
      <ManufacturerName>אבוט לבורטוריס ס.א.</ManufacturerName>
      <ManufactureCountry>ES</ManufactureCountry>
      <ManufacturerItemDescription>סימילאק קומפורט HMOשלב-2</ManufacturerItemDescription>
      <UnitQty>גרמים</UnitQty>
      <Quantity>820.00</Quantity>
      <bIsWeighted>0</bIsWeighted>
      <UnitOfMeasure>100 גרם</UnitOfMeasure>
      <QtyInPackage>1</QtyInPackage>
      <ItemPrice>74.90</ItemPrice>
      <UnitOfMeasurePrice>9.14</UnitOfMeasurePrice>
      <AllowDiscount>1</AllowDiscount>
      <ItemStatus>1</ItemStatus>
    </Item>
    <Item>
      <PriceUpdateDate>2025-11-27 20:50</PriceUpdateDate>
      <ItemCode>8431754006031</ItemCode>
      <ItemType>1</ItemType>
      <ItemName>הלווין אדט 125 מ"ל</ItemName>
      <ManufacturerName>PYD</ManufacturerName>
      <ManufactureCountry>ES</ManufactureCountry>
      <ManufacturerItemDescription>הלווין אדט</ManufacturerItemDescription>
      <UnitQty>מיליליטרים</UnitQty>
      <Quantity>125.00</Quantity>
      <bIsWeighted>0</bIsWeighted>
      <UnitOfMeasure>100 מ"ל</UnitOfMeasure>
      <QtyInPackage>1</QtyInPackage>
      <ItemPrice>219.00</ItemPrice>
      <UnitOfMeasurePrice>175.20</UnitOfMeasurePrice>
      <AllowDiscount>1</AllowDiscount>
      <ItemStatus>1</ItemStatus>
    </Item>
    <Item>
      <PriceUpdateDate>2025-01-01 10:05</PriceUpdateDate>
      <ItemCode>8435137751051</ItemCode>
      <ItemType>1</ItemType>
      <ItemName>פראדה קנדי קיס א.אדפ50מל</ItemName>
      <ManufacturerName>פראדה בישום</ManufacturerName>
      <ManufactureCountry>IL</ManufactureCountry>
      <ManufacturerItemDescription>פראדה קנדי קיס א</ManufacturerItemDescription>
      <UnitQty>מיליליטרים</UnitQty>
      <Quantity>50.00</Quantity>
      <bIsWeighted>0</bIsWeighted>
      <UnitOfMeasure>100 מ"ל</UnitOfMeasure>
      <QtyInPackage>0</QtyInPackage>
      <ItemPrice>337.00</ItemPrice>
      <UnitOfMeasurePrice>674.00</UnitOfMeasurePrice>
      <AllowDiscount>1</AllowDiscount>
      <ItemStatus>1</ItemStatus>
    </Item>
    <Item>
      <PriceUpdateDate>2025-11-27 19:50</PriceUpdateDate>
      <ItemCode>8435415032315</ItemCode>
      <ItemType>1</ItemType>
      <ItemName>MALE LE א.ד.פ לגבר125 מל</ItemName>
      <ManufacturerName>כללי</ManufacturerName>
      <ManufactureCountry>IL</ManufactureCountry>
      <ManufacturerItemDescription>זאן פול גוטיה</ManufacturerItemDescription>
      <UnitQty>מיליליטרים</UnitQty>
      <Quantity>125.00</Quantity>
      <bIsWeighted>0</bIsWeighted>
      <UnitOfMeasure>100 מ"ל</UnitOfMeasure>
      <QtyInPackage>1</QtyInPackage>
      <ItemPrice>349.00</ItemPrice>
      <UnitOfMeasurePrice>279.20</UnitOfMeasurePrice>
      <AllowDiscount>1</AllowDiscount>
      <ItemStatus>1</ItemStatus>
    </Item>
    <Item>
      <PriceUpdateDate>2024-12-23 17:26</PriceUpdateDate>
      <ItemCode>8435495807605</ItemCode>
      <ItemType>1</ItemType>
      <ItemName>תינוקלין מרכך לבן 1 ליטר</ItemName>
      <ManufacturerName>סארוהאן</ManufacturerName>
      <ManufactureCountry>TR</ManufactureCountry>
      <ManufacturerItemDescription>תינוקלין מרכך לבן 1 ליטר</ManufacturerItemDescription>
      <UnitQty>ליטרים</UnitQty>
      <Quantity>1.00</Quantity>
      <bIsWeighted>0</bIsWeighted>
      <UnitOfMeasure>ליטר</UnitOfMeasure>
      <QtyInPackage>1</QtyInPackage>
      <ItemPrice>20.50</ItemPrice>
      <UnitOfMeasurePrice>20.50</UnitOfMeasurePrice>
      <AllowDiscount>1</AllowDiscount>
      <ItemStatus>1</ItemStatus>
    </Item>
    <Item>
      <PriceUpdateDate>2024-12-23 17:26</PriceUpdateDate>
      <ItemCode>8435495807636</ItemCode>
      <ItemType>1</ItemType>
      <ItemName>תינוקלין ג'ל כביסה 2 ל'</ItemName>
      <ManufacturerName>סארוהאן</ManufacturerName>
      <ManufactureCountry>ES</ManufactureCountry>
      <ManufacturerItemDescription>תינוקלין גל כביסה 2 ל</ManufacturerItemDescription>
      <UnitQty>ליטרים</UnitQty>
      <Quantity>2.00</Quantity>
      <bIsWeighted>0</bIsWeighted>
      <UnitOfMeasure>ליטר</UnitOfMeasure>
      <QtyInPackage>1</QtyInPackage>
      <ItemPrice>37.90</ItemPrice>
      <UnitOfMeasurePrice>18.95</UnitOfMeasurePrice>
      <AllowDiscount>1</AllowDiscount>
      <ItemStatus>1</ItemStatus>
    </Item>
    <Item>
      <PriceUpdateDate>2025-05-27 09:11</PriceUpdateDate>
      <ItemCode>8445291028647</ItemCode>
      <ItemType>1</ItemType>
      <ItemName>מחית מרק ירקות 190 גרם</ItemName>
      <ManufacturerName>נסטלה פולסקה אס.איי</ManufacturerName>
      <ManufactureCountry>PL</ManufactureCountry>
      <ManufacturerItemDescription>מחית מרק ירקות 190 גרם</ManufacturerItemDescription>
      <UnitQty>גרמים</UnitQty>
      <Quantity>190.00</Quantity>
      <bIsWeighted>0</bIsWeighted>
      <UnitOfMeasure>100 גרם</UnitOfMeasure>
      <QtyInPackage>1</QtyInPackage>
      <ItemPrice>5.90</ItemPrice>
      <UnitOfMeasurePrice>3.11</UnitOfMeasurePrice>
      <AllowDiscount>1</AllowDiscount>
      <ItemStatus>1</ItemStatus>
    </Item>
    <Item>
      <PriceUpdateDate>2025-05-27 09:11</PriceUpdateDate>
      <ItemCode>8445291028838</ItemCode>
      <ItemType>1</ItemType>
      <ItemName>מטרנה מחית תפוח עץ 190גר</ItemName>
      <ManufacturerName>נסטלה פולסקה אס.איי</ManufacturerName>
      <ManufactureCountry>PL</ManufactureCountry>
      <ManufacturerItemDescription>מטרנה מחית תפוח עץ 190גר</ManufacturerItemDescription>
      <UnitQty>גרמים</UnitQty>
      <Quantity>190.00</Quantity>
      <bIsWeighted>0</bIsWeighted>
      <UnitOfMeasure>100 גרם</UnitOfMeasure>
      <QtyInPackage>1</QtyInPackage>
      <ItemPrice>5.90</ItemPrice>
      <UnitOfMeasurePrice>3.11</UnitOfMeasurePrice>
      <AllowDiscount>1</AllowDiscount>
      <ItemStatus>1</ItemStatus>
    </Item>
    <Item>
      <PriceUpdateDate>2025-05-27 09:11</PriceUpdateDate>
      <ItemCode>8445291028906</ItemCode>
      <ItemType>1</ItemType>
      <ItemName>מחית פירות שיבולת 190ג</ItemName>
      <ManufacturerName>נסטלה פולסקה אס.איי</ManufacturerName>
      <ManufactureCountry>PL</ManufactureCountry>
      <ManufacturerItemDescription>מחית פירות שיבולת 190ג</ManufacturerItemDescription>
      <UnitQty>גרמים</UnitQty>
      <Quantity>190.00</Quantity>
      <bIsWeighted>0</bIsWeighted>
      <UnitOfMeasure>100 גרם</UnitOfMeasure>
      <QtyInPackage>1</QtyInPackage>
      <ItemPrice>5.90</ItemPrice>
      <UnitOfMeasurePrice>3.11</UnitOfMeasurePrice>
      <AllowDiscount>1</AllowDiscount>
      <ItemStatus>1</ItemStatus>
    </Item>
    <Item>
      <PriceUpdateDate>2025-07-20 15:39</PriceUpdateDate>
      <ItemCode>8445291050396</ItemCode>
      <ItemType>1</ItemType>
      <ItemName>מטרנה מחית סלט פירות90ג</ItemName>
      <ManufacturerName>מפעל סברס, נסטלה ספרד ס.</ManufacturerName>
      <ManufactureCountry>ES</ManufactureCountry>
      <ManufacturerItemDescription>מטרנה מחית סלט פירות90ג</ManufacturerItemDescription>
      <UnitQty>גרמים</UnitQty>
      <Quantity>90.00</Quantity>
      <bIsWeighted>0</bIsWeighted>
      <UnitOfMeasure>100 גרם</UnitOfMeasure>
      <QtyInPackage>1</QtyInPackage>
      <ItemPrice>5.90</ItemPrice>
      <UnitOfMeasurePrice>6.56</UnitOfMeasurePrice>
      <AllowDiscount>1</AllowDiscount>
      <ItemStatus>1</ItemStatus>
    </Item>
    <Item>
      <PriceUpdateDate>2025-07-20 15:39</PriceUpdateDate>
      <ItemCode>8445291081543</ItemCode>
      <ItemType>1</ItemType>
      <ItemName>מחית תפוח גזר פאוץ90ג</ItemName>
      <ManufacturerName>נסטלה ספרד ס.א, מפעל סבר</ManufacturerName>
      <ManufactureCountry>ES</ManufactureCountry>
      <ManufacturerItemDescription>מחית תפוח גזר פאוץ90ג</ManufacturerItemDescription>
      <UnitQty>גרמים</UnitQty>
      <Quantity>90.00</Quantity>
      <bIsWeighted>0</bIsWeighted>
      <UnitOfMeasure>100 גרם</UnitOfMeasure>
      <QtyInPackage>1</QtyInPackage>
      <ItemPrice>5.90</ItemPrice>
      <UnitOfMeasurePrice>6.56</UnitOfMeasurePrice>
      <AllowDiscount>1</AllowDiscount>
      <ItemStatus>1</ItemStatus>
    </Item>
    <Item>
      <PriceUpdateDate>2025-07-20 15:39</PriceUpdateDate>
      <ItemCode>8445291081574</ItemCode>
      <ItemType>1</ItemType>
      <ItemName>מחית תפוח גזר מנגו פאץ90</ItemName>
      <ManufacturerName>נסטלה ספרד ס.א, מפעל סבר</ManufacturerName>
      <ManufactureCountry>ES</ManufactureCountry>
      <ManufacturerItemDescription>מחית תפוח גזר מנגו פאץ90</ManufacturerItemDescription>
      <UnitQty>גרמים</UnitQty>
      <Quantity>90.00</Quantity>
      <bIsWeighted>0</bIsWeighted>
      <UnitOfMeasure>100 גרם</UnitOfMeasure>
      <QtyInPackage>1</QtyInPackage>
      <ItemPrice>5.90</ItemPrice>
      <UnitOfMeasurePrice>6.56</UnitOfMeasurePrice>
      <AllowDiscount>1</AllowDiscount>
      <ItemStatus>1</ItemStatus>
    </Item>
    <Item>
      <PriceUpdateDate>2024-12-27 18:12</PriceUpdateDate>
      <ItemCode>85715167132</ItemCode>
      <ItemType>1</ItemType>
      <ItemName>אברקרומבי פירסט אינסטינק</ItemName>
      <ManufacturerName>אינטר פרמיום</ManufacturerName>
      <ManufactureCountry>US</ManufactureCountry>
      <ManufacturerItemDescription>אברקרומבי פירסט אינסטינק</ManufacturerItemDescription>
      <UnitQty>מיליליטרים</UnitQty>
      <Quantity>10.00</Quantity>
      <bIsWeighted>0</bIsWeighted>
      <UnitOfMeasure>100 מ"ל</UnitOfMeasure>
      <QtyInPackage>1</QtyInPackage>
      <ItemPrice>59.90</ItemPrice>
      <UnitOfMeasurePrice>599.00</UnitOfMeasurePrice>
      <AllowDiscount>1</AllowDiscount>
      <ItemStatus>1</ItemStatus>
    </Item>
    <Item>
      <PriceUpdateDate>2025-03-06 14:42</PriceUpdateDate>
      <ItemCode>8606105662024</ItemCode>
      <ItemType>1</ItemType>
      <ItemName>JAKEסוכריות ללא סוכר18גר</ItemName>
      <ManufacturerName>פארמה דיל</ManufacturerName>
      <ManufactureCountry>UA</ManufactureCountry>
      <ManufacturerItemDescription>JAKEסוכריות ללא סוכר18גר</ManufacturerItemDescription>
      <UnitQty>גרמים</UnitQty>
      <Quantity>18.00</Quantity>
      <bIsWeighted>0</bIsWeighted>
      <UnitOfMeasure>100 גרם</UnitOfMeasure>
      <QtyInPackage>1</QtyInPackage>
      <ItemPrice>7.90</ItemPrice>
      <UnitOfMeasurePrice>43.89</UnitOfMeasurePrice>
      <AllowDiscount>1</AllowDiscount>
      <ItemStatus>1</ItemStatus>
    </Item>
    <Item>
      <PriceUpdateDate>2025-03-06 14:42</PriceUpdateDate>
      <ItemCode>8606105662048</ItemCode>
      <ItemType>1</ItemType>
      <ItemName>סוכריות ללא סוכר 18 גרם</ItemName>
      <ManufacturerName>פארמה דיל</ManufacturerName>
      <ManufactureCountry>UA</ManufactureCountry>
      <ManufacturerItemDescription>סוכריות ללא סוכר 18 גרם</ManufacturerItemDescription>
      <UnitQty>גרמים</UnitQty>
      <Quantity>18.00</Quantity>
      <bIsWeighted>0</bIsWeighted>
      <UnitOfMeasure>100 גרם</UnitOfMeasure>
      <QtyInPackage>1</QtyInPackage>
      <ItemPrice>7.90</ItemPrice>
      <UnitOfMeasurePrice>43.89</UnitOfMeasurePrice>
      <AllowDiscount>1</AllowDiscount>
      <ItemStatus>1</ItemStatus>
    </Item>
    <Item>
      <PriceUpdateDate>2025-03-06 14:42</PriceUpdateDate>
      <ItemCode>8606105662505</ItemCode>
      <ItemType>1</ItemType>
      <ItemName>סוכריות בטעם אפרסק 18גרם</ItemName>
      <ManufacturerName>פארמה דיל</ManufacturerName>
      <ManufactureCountry>UA</ManufactureCountry>
      <ManufacturerItemDescription>סוכריות בטעם אפרסק 18גרם</ManufacturerItemDescription>
      <UnitQty>גרמים</UnitQty>
      <Quantity>18.00</Quantity>
      <bIsWeighted>0</bIsWeighted>
      <UnitOfMeasure>100 גרם</UnitOfMeasure>
      <QtyInPackage>0</QtyInPackage>
      <ItemPrice>7.90</ItemPrice>
      <UnitOfMeasurePrice>43.89</UnitOfMeasurePrice>
      <AllowDiscount>1</AllowDiscount>
      <ItemStatus>1</ItemStatus>
    </Item>
    <Item>
      <PriceUpdateDate>2025-03-06 14:42</PriceUpdateDate>
      <ItemCode>8606110722065</ItemCode>
      <ItemType>1</ItemType>
      <ItemName>סוכריות ללא סוכר 18 גרם</ItemName>
      <ManufacturerName>פארמה דיל</ManufacturerName>
      <ManufactureCountry>UA</ManufactureCountry>
      <ManufacturerItemDescription>סוכריות ללא סוכר 18 גרם</ManufacturerItemDescription>
      <UnitQty>גרמים</UnitQty>
      <Quantity>18.00</Quantity>
      <bIsWeighted>0</bIsWeighted>
      <UnitOfMeasure>100 גרם</UnitOfMeasure>
      <QtyInPackage>1</QtyInPackage>
      <ItemPrice>7.90</ItemPrice>
      <UnitOfMeasurePrice>43.89</UnitOfMeasurePrice>
      <AllowDiscount>1</AllowDiscount>
      <ItemStatus>1</ItemStatus>
    </Item>
    <Item>
      <PriceUpdateDate>2025-01-01 10:06</PriceUpdateDate>
      <ItemCode>8691900174032</ItemCode>
      <ItemType>1</ItemType>
      <ItemName>קוטקס תחבושת נורמל 24 יח</ItemName>
      <ManufacturerName>חוגלה קימברלי</ManufacturerName>
      <ManufactureCountry>CZ</ManufactureCountry>
      <ManufacturerItemDescription>קוטקס תחבושת נורמל 24 יח</ManufacturerItemDescription>
      <UnitQty>יחידה</UnitQty>
      <Quantity>1.00</Quantity>
      <bIsWeighted>0</bIsWeighted>
      <UnitOfMeasure>יחידה</UnitOfMeasure>
      <QtyInPackage>1</QtyInPackage>
      <ItemPrice>20.50</ItemPrice>
      <UnitOfMeasurePrice>20.50</UnitOfMeasurePrice>
      <AllowDiscount>1</AllowDiscount>
      <ItemStatus>1</ItemStatus>
    </Item>
    <Item>
      <PriceUpdateDate>2025-11-27 21:40</PriceUpdateDate>
      <ItemCode>8693495041461</ItemCode>
      <ItemType>1</ItemType>
      <ItemName>2מברשות סלים סופט פחם</ItemName>
      <ManufacturerName>קולגייט-פלמוליב</ManufacturerName>
      <ManufactureCountry>CN</ManufactureCountry>
      <ManufacturerItemDescription>2מברשות סלים סופט פחם</ManufacturerItemDescription>
      <UnitQty>יחידה</UnitQty>
      <Quantity>1.00</Quantity>
      <bIsWeighted>0</bIsWeighted>
      <UnitOfMeasure>יחידה</UnitOfMeasure>
      <QtyInPackage>0</QtyInPackage>
      <ItemPrice>29.90</ItemPrice>
      <UnitOfMeasurePrice>29.90</UnitOfMeasurePrice>
      <AllowDiscount>1</AllowDiscount>
      <ItemStatus>1</ItemStatus>
    </Item>
    <Item>
      <PriceUpdateDate>2025-11-27 19:40</PriceUpdateDate>
      <ItemCode>8696814056740</ItemCode>
      <ItemType>1</ItemType>
      <ItemName>ליפגלוס מנפח שפתיים שקוף</ItemName>
      <ManufacturerName>GABRINI</ManufacturerName>
      <ManufactureCountry>TR</ManufactureCountry>
      <ManufacturerItemDescription>ליפ גלוס שקוף</ManufacturerItemDescription>
      <UnitQty>יחידה</UnitQty>
      <Quantity>1.00</Quantity>
      <bIsWeighted>0</bIsWeighted>
      <UnitOfMeasure>יחידה</UnitOfMeasure>
      <QtyInPackage>1</QtyInPackage>
      <ItemPrice>24.90</ItemPrice>
      <UnitOfMeasurePrice>24.90</UnitOfMeasurePrice>
      <AllowDiscount>1</AllowDiscount>
      <ItemStatus>1</ItemStatus>
    </Item>
    <Item>
      <PriceUpdateDate>2025-12-01 20:20</PriceUpdateDate>
      <ItemCode>8699568531952</ItemCode>
      <ItemType>1</ItemType>
      <ItemName>וולפלקס מוס לתלתלים200מ</ItemName>
      <ManufacturerName>PROCTER&amp;GAMBLE</ManufacturerName>
      <ManufactureCountry>FR</ManufactureCountry>
      <ManufacturerItemDescription>וולפלקס מוס לתלתלים200מ</ManufacturerItemDescription>
      <UnitQty>מיליליטרים</UnitQty>
      <Quantity>200.00</Quantity>
      <bIsWeighted>0</bIsWeighted>
      <UnitOfMeasure>100 מ"ל</UnitOfMeasure>
      <QtyInPackage>1</QtyInPackage>
      <ItemPrice>24.90</ItemPrice>
      <UnitOfMeasurePrice>12.45</UnitOfMeasurePrice>
      <AllowDiscount>1</AllowDiscount>
      <ItemStatus>1</ItemStatus>
    </Item>
    <Item>
      <PriceUpdateDate>2025-12-21 15:30</PriceUpdateDate>
      <ItemCode>8700216057417</ItemCode>
      <ItemType>1</ItemType>
      <ItemName>פנטן קרם לחות מוגברת 300</ItemName>
      <ManufacturerName>פרוקטר אנד גמבל</ManufacturerName>
      <ManufactureCountry>FR</ManufactureCountry>
      <ManufacturerItemDescription>קרם לשיער פנטן</ManufacturerItemDescription>
      <UnitQty>מיליליטרים</UnitQty>
      <Quantity>300.00</Quantity>
      <bIsWeighted>0</bIsWeighted>
      <UnitOfMeasure>100 מ"ל</UnitOfMeasure>
      <QtyInPackage>1</QtyInPackage>
      <ItemPrice>16.90</ItemPrice>
      <UnitOfMeasurePrice>5.63</UnitOfMeasurePrice>
      <AllowDiscount>1</AllowDiscount>
      <ItemStatus>1</ItemStatus>
    </Item>
    <Item>
      <PriceUpdateDate>2025-12-21 15:30</PriceUpdateDate>
      <ItemCode>8700216178068</ItemCode>
      <ItemType>1</ItemType>
      <ItemName>פנטן מיראקלס לשיער ארוך</ItemName>
      <ManufacturerName>פרוקטר אנד גמבל</ManufacturerName>
      <ManufactureCountry>FR</ManufactureCountry>
      <ManufacturerItemDescription>פנטן מיראקלס לשיער ארוך</ManufacturerItemDescription>
      <UnitQty>מיליליטרים</UnitQty>
      <Quantity>300.00</Quantity>
      <bIsWeighted>0</bIsWeighted>
      <UnitOfMeasure>100 מ"ל</UnitOfMeasure>
      <QtyInPackage>1</QtyInPackage>
      <ItemPrice>16.90</ItemPrice>
      <UnitOfMeasurePrice>5.63</UnitOfMeasurePrice>
      <AllowDiscount>1</AllowDiscount>
      <ItemStatus>1</ItemStatus>
    </Item>
    <Item>
      <PriceUpdateDate>2025-11-27 21:40</PriceUpdateDate>
      <ItemCode>8700216179294</ItemCode>
      <ItemType>1</ItemType>
      <ItemName>אולוויז דיסקריט סינגל10י</ItemName>
      <ManufacturerName>---</ManufacturerName>
      <ManufactureCountry>DE</ManufactureCountry>
      <ManufacturerItemDescription>אולוויז דיסקריט סינגל10י</ManufacturerItemDescription>
      <UnitQty>יחידה</UnitQty>
      <Quantity>1.00</Quantity>
      <bIsWeighted>0</bIsWeighted>
      <UnitOfMeasure>יחידה</UnitOfMeasure>
      <QtyInPackage>1</QtyInPackage>
      <ItemPrice>14.90</ItemPrice>
      <UnitOfMeasurePrice>14.90</UnitOfMeasurePrice>
      <AllowDiscount>1</AllowDiscount>
      <ItemStatus>1</ItemStatus>
    </Item>
    <Item>
      <PriceUpdateDate>2025-11-27 21:40</PriceUpdateDate>
      <ItemCode>8700216179577</ItemCode>
      <ItemType>1</ItemType>
      <ItemName>דיסקריט תחבושות לונג+8יח</ItemName>
      <ManufacturerName>---</ManufacturerName>
      <ManufactureCountry>DE</ManufactureCountry>
      <ManufacturerItemDescription>דיסקריט תחבושות לונג+8יח</ManufacturerItemDescription>
      <UnitQty>יחידה</UnitQty>
      <Quantity>1.00</Quantity>
      <bIsWeighted>0</bIsWeighted>
      <UnitOfMeasure>יחידה</UnitOfMeasure>
      <QtyInPackage>1</QtyInPackage>
      <ItemPrice>14.90</ItemPrice>
      <UnitOfMeasurePrice>14.90</UnitOfMeasurePrice>
      <AllowDiscount>1</AllowDiscount>
      <ItemStatus>1</ItemStatus>
    </Item>
    <Item>
      <PriceUpdateDate>2025-08-22 05:42</PriceUpdateDate>
      <ItemCode>8700216199483</ItemCode>
      <ItemType>1</ItemType>
      <ItemName>ראש מברשת חשמלית iO</ItemName>
      <ManufacturerName>P&amp;G</ManufacturerName>
      <ManufactureCountry>DE</ManufactureCountry>
      <ManufacturerItemDescription>ראש מברשת חשמלית iO</ManufacturerItemDescription>
      <UnitQty>יחידה</UnitQty>
      <Quantity>1.00</Quantity>
      <bIsWeighted>0</bIsWeighted>
      <UnitOfMeasure>יחידה</UnitOfMeasure>
      <QtyInPackage>1</QtyInPackage>
      <ItemPrice>149.00</ItemPrice>
      <UnitOfMeasurePrice>149.00</UnitOfMeasurePrice>
      <AllowDiscount>1</AllowDiscount>
      <ItemStatus>1</ItemStatus>
    </Item>
    <Item>
      <PriceUpdateDate>2025-11-27 21:40</PriceUpdateDate>
      <ItemCode>8700216211727</ItemCode>
      <ItemType>1</ItemType>
      <ItemName>שמפו ניחוח ורדים 350מל</ItemName>
      <ManufacturerName>פרוקטר &amp; גמבל</ManufacturerName>
      <ManufactureCountry>BE</ManufactureCountry>
      <ManufacturerItemDescription>שמפו ניחוח ורדים 350מל</ManufacturerItemDescription>
      <UnitQty>מיליליטרים</UnitQty>
      <Quantity>350.00</Quantity>
      <bIsWeighted>0</bIsWeighted>
      <UnitOfMeasure>100 מ"ל</UnitOfMeasure>
      <QtyInPackage>1</QtyInPackage>
      <ItemPrice>14.90</ItemPrice>
      <UnitOfMeasurePrice>4.26</UnitOfMeasurePrice>
      <AllowDiscount>1</AllowDiscount>
      <ItemStatus>1</ItemStatus>
    </Item>
    <Item>
      <PriceUpdateDate>2025-11-27 21:40</PriceUpdateDate>
      <ItemCode>8700216211826</ItemCode>
      <ItemType>1</ItemType>
      <ItemName>הרבל אסנס מרכך ניחוח 250</ItemName>
      <ManufacturerName>פרוקטר &amp; גמבל</ManufacturerName>
      <ManufactureCountry>BE</ManufactureCountry>
      <ManufacturerItemDescription>הרבל אסנס מרכך ניחוח 250</ManufacturerItemDescription>
      <UnitQty>מיליליטרים</UnitQty>
      <Quantity>250.00</Quantity>
      <bIsWeighted>0</bIsWeighted>
      <UnitOfMeasure>100 מ"ל</UnitOfMeasure>
      <QtyInPackage>1</QtyInPackage>
      <ItemPrice>14.90</ItemPrice>
      <UnitOfMeasurePrice>5.96</UnitOfMeasurePrice>
      <AllowDiscount>1</AllowDiscount>
      <ItemStatus>1</ItemStatus>
    </Item>
    <Item>
      <PriceUpdateDate>2025-11-27 21:40</PriceUpdateDate>
      <ItemCode>8700216212267</ItemCode>
      <ItemType>1</ItemType>
      <ItemName>הרבל אסנס מרכך ש.ארגן250</ItemName>
      <ManufacturerName>פרוקטר &amp; גמבל</ManufacturerName>
      <ManufactureCountry>BE</ManufactureCountry>
      <ManufacturerItemDescription>הרבל אסנס מרכך שמן ארגן</ManufacturerItemDescription>
      <UnitQty>מיליליטרים</UnitQty>
      <Quantity>250.00</Quantity>
      <bIsWeighted>0</bIsWeighted>
      <UnitOfMeasure>100 מ"ל</UnitOfMeasure>
      <QtyInPackage>1</QtyInPackage>
      <ItemPrice>14.90</ItemPrice>
      <UnitOfMeasurePrice>5.96</UnitOfMeasurePrice>
      <AllowDiscount>1</AllowDiscount>
      <ItemStatus>1</ItemStatus>
    </Item>
    <Item>
      <PriceUpdateDate>2025-11-27 21:40</PriceUpdateDate>
      <ItemCode>8700216212458</ItemCode>
      <ItemType>1</ItemType>
      <ItemName>הרבל אסנס שמפו ש.ארגן350</ItemName>
      <ManufacturerName>פרוקטר &amp; גמבל</ManufacturerName>
      <ManufactureCountry>BE</ManufactureCountry>
      <ManufacturerItemDescription>הרבל אסנס שמפו ש.ארגן350</ManufacturerItemDescription>
      <UnitQty>מיליליטרים</UnitQty>
      <Quantity>350.00</Quantity>
      <bIsWeighted>0</bIsWeighted>
      <UnitOfMeasure>100 מ"ל</UnitOfMeasure>
      <QtyInPackage>1</QtyInPackage>
      <ItemPrice>14.90</ItemPrice>
      <UnitOfMeasurePrice>4.26</UnitOfMeasurePrice>
      <AllowDiscount>1</AllowDiscount>
      <ItemStatus>1</ItemStatus>
    </Item>
    <Item>
      <PriceUpdateDate>2025-12-07 11:40</PriceUpdateDate>
      <ItemCode>8700216236164</ItemCode>
      <ItemType>1</ItemType>
      <ItemName>פיירי פלטינום פלוס 48טבל</ItemName>
      <ManufacturerName>פיירי</ManufacturerName>
      <ManufactureCountry>BE</ManufactureCountry>
      <ManufacturerItemDescription>פיירי פלטינום פלוס 48טבל</ManufacturerItemDescription>
      <UnitQty>יחידה</UnitQty>
      <Quantity>1.00</Quantity>
      <bIsWeighted>0</bIsWeighted>
      <UnitOfMeasure>יחידה</UnitOfMeasure>
      <QtyInPackage>1</QtyInPackage>
      <ItemPrice>54.90</ItemPrice>
      <UnitOfMeasurePrice>54.90</UnitOfMeasurePrice>
      <AllowDiscount>1</AllowDiscount>
      <ItemStatus>1</ItemStatus>
    </Item>
    <Item>
      <PriceUpdateDate>2025-02-14 05:48</PriceUpdateDate>
      <ItemCode>8700216270786</ItemCode>
      <ItemType>1</ItemType>
      <ItemName>מיראקלס מסכה לשיער300מל</ItemName>
      <ManufacturerName>PROCTER&amp;GAMBLE</ManufacturerName>
      <ManufactureCountry>FR</ManufactureCountry>
      <ManufacturerItemDescription>מיראקלס מסכה לשיער300מל</ManufacturerItemDescription>
      <UnitQty>מיליליטרים</UnitQty>
      <Quantity>300.00</Quantity>
      <bIsWeighted>0</bIsWeighted>
      <UnitOfMeasure>100 מ"ל</UnitOfMeasure>
      <QtyInPackage>1</QtyInPackage>
      <ItemPrice>40.90</ItemPrice>
      <UnitOfMeasurePrice>13.63</UnitOfMeasurePrice>
      <AllowDiscount>1</AllowDiscount>
      <ItemStatus>1</ItemStatus>
    </Item>
    <Item>
      <PriceUpdateDate>2024-12-23 17:21</PriceUpdateDate>
      <ItemCode>8700216350396</ItemCode>
      <ItemType>1</ItemType>
      <ItemName>פמפרס בייבי דריי 27 שלב5</ItemName>
      <ManufacturerName>---</ManufacturerName>
      <ManufactureCountry>TR</ManufactureCountry>
      <ManufacturerItemDescription>פמפרס בייבי דריי 27 שלב5</ManufacturerItemDescription>
      <UnitQty>יחידה</UnitQty>
      <Quantity>1.00</Quantity>
      <bIsWeighted>0</bIsWeighted>
      <UnitOfMeasure>יחידה</UnitOfMeasure>
      <QtyInPackage>1</QtyInPackage>
      <ItemPrice>41.90</ItemPrice>
      <UnitOfMeasurePrice>41.90</UnitOfMeasurePrice>
      <AllowDiscount>1</AllowDiscount>
      <ItemStatus>1</ItemStatus>
    </Item>
    <Item>
      <PriceUpdateDate>2024-12-23 17:21</PriceUpdateDate>
      <ItemCode>8700216350419</ItemCode>
      <ItemType>1</ItemType>
      <ItemName>פמפרס בייבי דריי מ6. 24</ItemName>
      <ManufacturerName>---</ManufacturerName>
      <ManufactureCountry>TR</ManufactureCountry>
      <ManufacturerItemDescription>פמפרס בייבי דריי מ.6 24</ManufacturerItemDescription>
      <UnitQty>יחידה</UnitQty>
      <Quantity>1.00</Quantity>
      <bIsWeighted>0</bIsWeighted>
      <UnitOfMeasure>יחידה</UnitOfMeasure>
      <QtyInPackage>1</QtyInPackage>
      <ItemPrice>41.90</ItemPrice>
      <UnitOfMeasurePrice>41.90</UnitOfMeasurePrice>
      <AllowDiscount>1</AllowDiscount>
      <ItemStatus>1</ItemStatus>
    </Item>
    <Item>
      <PriceUpdateDate>2024-12-23 17:21</PriceUpdateDate>
      <ItemCode>8700216363228</ItemCode>
      <ItemType>1</ItemType>
      <ItemName>פמפרס בייבי דריי31 מ4</ItemName>
      <ManufacturerName>---</ManufacturerName>
      <ManufactureCountry>TR</ManufactureCountry>
      <ManufacturerItemDescription>פמפרס בייבי דריי31 מ4</ManufacturerItemDescription>
      <UnitQty>יחידה</UnitQty>
      <Quantity>1.00</Quantity>
      <bIsWeighted>0</bIsWeighted>
      <UnitOfMeasure>יחידה</UnitOfMeasure>
      <QtyInPackage>1</QtyInPackage>
      <ItemPrice>41.90</ItemPrice>
      <UnitOfMeasurePrice>41.90</UnitOfMeasurePrice>
      <AllowDiscount>1</AllowDiscount>
      <ItemStatus>1</ItemStatus>
    </Item>
    <Item>
      <PriceUpdateDate>2025-12-01 20:20</PriceUpdateDate>
      <ItemCode>8700216418287</ItemCode>
      <ItemType>1</ItemType>
      <ItemName>הד&amp;שולדרס מניעת קשקשמ625</ItemName>
      <ManufacturerName>---</ManufacturerName>
      <ManufactureCountry>HU</ManufactureCountry>
      <ManufacturerItemDescription>הד&amp;שולדרס מניעת קשקשמ625</ManufacturerItemDescription>
      <UnitQty>מיליליטרים</UnitQty>
      <Quantity>625.00</Quantity>
      <bIsWeighted>0</bIsWeighted>
      <UnitOfMeasure>100 מ"ל</UnitOfMeasure>
      <QtyInPackage>1</QtyInPackage>
      <ItemPrice>25.90</ItemPrice>
      <UnitOfMeasurePrice>4.14</UnitOfMeasurePrice>
      <AllowDiscount>1</AllowDiscount>
      <ItemStatus>1</ItemStatus>
    </Item>
    <Item>
      <PriceUpdateDate>2025-12-01 20:20</PriceUpdateDate>
      <ItemCode>8700216418300</ItemCode>
      <ItemType>1</ItemType>
      <ItemName>הד&amp;שולדרס שמפו קלאסי625מ</ItemName>
      <ManufacturerName>---</ManufacturerName>
      <ManufactureCountry>HU</ManufactureCountry>
      <ManufacturerItemDescription>הד&amp;שולדרס שמפו קלאסי625מ</ManufacturerItemDescription>
      <UnitQty>מיליליטרים</UnitQty>
      <Quantity>625.00</Quantity>
      <bIsWeighted>0</bIsWeighted>
      <UnitOfMeasure>100 מ"ל</UnitOfMeasure>
      <QtyInPackage>1</QtyInPackage>
      <ItemPrice>25.90</ItemPrice>
      <UnitOfMeasurePrice>4.14</UnitOfMeasurePrice>
      <AllowDiscount>1</AllowDiscount>
      <ItemStatus>1</ItemStatus>
    </Item>
    <Item>
      <PriceUpdateDate>2025-12-01 20:20</PriceUpdateDate>
      <ItemCode>8700216418447</ItemCode>
      <ItemType>1</ItemType>
      <ItemName>הד&amp;שולדרס2-1מנוטרל 625מל</ItemName>
      <ManufacturerName>---</ManufacturerName>
      <ManufactureCountry>HU</ManufactureCountry>
      <ManufacturerItemDescription>הד&amp;שולדרס2-1מנוטרל 625מל</ManufacturerItemDescription>
      <UnitQty>מיליליטרים</UnitQty>
      <Quantity>625.00</Quantity>
      <bIsWeighted>0</bIsWeighted>
      <UnitOfMeasure>100 מ"ל</UnitOfMeasure>
      <QtyInPackage>1</QtyInPackage>
      <ItemPrice>25.90</ItemPrice>
      <UnitOfMeasurePrice>4.14</UnitOfMeasurePrice>
      <AllowDiscount>1</AllowDiscount>
      <ItemStatus>1</ItemStatus>
    </Item>
    <Item>
      <PriceUpdateDate>2025-12-01 20:20</PriceUpdateDate>
      <ItemCode>8700216418492</ItemCode>
      <ItemType>1</ItemType>
      <ItemName>הד&amp;שולדרס2ב1קלאסי 625מ</ItemName>
      <ManufacturerName>---</ManufacturerName>
      <ManufactureCountry>HU</ManufactureCountry>
      <ManufacturerItemDescription>הד&amp;שולדרס2ב1קלאסי 625מ</ManufacturerItemDescription>
      <UnitQty>מיליליטרים</UnitQty>
      <Quantity>625.00</Quantity>
      <bIsWeighted>0</bIsWeighted>
      <UnitOfMeasure>100 מ"ל</UnitOfMeasure>
      <QtyInPackage>1</QtyInPackage>
      <ItemPrice>25.90</ItemPrice>
      <UnitOfMeasurePrice>4.14</UnitOfMeasurePrice>
      <AllowDiscount>1</AllowDiscount>
      <ItemStatus>1</ItemStatus>
    </Item>
    <Item>
      <PriceUpdateDate>2025-12-01 20:20</PriceUpdateDate>
      <ItemCode>8700216421881</ItemCode>
      <ItemType>1</ItemType>
      <ItemName>פנטן שמפו לחות מוגברת600</ItemName>
      <ManufacturerName>---</ManufacturerName>
      <ManufactureCountry>RO</ManufactureCountry>
      <ManufacturerItemDescription>פנטן שמפו לחות מוגברת600</ManufacturerItemDescription>
      <UnitQty>מיליליטרים</UnitQty>
      <Quantity>600.00</Quantity>
      <bIsWeighted>0</bIsWeighted>
      <UnitOfMeasure>100 מ"ל</UnitOfMeasure>
      <QtyInPackage>1</QtyInPackage>
      <ItemPrice>19.90</ItemPrice>
      <UnitOfMeasurePrice>3.32</UnitOfMeasurePrice>
      <AllowDiscount>1</AllowDiscount>
      <ItemStatus>1</ItemStatus>
    </Item>
    <Item>
      <PriceUpdateDate>2025-12-01 20:20</PriceUpdateDate>
      <ItemCode>8700216421928</ItemCode>
      <ItemType>1</ItemType>
      <ItemName>פנטן מרכך לחות מוגברת600</ItemName>
      <ManufacturerName>---</ManufacturerName>
      <ManufactureCountry>RO</ManufactureCountry>
      <ManufacturerItemDescription>פנטן מרכך לחות מוגברת600</ManufacturerItemDescription>
      <UnitQty>מיליליטרים</UnitQty>
      <Quantity>600.00</Quantity>
      <bIsWeighted>0</bIsWeighted>
      <UnitOfMeasure>100 מ"ל</UnitOfMeasure>
      <QtyInPackage>1</QtyInPackage>
      <ItemPrice>19.90</ItemPrice>
      <UnitOfMeasurePrice>3.32</UnitOfMeasurePrice>
      <AllowDiscount>1</AllowDiscount>
      <ItemStatus>1</ItemStatus>
    </Item>
    <Item>
      <PriceUpdateDate>2025-12-01 20:20</PriceUpdateDate>
      <ItemCode>8700216527637</ItemCode>
      <ItemType>1</ItemType>
      <ItemName>פנטן מרכך לתלתלים 600מ"ל</ItemName>
      <ManufacturerName>---</ManufacturerName>
      <ManufactureCountry>RO</ManufactureCountry>
      <ManufacturerItemDescription>פנטן מרכך לתלתלים 600מ"ל</ManufacturerItemDescription>
      <UnitQty>מיליליטרים</UnitQty>
      <Quantity>600.00</Quantity>
      <bIsWeighted>0</bIsWeighted>
      <UnitOfMeasure>100 מ"ל</UnitOfMeasure>
      <QtyInPackage>1</QtyInPackage>
      <ItemPrice>19.90</ItemPrice>
      <UnitOfMeasurePrice>3.32</UnitOfMeasurePrice>
      <AllowDiscount>1</AllowDiscount>
      <ItemStatus>1</ItemStatus>
    </Item>
    <Item>
      <PriceUpdateDate>2025-12-01 20:20</PriceUpdateDate>
      <ItemCode>8700216527675</ItemCode>
      <ItemType>1</ItemType>
      <ItemName>פנטן מרכך שמן משקם 600מל</ItemName>
      <ManufacturerName>---</ManufacturerName>
      <ManufactureCountry>RO</ManufactureCountry>
      <ManufacturerItemDescription>פנטן מרכך שמן משקם 600מל</ManufacturerItemDescription>
      <UnitQty>מיליליטרים</UnitQty>
      <Quantity>600.00</Quantity>
      <bIsWeighted>0</bIsWeighted>
      <UnitOfMeasure>100 מ"ל</UnitOfMeasure>
      <QtyInPackage>1</QtyInPackage>
      <ItemPrice>19.90</ItemPrice>
      <UnitOfMeasurePrice>3.32</UnitOfMeasurePrice>
      <AllowDiscount>1</AllowDiscount>
      <ItemStatus>1</ItemStatus>
    </Item>
    <Item>
      <PriceUpdateDate>2025-12-01 20:20</PriceUpdateDate>
      <ItemCode>8700216527767</ItemCode>
      <ItemType>1</ItemType>
      <ItemName>פנטן שמפו מגע משי 600מ"ל</ItemName>
      <ManufacturerName>---</ManufacturerName>
      <ManufactureCountry>RO</ManufactureCountry>
      <ManufacturerItemDescription>פנטן שמפו מגע משי 600מ"ל</ManufacturerItemDescription>
      <UnitQty>מיליליטרים</UnitQty>
      <Quantity>600.00</Quantity>
      <bIsWeighted>0</bIsWeighted>
      <UnitOfMeasure>100 מ"ל</UnitOfMeasure>
      <QtyInPackage>1</QtyInPackage>
      <ItemPrice>19.90</ItemPrice>
      <UnitOfMeasurePrice>3.32</UnitOfMeasurePrice>
      <AllowDiscount>1</AllowDiscount>
      <ItemStatus>1</ItemStatus>
    </Item>
    <Item>
      <PriceUpdateDate>2025-12-01 20:20</PriceUpdateDate>
      <ItemCode>8700216527842</ItemCode>
      <ItemType>1</ItemType>
      <ItemName>פנטן שמפו משקם 600 מ"ל</ItemName>
      <ManufacturerName>---</ManufacturerName>
      <ManufactureCountry>RO</ManufactureCountry>
      <ManufacturerItemDescription>פנטן שמפו משקם 600 מ"ל</ManufacturerItemDescription>
      <UnitQty>מיליליטרים</UnitQty>
      <Quantity>600.00</Quantity>
      <bIsWeighted>0</bIsWeighted>
      <UnitOfMeasure>100 מ"ל</UnitOfMeasure>
      <QtyInPackage>1</QtyInPackage>
      <ItemPrice>19.90</ItemPrice>
      <UnitOfMeasurePrice>3.32</UnitOfMeasurePrice>
      <AllowDiscount>1</AllowDiscount>
      <ItemStatus>1</ItemStatus>
    </Item>
    <Item>
      <PriceUpdateDate>2025-12-01 20:20</PriceUpdateDate>
      <ItemCode>8700216527897</ItemCode>
      <ItemType>1</ItemType>
      <ItemName>פנטן שמפו לתלתלים 600מ"ל</ItemName>
      <ManufacturerName>---</ManufacturerName>
      <ManufactureCountry>RO</ManufactureCountry>
      <ManufacturerItemDescription>פנטן שמפו לתלתלים 600מ"ל</ManufacturerItemDescription>
      <UnitQty>מיליליטרים</UnitQty>
      <Quantity>600.00</Quantity>
      <bIsWeighted>0</bIsWeighted>
      <UnitOfMeasure>100 מ"ל</UnitOfMeasure>
      <QtyInPackage>1</QtyInPackage>
      <ItemPrice>19.90</ItemPrice>
      <UnitOfMeasurePrice>3.32</UnitOfMeasurePrice>
      <AllowDiscount>1</AllowDiscount>
      <ItemStatus>1</ItemStatus>
    </Item>
    <Item>
      <PriceUpdateDate>2024-12-20 05:48</PriceUpdateDate>
      <ItemCode>8700216546546</ItemCode>
      <ItemType>1</ItemType>
      <ItemName>פנטן מרכך הקסם 220 מ"ל</ItemName>
      <ManufacturerName>---</ManufacturerName>
      <ManufactureCountry>FR</ManufactureCountry>
      <ManufacturerItemDescription>פנטן מרכך הקסם 220 מ"ל</ManufacturerItemDescription>
      <UnitQty>מיליליטרים</UnitQty>
      <Quantity>200.00</Quantity>
      <bIsWeighted>0</bIsWeighted>
      <UnitOfMeasure>100 מ"ל</UnitOfMeasure>
      <QtyInPackage>1</QtyInPackage>
      <ItemPrice>25.90</ItemPrice>
      <UnitOfMeasurePrice>12.95</UnitOfMeasurePrice>
      <AllowDiscount>1</AllowDiscount>
      <ItemStatus>1</ItemStatus>
    </Item>
    <Item>
      <PriceUpdateDate>2025-02-07 05:40</PriceUpdateDate>
      <ItemCode>8700216553100</ItemCode>
      <ItemType>1</ItemType>
      <ItemName>פנטן מרכך הקסם רך 220מ"ל</ItemName>
      <ManufacturerName>---</ManufacturerName>
      <ManufactureCountry>FR</ManufactureCountry>
      <ManufacturerItemDescription>פנטן מרכך הקסם רך 220מ"ל</ManufacturerItemDescription>
      <UnitQty>מיליליטרים</UnitQty>
      <Quantity>220.00</Quantity>
      <bIsWeighted>0</bIsWeighted>
      <UnitOfMeasure>100 מ"ל</UnitOfMeasure>
      <QtyInPackage>1</QtyInPackage>
      <ItemPrice>25.90</ItemPrice>
      <UnitOfMeasurePrice>11.77</UnitOfMeasurePrice>
      <AllowDiscount>1</AllowDiscount>
      <ItemStatus>1</ItemStatus>
    </Item>
    <Item>
      <PriceUpdateDate>2025-11-04 09:26</PriceUpdateDate>
      <ItemCode>8700216596596</ItemCode>
      <ItemType>1</ItemType>
      <ItemName>פמפרס מכנסונים מידה6 32י</ItemName>
      <ManufacturerName>PROCTER&amp;GAMBLE</ManufacturerName>
      <ManufactureCountry>PL</ManufactureCountry>
      <ManufacturerItemDescription>פמפרס מכנסונים מידה6 32י</ManufacturerItemDescription>
      <UnitQty>יחידה</UnitQty>
      <Quantity>1.00</Quantity>
      <bIsWeighted>0</bIsWeighted>
      <UnitOfMeasure>יחידה</UnitOfMeasure>
      <QtyInPackage>1</QtyInPackage>
      <ItemPrice>61.90</ItemPrice>
      <UnitOfMeasurePrice>61.90</UnitOfMeasurePrice>
      <AllowDiscount>1</AllowDiscount>
      <ItemStatus>1</ItemStatus>
    </Item>
    <Item>
      <PriceUpdateDate>2025-03-11 17:12</PriceUpdateDate>
      <ItemCode>8700216601337</ItemCode>
      <ItemType>1</ItemType>
      <ItemName>פנטן מרכך הקלאסית400מ"ל</ItemName>
      <ManufacturerName>פרוקטר אנד גמבל</ManufacturerName>
      <ManufactureCountry>RO</ManufactureCountry>
      <ManufacturerItemDescription>פנטן מרכך הקלאסית400מ"ל</ManufacturerItemDescription>
      <UnitQty>מיליליטרים</UnitQty>
      <Quantity>400.00</Quantity>
      <bIsWeighted>0</bIsWeighted>
      <UnitOfMeasure>100 מ"ל</UnitOfMeasure>
      <QtyInPackage>1</QtyInPackage>
      <ItemPrice>16.90</ItemPrice>
      <UnitOfMeasurePrice>4.23</UnitOfMeasurePrice>
      <AllowDiscount>1</AllowDiscount>
      <ItemStatus>1</ItemStatus>
    </Item>
    <Item>
      <PriceUpdateDate>2025-03-11 17:12</PriceUpdateDate>
      <ItemCode>8700216601405</ItemCode>
      <ItemType>1</ItemType>
      <ItemName>פנטן מרכך לחות מוגברת400</ItemName>
      <ManufacturerName>פרוקטר אנד גמבל</ManufacturerName>
      <ManufactureCountry>RO</ManufactureCountry>
      <ManufacturerItemDescription>פנטן מרכך לחות מוגברת400</ManufacturerItemDescription>
      <UnitQty>מיליליטרים</UnitQty>
      <Quantity>400.00</Quantity>
      <bIsWeighted>0</bIsWeighted>
      <UnitOfMeasure>100 מ"ל</UnitOfMeasure>
      <QtyInPackage>1</QtyInPackage>
      <ItemPrice>16.90</ItemPrice>
      <UnitOfMeasurePrice>4.23</UnitOfMeasurePrice>
      <AllowDiscount>1</AllowDiscount>
      <ItemStatus>1</ItemStatus>
    </Item>
    <Item>
      <PriceUpdateDate>2025-03-11 17:12</PriceUpdateDate>
      <ItemCode>8700216601498</ItemCode>
      <ItemType>1</ItemType>
      <ItemName>פנטן שמפו לחות 400מ"ל</ItemName>
      <ManufacturerName>---</ManufacturerName>
      <ManufactureCountry>RO</ManufactureCountry>
      <ManufacturerItemDescription>פנטן שמפו לחות 400מ"ל</ManufacturerItemDescription>
      <UnitQty>מיליליטרים</UnitQty>
      <Quantity>400.00</Quantity>
      <bIsWeighted>0</bIsWeighted>
      <UnitOfMeasure>100 מ"ל</UnitOfMeasure>
      <QtyInPackage>1</QtyInPackage>
      <ItemPrice>16.90</ItemPrice>
      <UnitOfMeasurePrice>4.23</UnitOfMeasurePrice>
      <AllowDiscount>1</AllowDiscount>
      <ItemStatus>1</ItemStatus>
    </Item>
    <Item>
      <PriceUpdateDate>2025-03-11 17:12</PriceUpdateDate>
      <ItemCode>8700216601528</ItemCode>
      <ItemType>1</ItemType>
      <ItemName>פנטן שמפו קלאסי400מ"ל</ItemName>
      <ManufacturerName>פרוקטר אנד גמבל</ManufacturerName>
      <ManufactureCountry>RO</ManufactureCountry>
      <ManufacturerItemDescription>פנטן שמפו קלאסי400מ"ל</ManufacturerItemDescription>
      <UnitQty>מיליליטרים</UnitQty>
      <Quantity>400.00</Quantity>
      <bIsWeighted>0</bIsWeighted>
      <UnitOfMeasure>100 מ"ל</UnitOfMeasure>
      <QtyInPackage>1</QtyInPackage>
      <ItemPrice>16.90</ItemPrice>
      <UnitOfMeasurePrice>4.23</UnitOfMeasurePrice>
      <AllowDiscount>1</AllowDiscount>
      <ItemStatus>1</ItemStatus>
    </Item>
    <Item>
      <PriceUpdateDate>2025-12-15 15:03</PriceUpdateDate>
      <ItemCode>8700216640466</ItemCode>
      <ItemType>1</ItemType>
      <ItemName>תחבושות אולוויז 12 יח'</ItemName>
      <ManufacturerName>PROCTER&amp;GAMBLE</ManufacturerName>
      <ManufactureCountry>DE</ManufactureCountry>
      <ManufacturerItemDescription>תחבושות אולוויז 12 יח</ManufacturerItemDescription>
      <UnitQty>יחידה</UnitQty>
      <Quantity>1.00</Quantity>
      <bIsWeighted>0</bIsWeighted>
      <UnitOfMeasure>יחידה</UnitOfMeasure>
      <QtyInPackage>1</QtyInPackage>
      <ItemPrice>22.90</ItemPrice>
      <UnitOfMeasurePrice>22.90</UnitOfMeasurePrice>
      <AllowDiscount>1</AllowDiscount>
      <ItemStatus>1</ItemStatus>
    </Item>
    <Item>
      <PriceUpdateDate>2025-12-15 15:03</PriceUpdateDate>
      <ItemCode>8700216682169</ItemCode>
      <ItemType>1</ItemType>
      <ItemName>תחבושות אולוויז  16 יח'</ItemName>
      <ManufacturerName>PROCTER&amp;GAMBLE</ManufacturerName>
      <ManufactureCountry>GB</ManufactureCountry>
      <ManufacturerItemDescription>תחבושות אולוויז  16 יח</ManufacturerItemDescription>
      <UnitQty>יחידה</UnitQty>
      <Quantity>1.00</Quantity>
      <bIsWeighted>0</bIsWeighted>
      <UnitOfMeasure>יחידה</UnitOfMeasure>
      <QtyInPackage>1</QtyInPackage>
      <ItemPrice>22.90</ItemPrice>
      <UnitOfMeasurePrice>22.90</UnitOfMeasurePrice>
      <AllowDiscount>1</AllowDiscount>
      <ItemStatus>1</ItemStatus>
    </Item>
    <Item>
      <PriceUpdateDate>2025-12-15 15:03</PriceUpdateDate>
      <ItemCode>8700216682206</ItemCode>
      <ItemType>1</ItemType>
      <ItemName>תחבושות אולוויז 24 יח'</ItemName>
      <ManufacturerName>PROCTER&amp;GAMBLE</ManufacturerName>
      <ManufactureCountry>DE</ManufactureCountry>
      <ManufacturerItemDescription>תחבושות אולוויז 24 יח</ManufacturerItemDescription>
      <UnitQty>יחידה</UnitQty>
      <Quantity>1.00</Quantity>
      <bIsWeighted>0</bIsWeighted>
      <UnitOfMeasure>יחידה</UnitOfMeasure>
      <QtyInPackage>1</QtyInPackage>
      <ItemPrice>22.90</ItemPrice>
      <UnitOfMeasurePrice>22.90</UnitOfMeasurePrice>
      <AllowDiscount>1</AllowDiscount>
      <ItemStatus>1</ItemStatus>
    </Item>
    <Item>
      <PriceUpdateDate>2025-11-27 21:40</PriceUpdateDate>
      <ItemCode>8700216744560</ItemCode>
      <ItemType>1</ItemType>
      <ItemName>אריאל ג'ל ניחוח הרים1.75</ItemName>
      <ManufacturerName>פרוקטר &amp; גמבל</ManufacturerName>
      <ManufactureCountry>IT</ManufactureCountry>
      <ManufacturerItemDescription>אריאל גל ניחוח הרים1.75</ManufacturerItemDescription>
      <UnitQty>ליטרים</UnitQty>
      <Quantity>1.75</Quantity>
      <bIsWeighted>0</bIsWeighted>
      <UnitOfMeasure>ליטר</UnitOfMeasure>
      <QtyInPackage>1</QtyInPackage>
      <ItemPrice>36.90</ItemPrice>
      <UnitOfMeasurePrice>21.08</UnitOfMeasurePrice>
      <AllowDiscount>1</AllowDiscount>
      <ItemStatus>1</ItemStatus>
    </Item>
    <Item>
      <PriceUpdateDate>2025-07-16 17:28</PriceUpdateDate>
      <ItemCode>8700216891011</ItemCode>
      <ItemType>1</ItemType>
      <ItemName>פמפרס פרימיום מידה6 22יח</ItemName>
      <ManufacturerName>---</ManufacturerName>
      <ManufactureCountry>PL</ManufactureCountry>
      <ManufacturerItemDescription>פמפרס פרימיום מידה6 22יח</ManufacturerItemDescription>
      <UnitQty>יחידה</UnitQty>
      <Quantity>1.00</Quantity>
      <bIsWeighted>0</bIsWeighted>
      <UnitOfMeasure>יחידה</UnitOfMeasure>
      <QtyInPackage>1</QtyInPackage>
      <ItemPrice>33.90</ItemPrice>
      <UnitOfMeasurePrice>33.90</UnitOfMeasurePrice>
      <AllowDiscount>1</AllowDiscount>
      <ItemStatus>1</ItemStatus>
    </Item>
    <Item>
      <PriceUpdateDate>2025-07-25 05:39</PriceUpdateDate>
      <ItemCode>8700216891080</ItemCode>
      <ItemType>1</ItemType>
      <ItemName>פמפרס פרימיום מידה1 44יח</ItemName>
      <ManufacturerName>---</ManufacturerName>
      <ManufactureCountry>DE</ManufactureCountry>
      <ManufacturerItemDescription>פמפרס פרימיום מידה1 44יח</ManufacturerItemDescription>
      <UnitQty>יחידה</UnitQty>
      <Quantity>1.00</Quantity>
      <bIsWeighted>0</bIsWeighted>
      <UnitOfMeasure>יחידה</UnitOfMeasure>
      <QtyInPackage>1</QtyInPackage>
      <ItemPrice>33.90</ItemPrice>
      <UnitOfMeasurePrice>33.90</UnitOfMeasurePrice>
      <AllowDiscount>1</AllowDiscount>
      <ItemStatus>1</ItemStatus>
    </Item>
    <Item>
      <PriceUpdateDate>2025-07-16 17:28</PriceUpdateDate>
      <ItemCode>8700216891103</ItemCode>
      <ItemType>1</ItemType>
      <ItemName>פמפרס פרימיום מידה5 24יח</ItemName>
      <ManufacturerName>PROCTER&amp;GAMBLE</ManufacturerName>
      <ManufactureCountry>PL</ManufactureCountry>
      <ManufacturerItemDescription>פמפרס פרימיום מידה5 24יח</ManufacturerItemDescription>
      <UnitQty>יחידה</UnitQty>
      <Quantity>1.00</Quantity>
      <bIsWeighted>0</bIsWeighted>
      <UnitOfMeasure>יחידה</UnitOfMeasure>
      <QtyInPackage>1</QtyInPackage>
      <ItemPrice>33.90</ItemPrice>
      <UnitOfMeasurePrice>33.90</UnitOfMeasurePrice>
      <AllowDiscount>1</AllowDiscount>
      <ItemStatus>1</ItemStatus>
    </Item>
    <Item>
      <PriceUpdateDate>2024-12-23 17:26</PriceUpdateDate>
      <ItemCode>8710103851837</ItemCode>
      <ItemType>1</ItemType>
      <ItemName>מוצץ  מאויר בנות 6-18</ItemName>
      <ManufacturerName>פיליפס אוונט</ManufacturerName>
      <ManufactureCountry>GB</ManufactureCountry>
      <ManufacturerItemDescription>מוצץ  מאויר בנות</ManufacturerItemDescription>
      <UnitQty>יחידה</UnitQty>
      <Quantity>1.00</Quantity>
      <bIsWeighted>0</bIsWeighted>
      <UnitOfMeasure>יחידה</UnitOfMeasure>
      <QtyInPackage>1</QtyInPackage>
      <ItemPrice>51.50</ItemPrice>
      <UnitOfMeasurePrice>51.50</UnitOfMeasurePrice>
      <AllowDiscount>1</AllowDiscount>
      <ItemStatus>1</ItemStatus>
    </Item>
    <Item>
      <PriceUpdateDate>2025-12-18 19:40</PriceUpdateDate>
      <ItemCode>8710103949398</ItemCode>
      <ItemType>1</ItemType>
      <ItemName>מוצץ אנימל אייר קול 6-18</ItemName>
      <ManufacturerName>פיליפס אוונט</ManufacturerName>
      <ManufactureCountry>NL</ManufactureCountry>
      <ManufacturerItemDescription>מוצץ אנימל אייר</ManufacturerItemDescription>
      <UnitQty>יחידה</UnitQty>
      <Quantity>1.00</Quantity>
      <bIsWeighted>0</bIsWeighted>
      <UnitOfMeasure>יחידה</UnitOfMeasure>
      <QtyInPackage>1</QtyInPackage>
      <ItemPrice>29.90</ItemPrice>
      <UnitOfMeasurePrice>29.90</UnitOfMeasurePrice>
      <AllowDiscount>1</AllowDiscount>
      <ItemStatus>1</ItemStatus>
    </Item>
    <Item>
      <PriceUpdateDate>2025-12-18 19:40</PriceUpdateDate>
      <ItemCode>8710103982371</ItemCode>
      <ItemType>1</ItemType>
      <ItemName>מוצצים נטורל הפי  0-6 2*</ItemName>
      <ManufacturerName>פיליפס אוונט</ManufacturerName>
      <ManufactureCountry>NL</ManufactureCountry>
      <ManufacturerItemDescription>מוצצים נטורל זוג</ManufacturerItemDescription>
      <UnitQty>יחידה</UnitQty>
      <Quantity>1.00</Quantity>
      <bIsWeighted>0</bIsWeighted>
      <UnitOfMeasure>יחידה</UnitOfMeasure>
      <QtyInPackage>1</QtyInPackage>
      <ItemPrice>29.90</ItemPrice>
      <UnitOfMeasurePrice>29.90</UnitOfMeasurePrice>
      <AllowDiscount>1</AllowDiscount>
      <ItemStatus>1</ItemStatus>
    </Item>
    <Item>
      <PriceUpdateDate>2025-03-28 05:44</PriceUpdateDate>
      <ItemCode>8710103997122</ItemCode>
      <ItemType>1</ItemType>
      <ItemName>BLADE ONE 360 סכין גילוח</ItemName>
      <ManufacturerName>פיליפס-גילוח</ManufacturerName>
      <ManufactureCountry>ID</ManufactureCountry>
      <ManufacturerItemDescription>ONE BLADE 360 סכין גילוח</ManufacturerItemDescription>
      <UnitQty>יחידה</UnitQty>
      <Quantity>1.00</Quantity>
      <bIsWeighted>0</bIsWeighted>
      <UnitOfMeasure>יחידה</UnitOfMeasure>
      <QtyInPackage>1</QtyInPackage>
      <ItemPrice>120.00</ItemPrice>
      <UnitOfMeasurePrice>120.00</UnitOfMeasurePrice>
      <AllowDiscount>1</AllowDiscount>
      <ItemStatus>1</ItemStatus>
    </Item>
    <Item>
      <PriceUpdateDate>2020-08-17 09:24</PriceUpdateDate>
      <ItemCode>8710428017024</ItemCode>
      <ItemType>1</ItemType>
      <ItemName>פדיאשור שוקולד 850 גרם</ItemName>
      <ManufacturerName>ABBOT</ManufacturerName>
      <ManufactureCountry>NL</ManufactureCountry>
      <ManufacturerItemDescription>פדיאשור שוקולד 850 גרם</ManufacturerItemDescription>
      <UnitQty>גרמים</UnitQty>
      <Quantity>850.00</Quantity>
      <bIsWeighted>0</bIsWeighted>
      <UnitOfMeasure>100 גרם</UnitOfMeasure>
      <QtyInPackage>1</QtyInPackage>
      <ItemPrice>79.90</ItemPrice>
      <UnitOfMeasurePrice>9.40</UnitOfMeasurePrice>
      <AllowDiscount>1</AllowDiscount>
      <ItemStatus>1</ItemStatus>
    </Item>
    <Item>
      <PriceUpdateDate>2025-11-27 21:30</PriceUpdateDate>
      <ItemCode>8710447224175</ItemCode>
      <ItemType>1</ItemType>
      <ItemName>טרזמה שמפו משקם 400 מ"ל</ItemName>
      <ManufacturerName>יוניליוור פולין</ManufacturerName>
      <ManufactureCountry>PL</ManufactureCountry>
      <ManufacturerItemDescription>טרזמה שמפו משקם 400 מ"ל</ManufacturerItemDescription>
      <UnitQty>מיליליטרים</UnitQty>
      <Quantity>400.00</Quantity>
      <bIsWeighted>0</bIsWeighted>
      <UnitOfMeasure>100 מ"ל</UnitOfMeasure>
      <QtyInPackage>1</QtyInPackage>
      <ItemPrice>16.90</ItemPrice>
      <UnitOfMeasurePrice>4.23</UnitOfMeasurePrice>
      <AllowDiscount>1</AllowDiscount>
      <ItemStatus>1</ItemStatus>
    </Item>
    <Item>
      <PriceUpdateDate>2025-11-27 21:30</PriceUpdateDate>
      <ItemCode>8710447224342</ItemCode>
      <ItemType>1</ItemType>
      <ItemName>טרזמה שמפו קרטין 400 מ"ל</ItemName>
      <ManufacturerName>יוניליוור פולין</ManufacturerName>
      <ManufactureCountry>PL</ManufactureCountry>
      <ManufacturerItemDescription>טרזמה שמפו קרטין 400 מ"ל</ManufacturerItemDescription>
      <UnitQty>מיליליטרים</UnitQty>
      <Quantity>400.00</Quantity>
      <bIsWeighted>0</bIsWeighted>
      <UnitOfMeasure>100 מ"ל</UnitOfMeasure>
      <QtyInPackage>1</QtyInPackage>
      <ItemPrice>16.90</ItemPrice>
      <UnitOfMeasurePrice>4.23</UnitOfMeasurePrice>
      <AllowDiscount>1</AllowDiscount>
      <ItemStatus>1</ItemStatus>
    </Item>
    <Item>
      <PriceUpdateDate>2025-11-27 21:30</PriceUpdateDate>
      <ItemCode>8710447224366</ItemCode>
      <ItemType>1</ItemType>
      <ItemName>טרזמה מרכך+קרטין400מ</ItemName>
      <ManufacturerName>יוניליוור פולין</ManufacturerName>
      <ManufactureCountry>PL</ManufactureCountry>
      <ManufacturerItemDescription>טרזמה מרכך+קרטין400מ</ManufacturerItemDescription>
      <UnitQty>מיליליטרים</UnitQty>
      <Quantity>400.00</Quantity>
      <bIsWeighted>0</bIsWeighted>
      <UnitOfMeasure>100 מ"ל</UnitOfMeasure>
      <QtyInPackage>1</QtyInPackage>
      <ItemPrice>16.90</ItemPrice>
      <UnitOfMeasurePrice>4.23</UnitOfMeasurePrice>
      <AllowDiscount>1</AllowDiscount>
      <ItemStatus>1</ItemStatus>
    </Item>
    <Item>
      <PriceUpdateDate>2024-12-23 17:26</PriceUpdateDate>
      <ItemCode>8710447275306</ItemCode>
      <ItemType>1</ItemType>
      <ItemName>דאב ק.ידיים שמן אבוקדו75</ItemName>
      <ManufacturerName>יוניליוור פולין</ManufacturerName>
      <ManufactureCountry>PL</ManufactureCountry>
      <ManufacturerItemDescription>דאב ק.ידיים שמן אבוקדו75</ManufacturerItemDescription>
      <UnitQty>מיליליטרים</UnitQty>
      <Quantity>75.00</Quantity>
      <bIsWeighted>0</bIsWeighted>
      <UnitOfMeasure>100 מ"ל</UnitOfMeasure>
      <QtyInPackage>1</QtyInPackage>
      <ItemPrice>16.50</ItemPrice>
      <UnitOfMeasurePrice>22.00</UnitOfMeasurePrice>
      <AllowDiscount>1</AllowDiscount>
      <ItemStatus>1</ItemStatus>
    </Item>
    <Item>
      <PriceUpdateDate>2024-12-23 17:26</PriceUpdateDate>
      <ItemCode>8710447275313</ItemCode>
      <ItemType>1</ItemType>
      <ItemName>דאב ק.ידיים שמן קוקוס75מ</ItemName>
      <ManufacturerName>יוניליוור פולין</ManufacturerName>
      <ManufactureCountry>PL</ManufactureCountry>
      <ManufacturerItemDescription>דאב ק.ידיים שמן קוקוס75מ</ManufacturerItemDescription>
      <UnitQty>מיליליטרים</UnitQty>
      <Quantity>75.00</Quantity>
      <bIsWeighted>0</bIsWeighted>
      <UnitOfMeasure>100 מ"ל</UnitOfMeasure>
      <QtyInPackage>1</QtyInPackage>
      <ItemPrice>16.50</ItemPrice>
      <UnitOfMeasurePrice>22.00</UnitOfMeasurePrice>
      <AllowDiscount>1</AllowDiscount>
      <ItemStatus>1</ItemStatus>
    </Item>
    <Item>
      <PriceUpdateDate>2025-12-01 20:10</PriceUpdateDate>
      <ItemCode>8710447284117</ItemCode>
      <ItemType>1</ItemType>
      <ItemName>3ב1 גל רחצה אקס בלאק400</ItemName>
      <ManufacturerName>יוניליוור גרמניה</ManufacturerName>
      <ManufactureCountry>DE</ManufactureCountry>
      <ManufacturerItemDescription>3ב1 גל רחצה אקס בלאק400</ManufacturerItemDescription>
      <UnitQty>מיליליטרים</UnitQty>
      <Quantity>400.00</Quantity>
      <bIsWeighted>0</bIsWeighted>
      <UnitOfMeasure>100 מ"ל</UnitOfMeasure>
      <QtyInPackage>1</QtyInPackage>
      <ItemPrice>10.00</ItemPrice>
      <UnitOfMeasurePrice>2.50</UnitOfMeasurePrice>
      <AllowDiscount>1</AllowDiscount>
      <ItemStatus>1</ItemStatus>
    </Item>
    <Item>
      <PriceUpdateDate>2025-12-01 20:10</PriceUpdateDate>
      <ItemCode>8710847973970</ItemCode>
      <ItemType>1</ItemType>
      <ItemName>ת.רחצה דאב עם אלוורה750מ</ItemName>
      <ManufacturerName>יוניליוור גרמניה</ManufacturerName>
      <ManufactureCountry>DE</ManufactureCountry>
      <ManufacturerItemDescription>ת.רחצה דאב עם אלוורה750מ</ManufacturerItemDescription>
      <UnitQty>מיליליטרים</UnitQty>
      <Quantity>750.00</Quantity>
      <bIsWeighted>0</bIsWeighted>
      <UnitOfMeasure>100 מ"ל</UnitOfMeasure>
      <QtyInPackage>1</QtyInPackage>
      <ItemPrice>17.90</ItemPrice>
      <UnitOfMeasurePrice>2.38</UnitOfMeasurePrice>
      <AllowDiscount>1</AllowDiscount>
      <ItemStatus>1</ItemStatus>
    </Item>
    <Item>
      <PriceUpdateDate>2025-12-01 20:10</PriceUpdateDate>
      <ItemCode>8710908326691</ItemCode>
      <ItemType>1</ItemType>
      <ItemName>תח.רחצה דאב אדמונית 750מ</ItemName>
      <ManufacturerName>יוניליוור גרמניה</ManufacturerName>
      <ManufactureCountry>DE</ManufactureCountry>
      <ManufacturerItemDescription>תח.רחצה דאב אדמונית 750מ</ManufacturerItemDescription>
      <UnitQty>מיליליטרים</UnitQty>
      <Quantity>750.00</Quantity>
      <bIsWeighted>0</bIsWeighted>
      <UnitOfMeasure>100 מ"ל</UnitOfMeasure>
      <QtyInPackage>1</QtyInPackage>
      <ItemPrice>17.90</ItemPrice>
      <UnitOfMeasurePrice>2.38</UnitOfMeasurePrice>
      <AllowDiscount>1</AllowDiscount>
      <ItemStatus>1</ItemStatus>
    </Item>
    <Item>
      <PriceUpdateDate>2023-11-23 17:28</PriceUpdateDate>
      <ItemCode>8712400718073</ItemCode>
      <ItemType>1</ItemType>
      <ItemName>נוטרילון AR תמ"ל 400 גרם</ItemName>
      <ManufacturerName>נוטרישיה קאלק</ManufacturerName>
      <ManufactureCountry>NL</ManufactureCountry>
      <ManufacturerItemDescription>נוטרילון AR תמ"ל 400 גרם</ManufacturerItemDescription>
      <UnitQty>גרמים</UnitQty>
      <Quantity>400.00</Quantity>
      <bIsWeighted>0</bIsWeighted>
      <UnitOfMeasure>100 גרם</UnitOfMeasure>
      <QtyInPackage>0</QtyInPackage>
      <ItemPrice>59.90</ItemPrice>
      <UnitOfMeasurePrice>14.98</UnitOfMeasurePrice>
      <AllowDiscount>1</AllowDiscount>
      <ItemStatus>1</ItemStatus>
    </Item>
    <Item>
      <PriceUpdateDate>2025-05-09 12:16</PriceUpdateDate>
      <ItemCode>8712400802499</ItemCode>
      <ItemType>1</ItemType>
      <ItemName>נוטרילון שלב-1 800 גרם</ItemName>
      <ManufacturerName>נוטרישיה קאלק</ManufacturerName>
      <ManufactureCountry>NL</ManufactureCountry>
      <ManufacturerItemDescription>נוטרילון שלב-1 800 גרם</ManufacturerItemDescription>
      <UnitQty>גרמים</UnitQty>
      <Quantity>800.00</Quantity>
      <bIsWeighted>0</bIsWeighted>
      <UnitOfMeasure>100 גרם</UnitOfMeasure>
      <QtyInPackage>0</QtyInPackage>
      <ItemPrice>64.90</ItemPrice>
      <UnitOfMeasurePrice>8.11</UnitOfMeasurePrice>
      <AllowDiscount>1</AllowDiscount>
      <ItemStatus>1</ItemStatus>
    </Item>
    <Item>
      <PriceUpdateDate>2025-05-09 12:16</PriceUpdateDate>
      <ItemCode>8712400802512</ItemCode>
      <ItemType>1</ItemType>
      <ItemName>נוטרילון שלב 2 800 גרם</ItemName>
      <ManufacturerName>נוטרישיה קאלק</ManufacturerName>
      <ManufactureCountry>NL</ManufactureCountry>
      <ManufacturerItemDescription>נוטרילון שלב 2 800 גרם</ManufacturerItemDescription>
      <UnitQty>גרמים</UnitQty>
      <Quantity>800.00</Quantity>
      <bIsWeighted>0</bIsWeighted>
      <UnitOfMeasure>100 גרם</UnitOfMeasure>
      <QtyInPackage>0</QtyInPackage>
      <ItemPrice>64.90</ItemPrice>
      <UnitOfMeasurePrice>8.11</UnitOfMeasurePrice>
      <AllowDiscount>1</AllowDiscount>
      <ItemStatus>1</ItemStatus>
    </Item>
    <Item>
      <PriceUpdateDate>2025-05-09 12:16</PriceUpdateDate>
      <ItemCode>8712400802536</ItemCode>
      <ItemType>1</ItemType>
      <ItemName>נוטרילון שלב 3 800 גרם</ItemName>
      <ManufacturerName>נוטרישיה קאלק</ManufacturerName>
      <ManufactureCountry>NL</ManufactureCountry>
      <ManufacturerItemDescription>נוטרילון שלב 3 800 גרם</ManufacturerItemDescription>
      <UnitQty>גרמים</UnitQty>
      <Quantity>800.00</Quantity>
      <bIsWeighted>0</bIsWeighted>
      <UnitOfMeasure>100 גרם</UnitOfMeasure>
      <QtyInPackage>0</QtyInPackage>
      <ItemPrice>64.90</ItemPrice>
      <UnitOfMeasurePrice>8.11</UnitOfMeasurePrice>
      <AllowDiscount>1</AllowDiscount>
      <ItemStatus>1</ItemStatus>
    </Item>
    <Item>
      <PriceUpdateDate>2025-10-17 05:37</PriceUpdateDate>
      <ItemCode>8712561384704</ItemCode>
      <ItemType>1</ItemType>
      <ItemName>דאב שמפו יומי 2ב1 400מ"ל</ItemName>
      <ManufacturerName>UNILIVER</ManufacturerName>
      <ManufactureCountry>PL</ManufactureCountry>
      <ManufacturerItemDescription>דאב שמפו יומי 2ב1 400מ"ל</ManufacturerItemDescription>
      <UnitQty>מיליליטרים</UnitQty>
      <Quantity>400.00</Quantity>
      <bIsWeighted>0</bIsWeighted>
      <UnitOfMeasure>100 מ"ל</UnitOfMeasure>
      <QtyInPackage>1</QtyInPackage>
      <ItemPrice>15.90</ItemPrice>
      <UnitOfMeasurePrice>3.98</UnitOfMeasurePrice>
      <AllowDiscount>1</AllowDiscount>
      <ItemStatus>1</ItemStatus>
    </Item>
    <Item>
      <PriceUpdateDate>2025-09-18 12:39</PriceUpdateDate>
      <ItemCode>8712561384841</ItemCode>
      <ItemType>1</ItemType>
      <ItemName>דאב שמפו יום יומי 400מ"ל</ItemName>
      <ManufacturerName>יוניליוור פולין</ManufacturerName>
      <ManufactureCountry>PL</ManufactureCountry>
      <ManufacturerItemDescription>דאב שמפו יום יומי 400מ"ל</ManufacturerItemDescription>
      <UnitQty>מיליליטרים</UnitQty>
      <Quantity>400.00</Quantity>
      <bIsWeighted>0</bIsWeighted>
      <UnitOfMeasure>100 מ"ל</UnitOfMeasure>
      <QtyInPackage>1</QtyInPackage>
      <ItemPrice>15.90</ItemPrice>
      <UnitOfMeasurePrice>3.98</UnitOfMeasurePrice>
      <AllowDiscount>1</AllowDiscount>
      <ItemStatus>1</ItemStatus>
    </Item>
    <Item>
      <PriceUpdateDate>2024-12-23 17:20</PriceUpdateDate>
      <ItemCode>8712561594240</ItemCode>
      <ItemType>1</ItemType>
      <ItemName>ת.רחצה דאב הזנה עמוקה500</ItemName>
      <ManufacturerName>יוניליוור גרמניה</ManufacturerName>
      <ManufactureCountry>DE</ManufactureCountry>
      <ManufacturerItemDescription>ת.רחצה דאב הזנה עמוקה500</ManufacturerItemDescription>
      <UnitQty>מיליליטרים</UnitQty>
      <Quantity>500.00</Quantity>
      <bIsWeighted>0</bIsWeighted>
      <UnitOfMeasure>100 מ"ל</UnitOfMeasure>
      <QtyInPackage>1</QtyInPackage>
      <ItemPrice>20.50</ItemPrice>
      <UnitOfMeasurePrice>4.10</UnitOfMeasurePrice>
      <AllowDiscount>1</AllowDiscount>
      <ItemStatus>1</ItemStatus>
    </Item>
    <Item>
      <PriceUpdateDate>2025-12-01 20:10</PriceUpdateDate>
      <ItemCode>8712561594608</ItemCode>
      <ItemType>1</ItemType>
      <ItemName>ת.רחצה דאב הזנה עמוקה750</ItemName>
      <ManufacturerName>יוניליוור גרמניה</ManufacturerName>
      <ManufactureCountry>DE</ManufactureCountry>
      <ManufacturerItemDescription>ת.רחצה דאב הזנה עמוקה750</ManufacturerItemDescription>
      <UnitQty>מיליליטרים</UnitQty>
      <Quantity>750.00</Quantity>
      <bIsWeighted>0</bIsWeighted>
      <UnitOfMeasure>100 מ"ל</UnitOfMeasure>
      <QtyInPackage>1</QtyInPackage>
      <ItemPrice>17.90</ItemPrice>
      <UnitOfMeasurePrice>2.38</UnitOfMeasurePrice>
      <AllowDiscount>1</AllowDiscount>
      <ItemStatus>1</ItemStatus>
    </Item>
    <Item>
      <PriceUpdateDate>2025-12-01 20:10</PriceUpdateDate>
      <ItemCode>8712561611411</ItemCode>
      <ItemType>1</ItemType>
      <ItemName>תח.רחצה דאב מלפפון 750מ</ItemName>
      <ManufacturerName>יוניליוור גרמניה</ManufacturerName>
      <ManufactureCountry>DE</ManufactureCountry>
      <ManufacturerItemDescription>תח.רחצה דאב מלפפון 750מ</ManufacturerItemDescription>
      <UnitQty>מיליליטרים</UnitQty>
      <Quantity>750.00</Quantity>
      <bIsWeighted>0</bIsWeighted>
      <UnitOfMeasure>100 מ"ל</UnitOfMeasure>
      <QtyInPackage>1</QtyInPackage>
      <ItemPrice>17.90</ItemPrice>
      <UnitOfMeasurePrice>2.38</UnitOfMeasurePrice>
      <AllowDiscount>1</AllowDiscount>
      <ItemStatus>1</ItemStatus>
    </Item>
    <Item>
      <PriceUpdateDate>2025-12-01 20:10</PriceUpdateDate>
      <ItemCode>8712561626286</ItemCode>
      <ItemType>1</ItemType>
      <ItemName>ת.רחצה דאב מזין כמשי 750</ItemName>
      <ManufacturerName>יוניליוור גרמניה</ManufacturerName>
      <ManufactureCountry>DE</ManufactureCountry>
      <ManufacturerItemDescription>ת.רחצה דאב מזין כמשי 750</ManufacturerItemDescription>
      <UnitQty>מיליליטרים</UnitQty>
      <Quantity>750.00</Quantity>
      <bIsWeighted>0</bIsWeighted>
      <UnitOfMeasure>100 מ"ל</UnitOfMeasure>
      <QtyInPackage>1</QtyInPackage>
      <ItemPrice>17.90</ItemPrice>
      <UnitOfMeasurePrice>2.38</UnitOfMeasurePrice>
      <AllowDiscount>1</AllowDiscount>
      <ItemStatus>1</ItemStatus>
    </Item>
    <Item>
      <PriceUpdateDate>2025-05-16 05:41</PriceUpdateDate>
      <ItemCode>8714789733166</ItemCode>
      <ItemType>1</ItemType>
      <ItemName>פלמוליב תח.רחצה נטורל500</ItemName>
      <ManufacturerName>קולגייט-פלמוליב</ManufacturerName>
      <ManufactureCountry>IT</ManufactureCountry>
      <ManufacturerItemDescription>פלמוליב תח.רחצה נטורל500</ManufacturerItemDescription>
      <UnitQty>מיליליטרים</UnitQty>
      <Quantity>500.00</Quantity>
      <bIsWeighted>0</bIsWeighted>
      <UnitOfMeasure>100 מ"ל</UnitOfMeasure>
      <QtyInPackage>1</QtyInPackage>
      <ItemPrice>21.90</ItemPrice>
      <UnitOfMeasurePrice>4.38</UnitOfMeasurePrice>
      <AllowDiscount>1</AllowDiscount>
      <ItemStatus>1</ItemStatus>
    </Item>
    <Item>
      <PriceUpdateDate>2025-12-01 20:20</PriceUpdateDate>
      <ItemCode>8714789733289</ItemCode>
      <ItemType>1</ItemType>
      <ItemName>תחליב רחצה חלב ודבש 750</ItemName>
      <ManufacturerName>קולגייט-פלמוליב</ManufacturerName>
      <ManufactureCountry>IT</ManufactureCountry>
      <ManufacturerItemDescription>תחליב רחצה חלב ודבש 750</ManufacturerItemDescription>
      <UnitQty>מיליליטרים</UnitQty>
      <Quantity>750.00</Quantity>
      <bIsWeighted>0</bIsWeighted>
      <UnitOfMeasure>100 מ"ל</UnitOfMeasure>
      <QtyInPackage>1</QtyInPackage>
      <ItemPrice>15.90</ItemPrice>
      <UnitOfMeasurePrice>2.12</UnitOfMeasurePrice>
      <AllowDiscount>1</AllowDiscount>
      <ItemStatus>1</ItemStatus>
    </Item>
    <Item>
      <PriceUpdateDate>2025-12-01 20:10</PriceUpdateDate>
      <ItemCode>8717163628355</ItemCode>
      <ItemType>1</ItemType>
      <ItemName>טרזמה מרכך להחלקה 400מל</ItemName>
      <ManufacturerName>יוניליוור פולין</ManufacturerName>
      <ManufactureCountry>PL</ManufactureCountry>
      <ManufacturerItemDescription>טרזמה מרכך להחלקה 400מל</ManufacturerItemDescription>
      <UnitQty>מיליליטרים</UnitQty>
      <Quantity>400.00</Quantity>
      <bIsWeighted>0</bIsWeighted>
      <UnitOfMeasure>100 מ"ל</UnitOfMeasure>
      <QtyInPackage>1</QtyInPackage>
      <ItemPrice>20.00</ItemPrice>
      <UnitOfMeasurePrice>5.00</UnitOfMeasurePrice>
      <AllowDiscount>1</AllowDiscount>
      <ItemStatus>1</ItemStatus>
    </Item>
    <Item>
      <PriceUpdateDate>2024-12-23 17:26</PriceUpdateDate>
      <ItemCode>8717163647196</ItemCode>
      <ItemType>1</ItemType>
      <ItemName>דאו ספריי אקס אנרכי150מ</ItemName>
      <ManufacturerName>יוניליוור UK</ManufacturerName>
      <ManufactureCountry>GB</ManufactureCountry>
      <ManufacturerItemDescription>דאו ספריי אקס אנרכי150מ</ManufacturerItemDescription>
      <UnitQty>מיליליטרים</UnitQty>
      <Quantity>150.00</Quantity>
      <bIsWeighted>0</bIsWeighted>
      <UnitOfMeasure>100 מ"ל</UnitOfMeasure>
      <QtyInPackage>1</QtyInPackage>
      <ItemPrice>13.20</ItemPrice>
      <UnitOfMeasurePrice>8.80</UnitOfMeasurePrice>
      <AllowDiscount>1</AllowDiscount>
      <ItemStatus>1</ItemStatus>
    </Item>
    <Item>
      <PriceUpdateDate>2025-12-11 15:00</PriceUpdateDate>
      <ItemCode>8717163647226</ItemCode>
      <ItemType>1</ItemType>
      <ItemName>דאו.ספריי אקס בלאק 150מל</ItemName>
      <ManufacturerName>קוסטר אירוסול, גבזה 4140</ManufacturerName>
      <ManufactureCountry>GB</ManufactureCountry>
      <ManufacturerItemDescription>דאו.ספריי אקס בלאק 150מל</ManufacturerItemDescription>
      <UnitQty>מיליליטרים</UnitQty>
      <Quantity>150.00</Quantity>
      <bIsWeighted>0</bIsWeighted>
      <UnitOfMeasure>100 מ"ל</UnitOfMeasure>
      <QtyInPackage>1</QtyInPackage>
      <ItemPrice>14.90</ItemPrice>
      <UnitOfMeasurePrice>9.93</UnitOfMeasurePrice>
      <AllowDiscount>1</AllowDiscount>
      <ItemStatus>1</ItemStatus>
    </Item>
    <Item>
      <PriceUpdateDate>2025-12-11 15:00</PriceUpdateDate>
      <ItemCode>8717163647233</ItemCode>
      <ItemType>1</ItemType>
      <ItemName>דאו ספריי בלאק נייט 150מ</ItemName>
      <ManufacturerName>קוסטר אירוסול, גבזה 4140</ManufacturerName>
      <ManufactureCountry>TR</ManufactureCountry>
      <ManufacturerItemDescription>דאו ספריי בלאק נייט 150מ</ManufacturerItemDescription>
      <UnitQty>מיליליטרים</UnitQty>
      <Quantity>150.00</Quantity>
      <bIsWeighted>0</bIsWeighted>
      <UnitOfMeasure>100 מ"ל</UnitOfMeasure>
      <QtyInPackage>1</QtyInPackage>
      <ItemPrice>14.90</ItemPrice>
      <UnitOfMeasurePrice>9.93</UnitOfMeasurePrice>
      <AllowDiscount>1</AllowDiscount>
      <ItemStatus>1</ItemStatus>
    </Item>
    <Item>
      <PriceUpdateDate>2025-12-01 20:10</PriceUpdateDate>
      <ItemCode>8717163647301</ItemCode>
      <ItemType>1</ItemType>
      <ItemName>אקס דאו.ספריי גולד 150מל</ItemName>
      <ManufacturerName>יוניליוור אנגליה</ManufacturerName>
      <ManufactureCountry>GB</ManufactureCountry>
      <ManufacturerItemDescription>אקס דאו.ספריי גולד 150מל</ManufacturerItemDescription>
      <UnitQty>מיליליטרים</UnitQty>
      <Quantity>150.00</Quantity>
      <bIsWeighted>0</bIsWeighted>
      <UnitOfMeasure>100 מ"ל</UnitOfMeasure>
      <QtyInPackage>1</QtyInPackage>
      <ItemPrice>15.00</ItemPrice>
      <UnitOfMeasurePrice>10.00</UnitOfMeasurePrice>
      <AllowDiscount>1</AllowDiscount>
      <ItemStatus>1</ItemStatus>
    </Item>
    <Item>
      <PriceUpdateDate>2025-12-01 20:10</PriceUpdateDate>
      <ItemCode>8717163648667</ItemCode>
      <ItemType>1</ItemType>
      <ItemName>אקס 3ב1גל רחצה אייס400מ</ItemName>
      <ManufacturerName>יוניליוור גרמניה</ManufacturerName>
      <ManufactureCountry>DE</ManufactureCountry>
      <ManufacturerItemDescription>אקס 3ב1גל רחצה אייס400מ</ManufacturerItemDescription>
      <UnitQty>מיליליטרים</UnitQty>
      <Quantity>400.00</Quantity>
      <bIsWeighted>0</bIsWeighted>
      <UnitOfMeasure>100 מ"ל</UnitOfMeasure>
      <QtyInPackage>1</QtyInPackage>
      <ItemPrice>10.00</ItemPrice>
      <UnitOfMeasurePrice>2.50</UnitOfMeasurePrice>
      <AllowDiscount>1</AllowDiscount>
      <ItemStatus>1</ItemStatus>
    </Item>
    <Item>
      <PriceUpdateDate>2025-12-01 20:10</PriceUpdateDate>
      <ItemCode>8717163655764</ItemCode>
      <ItemType>1</ItemType>
      <ItemName>רקסונה ספרי שאוור 150</ItemName>
      <ManufacturerName>יוניליוור UK</ManufacturerName>
      <ManufactureCountry>GB</ManufactureCountry>
      <ManufacturerItemDescription>רקסונה ספרי שאוור 150</ManufacturerItemDescription>
      <UnitQty>מיליליטרים</UnitQty>
      <Quantity>150.00</Quantity>
      <bIsWeighted>0</bIsWeighted>
      <UnitOfMeasure>100 מ"ל</UnitOfMeasure>
      <QtyInPackage>1</QtyInPackage>
      <ItemPrice>15.00</ItemPrice>
      <UnitOfMeasurePrice>10.00</UnitOfMeasurePrice>
      <AllowDiscount>1</AllowDiscount>
      <ItemStatus>1</ItemStatus>
    </Item>
    <Item>
      <PriceUpdateDate>2025-05-22 12:48</PriceUpdateDate>
      <ItemCode>8718117607662</ItemCode>
      <ItemType>1</ItemType>
      <ItemName>נוטרילוןAR 900גרם</ItemName>
      <ManufacturerName>נוטרישיה קאלק</ManufacturerName>
      <ManufactureCountry>NL</ManufactureCountry>
      <ManufacturerItemDescription>נוטרילוןAR 900גרם</ManufacturerItemDescription>
      <UnitQty>גרמים</UnitQty>
      <Quantity>900.00</Quantity>
      <bIsWeighted>0</bIsWeighted>
      <UnitOfMeasure>100 גרם</UnitOfMeasure>
      <QtyInPackage>1</QtyInPackage>
      <ItemPrice>94.90</ItemPrice>
      <UnitOfMeasurePrice>10.54</UnitOfMeasurePrice>
      <AllowDiscount>1</AllowDiscount>
      <ItemStatus>1</ItemStatus>
    </Item>
    <Item>
      <PriceUpdateDate>2025-12-01 20:20</PriceUpdateDate>
      <ItemCode>8718951093331</ItemCode>
      <ItemType>1</ItemType>
      <ItemName>2 מברשות מרידול סופט</ItemName>
      <ManufacturerName>קולגייט-פלמוליב</ManufacturerName>
      <ManufactureCountry>CN</ManufactureCountry>
      <ManufacturerItemDescription>2 מברשות מרידול סופט</ManufacturerItemDescription>
      <UnitQty>יחידה</UnitQty>
      <Quantity>1.00</Quantity>
      <bIsWeighted>0</bIsWeighted>
      <UnitOfMeasure>יחידה</UnitOfMeasure>
      <QtyInPackage>1</QtyInPackage>
      <ItemPrice>29.90</ItemPrice>
      <UnitOfMeasurePrice>29.90</UnitOfMeasurePrice>
      <AllowDiscount>1</AllowDiscount>
      <ItemStatus>1</ItemStatus>
    </Item>
    <Item>
      <PriceUpdateDate>2025-12-01 20:20</PriceUpdateDate>
      <ItemCode>8718951187115</ItemCode>
      <ItemType>1</ItemType>
      <ItemName>2מב.שיניים אלמקס לילד3-6</ItemName>
      <ManufacturerName>אלמקס</ManufacturerName>
      <ManufactureCountry>CN</ManufactureCountry>
      <ManufacturerItemDescription>מברשות אלמקס 2יח</ManufacturerItemDescription>
      <UnitQty>יחידה</UnitQty>
      <Quantity>1.00</Quantity>
      <bIsWeighted>0</bIsWeighted>
      <UnitOfMeasure>יחידה</UnitOfMeasure>
      <QtyInPackage>1</QtyInPackage>
      <ItemPrice>20.00</ItemPrice>
      <UnitOfMeasurePrice>20.00</UnitOfMeasurePrice>
      <AllowDiscount>1</AllowDiscount>
      <ItemStatus>1</ItemStatus>
    </Item>
    <Item>
      <PriceUpdateDate>2025-08-11 18:08</PriceUpdateDate>
      <ItemCode>8718951286733</ItemCode>
      <ItemType>1</ItemType>
      <ItemName>מש.אופטיק לסטינג וייט75מ</ItemName>
      <ManufacturerName>קולגייט-פלמוליב</ManufacturerName>
      <ManufactureCountry>PL</ManufactureCountry>
      <ManufacturerItemDescription>מש.אופטיק לסטינג וייט75מ</ManufacturerItemDescription>
      <UnitQty>מיליליטרים</UnitQty>
      <Quantity>75.00</Quantity>
      <bIsWeighted>0</bIsWeighted>
      <UnitOfMeasure>100 מ"ל</UnitOfMeasure>
      <QtyInPackage>1</QtyInPackage>
      <ItemPrice>17.90</ItemPrice>
      <UnitOfMeasurePrice>23.87</UnitOfMeasurePrice>
      <AllowDiscount>1</AllowDiscount>
      <ItemStatus>1</ItemStatus>
    </Item>
    <Item>
      <PriceUpdateDate>2025-07-24 12:56</PriceUpdateDate>
      <ItemCode>8718951288881</ItemCode>
      <ItemType>1</ItemType>
      <ItemName>מש.שיניים מקס מינט100מ"ל</ItemName>
      <ManufacturerName>קולגייט-פלמוליב</ManufacturerName>
      <ManufactureCountry>CN</ManufactureCountry>
      <ManufacturerItemDescription>מש.שיניים מקס מינט100מ"ל</ManufacturerItemDescription>
      <UnitQty>מיליליטרים</UnitQty>
      <Quantity>100.00</Quantity>
      <bIsWeighted>0</bIsWeighted>
      <UnitOfMeasure>100 מ"ל</UnitOfMeasure>
      <QtyInPackage>0</QtyInPackage>
      <ItemPrice>16.90</ItemPrice>
      <UnitOfMeasurePrice>16.90</UnitOfMeasurePrice>
      <AllowDiscount>1</AllowDiscount>
      <ItemStatus>1</ItemStatus>
    </Item>
    <Item>
      <PriceUpdateDate>2025-12-01 20:20</PriceUpdateDate>
      <ItemCode>8718951314023</ItemCode>
      <ItemType>1</ItemType>
      <ItemName>תחליב ר.פלמוליב אפרסק750</ItemName>
      <ManufacturerName>קולגייט-פלמוליב</ManufacturerName>
      <ManufactureCountry>TR</ManufactureCountry>
      <ManufacturerItemDescription>תחליב ר.פלמוליב אפרסק750</ManufacturerItemDescription>
      <UnitQty>מיליליטרים</UnitQty>
      <Quantity>750.00</Quantity>
      <bIsWeighted>0</bIsWeighted>
      <UnitOfMeasure>100 מ"ל</UnitOfMeasure>
      <QtyInPackage>1</QtyInPackage>
      <ItemPrice>15.90</ItemPrice>
      <UnitOfMeasurePrice>2.12</UnitOfMeasurePrice>
      <AllowDiscount>1</AllowDiscount>
      <ItemStatus>1</ItemStatus>
    </Item>
    <Item>
      <PriceUpdateDate>2025-11-27 21:40</PriceUpdateDate>
      <ItemCode>8718951433120</ItemCode>
      <ItemType>1</ItemType>
      <ItemName>קולגייט טוטל לילד7-12 50</ItemName>
      <ManufacturerName>---</ManufacturerName>
      <ManufactureCountry>PL</ManufactureCountry>
      <ManufacturerItemDescription>קולגייט טוטל לילד7-12 50</ManufacturerItemDescription>
      <UnitQty>מיליליטרים</UnitQty>
      <Quantity>50.00</Quantity>
      <bIsWeighted>0</bIsWeighted>
      <UnitOfMeasure>100 מ"ל</UnitOfMeasure>
      <QtyInPackage>1</QtyInPackage>
      <ItemPrice>15.00</ItemPrice>
      <UnitOfMeasurePrice>30.00</UnitOfMeasurePrice>
      <AllowDiscount>1</AllowDiscount>
      <ItemStatus>1</ItemStatus>
    </Item>
    <Item>
      <PriceUpdateDate>2025-07-09 10:50</PriceUpdateDate>
      <ItemCode>8718951461413</ItemCode>
      <ItemType>1</ItemType>
      <ItemName>משחת טוטל קלין 100*2 מ"ל</ItemName>
      <ManufacturerName>---</ManufacturerName>
      <ManufactureCountry>PL</ManufactureCountry>
      <ManufacturerItemDescription>משחת טוטל קלין 2*100 מ"ל</ManufacturerItemDescription>
      <UnitQty>מיליליטרים</UnitQty>
      <Quantity>200.00</Quantity>
      <bIsWeighted>0</bIsWeighted>
      <UnitOfMeasure>100 מ"ל</UnitOfMeasure>
      <QtyInPackage>1</QtyInPackage>
      <ItemPrice>31.90</ItemPrice>
      <UnitOfMeasurePrice>15.95</UnitOfMeasurePrice>
      <AllowDiscount>1</AllowDiscount>
      <ItemStatus>1</ItemStatus>
    </Item>
    <Item>
      <PriceUpdateDate>2025-07-09 10:50</PriceUpdateDate>
      <ItemCode>8718951461444</ItemCode>
      <ItemType>1</ItemType>
      <ItemName>משחת טוטל להלבנה 2*100מל</ItemName>
      <ManufacturerName>---</ManufacturerName>
      <ManufactureCountry>PL</ManufactureCountry>
      <ManufacturerItemDescription>משחת טוטל להלבנה 2*100מל</ManufacturerItemDescription>
      <UnitQty>מיליליטרים</UnitQty>
      <Quantity>200.00</Quantity>
      <bIsWeighted>0</bIsWeighted>
      <UnitOfMeasure>100 מ"ל</UnitOfMeasure>
      <QtyInPackage>1</QtyInPackage>
      <ItemPrice>31.90</ItemPrice>
      <UnitOfMeasurePrice>15.95</UnitOfMeasurePrice>
      <AllowDiscount>1</AllowDiscount>
      <ItemStatus>1</ItemStatus>
    </Item>
    <Item>
      <PriceUpdateDate>2025-12-01 20:20</PriceUpdateDate>
      <ItemCode>8718951509627</ItemCode>
      <ItemType>1</ItemType>
      <ItemName>קולגייט לאוהבי קפה 75מ"ל</ItemName>
      <ManufacturerName>---</ManufacturerName>
      <ManufactureCountry>PL</ManufactureCountry>
      <ManufacturerItemDescription>קולגייט לאוהבי קפה 75מ"ל</ManufacturerItemDescription>
      <UnitQty>מיליליטרים</UnitQty>
      <Quantity>75.00</Quantity>
      <bIsWeighted>0</bIsWeighted>
      <UnitOfMeasure>100 מ"ל</UnitOfMeasure>
      <QtyInPackage>1</QtyInPackage>
      <ItemPrice>24.90</ItemPrice>
      <UnitOfMeasurePrice>33.20</UnitOfMeasurePrice>
      <AllowDiscount>1</AllowDiscount>
      <ItemStatus>1</ItemStatus>
    </Item>
    <Item>
      <PriceUpdateDate>2025-12-01 20:20</PriceUpdateDate>
      <ItemCode>8718951543874</ItemCode>
      <ItemType>1</ItemType>
      <ItemName>פלמוליב נטורלס חלב 750מל</ItemName>
      <ManufacturerName>קולגייט-פלמוליב</ManufacturerName>
      <ManufactureCountry>IT</ManufactureCountry>
      <ManufacturerItemDescription>פלמוליב נטורלס חלב 750מל</ManufacturerItemDescription>
      <UnitQty>מיליליטרים</UnitQty>
      <Quantity>750.00</Quantity>
      <bIsWeighted>0</bIsWeighted>
      <UnitOfMeasure>100 מ"ל</UnitOfMeasure>
      <QtyInPackage>1</QtyInPackage>
      <ItemPrice>15.90</ItemPrice>
      <UnitOfMeasurePrice>2.12</UnitOfMeasurePrice>
      <AllowDiscount>1</AllowDiscount>
      <ItemStatus>1</ItemStatus>
    </Item>
    <Item>
      <PriceUpdateDate>2024-12-23 17:26</PriceUpdateDate>
      <ItemCode>8718951544239</ItemCode>
      <ItemType>1</ItemType>
      <ItemName>אלמקס מ.שיניים סנסטיב75</ItemName>
      <ManufacturerName>---</ManufacturerName>
      <ManufactureCountry>PL</ManufactureCountry>
      <ManufacturerItemDescription>אלמקס מ.שיניים סנסטיב75</ManufacturerItemDescription>
      <UnitQty>מיליליטרים</UnitQty>
      <Quantity>75.00</Quantity>
      <bIsWeighted>0</bIsWeighted>
      <UnitOfMeasure>100 מ"ל</UnitOfMeasure>
      <QtyInPackage>1</QtyInPackage>
      <ItemPrice>21.50</ItemPrice>
      <UnitOfMeasurePrice>28.67</UnitOfMeasurePrice>
      <AllowDiscount>1</AllowDiscount>
      <ItemStatus>1</ItemStatus>
    </Item>
    <Item>
      <PriceUpdateDate>2025-12-01 20:20</PriceUpdateDate>
      <ItemCode>8718951561267</ItemCode>
      <ItemType>1</ItemType>
      <ItemName>סבון ידיים חלב ודבש300מל</ItemName>
      <ManufacturerName>קולגייט-פלמוליב</ManufacturerName>
      <ManufactureCountry>IT</ManufactureCountry>
      <ManufacturerItemDescription>סבון ידיים חלב ודבש300מל</ManufacturerItemDescription>
      <UnitQty>מיליליטרים</UnitQty>
      <Quantity>300.00</Quantity>
      <bIsWeighted>0</bIsWeighted>
      <UnitOfMeasure>100 מ"ל</UnitOfMeasure>
      <QtyInPackage>1</QtyInPackage>
      <ItemPrice>10.00</ItemPrice>
      <UnitOfMeasurePrice>3.33</UnitOfMeasurePrice>
      <AllowDiscount>1</AllowDiscount>
      <ItemStatus>1</ItemStatus>
    </Item>
    <Item>
      <PriceUpdateDate>2024-12-23 17:26</PriceUpdateDate>
      <ItemCode>8718951579545</ItemCode>
      <ItemType>1</ItemType>
      <ItemName>מרידול מש.שיניים 75מל</ItemName>
      <ManufacturerName>ש.שסטוביץ</ManufacturerName>
      <ManufactureCountry>PL</ManufactureCountry>
      <ManufacturerItemDescription>מרידול מש.שיניים 75מל</ManufacturerItemDescription>
      <UnitQty>מיליליטרים</UnitQty>
      <Quantity>75.00</Quantity>
      <bIsWeighted>0</bIsWeighted>
      <UnitOfMeasure>100 מ"ל</UnitOfMeasure>
      <QtyInPackage>1</QtyInPackage>
      <ItemPrice>22.50</ItemPrice>
      <UnitOfMeasurePrice>30.00</UnitOfMeasurePrice>
      <AllowDiscount>1</AllowDiscount>
      <ItemStatus>1</ItemStatus>
    </Item>
    <Item>
      <PriceUpdateDate>2025-12-01 20:20</PriceUpdateDate>
      <ItemCode>8718951603424</ItemCode>
      <ItemType>1</ItemType>
      <ItemName>מש.שיניים מרידול הלבנה75</ItemName>
      <ManufacturerName>---</ManufacturerName>
      <ManufactureCountry>IT</ManufactureCountry>
      <ManufacturerItemDescription>מש.שיניים מרידול הלבנה75</ManufacturerItemDescription>
      <UnitQty>מיליליטרים</UnitQty>
      <Quantity>75.00</Quantity>
      <bIsWeighted>0</bIsWeighted>
      <UnitOfMeasure>100 מ"ל</UnitOfMeasure>
      <QtyInPackage>1</QtyInPackage>
      <ItemPrice>24.90</ItemPrice>
      <UnitOfMeasurePrice>33.20</UnitOfMeasurePrice>
      <AllowDiscount>1</AllowDiscount>
      <ItemStatus>1</ItemStatus>
    </Item>
    <Item>
      <PriceUpdateDate>2025-11-27 21:40</PriceUpdateDate>
      <ItemCode>8718951626164</ItemCode>
      <ItemType>1</ItemType>
      <ItemName>קולגייט מקס פרש כחול125מ</ItemName>
      <ManufacturerName>קולגייט-פלמוליב</ManufacturerName>
      <ManufactureCountry>PL</ManufactureCountry>
      <ManufacturerItemDescription>קולגייט מקס פרש כחול125מ</ManufacturerItemDescription>
      <UnitQty>מיליליטרים</UnitQty>
      <Quantity>125.00</Quantity>
      <bIsWeighted>0</bIsWeighted>
      <UnitOfMeasure>100 מ"ל</UnitOfMeasure>
      <QtyInPackage>1</QtyInPackage>
      <ItemPrice>12.90</ItemPrice>
      <UnitOfMeasurePrice>10.32</UnitOfMeasurePrice>
      <AllowDiscount>1</AllowDiscount>
      <ItemStatus>1</ItemStatus>
    </Item>
    <Item>
      <PriceUpdateDate>2025-12-01 20:20</PriceUpdateDate>
      <ItemCode>8718951656123</ItemCode>
      <ItemType>1</ItemType>
      <ItemName>קולגייט טוטאל נ.אבנית100</ItemName>
      <ManufacturerName>---</ManufacturerName>
      <ManufactureCountry>PL</ManufactureCountry>
      <ManufacturerItemDescription>קולגייט טוטאל נ.אבנית100</ManufacturerItemDescription>
      <UnitQty>מיליליטרים</UnitQty>
      <Quantity>100.00</Quantity>
      <bIsWeighted>0</bIsWeighted>
      <UnitOfMeasure>100 מ"ל</UnitOfMeasure>
      <QtyInPackage>1</QtyInPackage>
      <ItemPrice>19.90</ItemPrice>
      <UnitOfMeasurePrice>19.90</UnitOfMeasurePrice>
      <AllowDiscount>1</AllowDiscount>
      <ItemStatus>1</ItemStatus>
    </Item>
    <Item>
      <PriceUpdateDate>2025-12-01 20:20</PriceUpdateDate>
      <ItemCode>8718951689879</ItemCode>
      <ItemType>1</ItemType>
      <ItemName>מש.שיניים טוטאל אורגינ75</ItemName>
      <ManufacturerName>---</ManufacturerName>
      <ManufactureCountry>PL</ManufactureCountry>
      <ManufacturerItemDescription>מש.שיניים טוטאל אורגינ75</ManufacturerItemDescription>
      <UnitQty>מיליליטרים</UnitQty>
      <Quantity>75.00</Quantity>
      <bIsWeighted>0</bIsWeighted>
      <UnitOfMeasure>100 מ"ל</UnitOfMeasure>
      <QtyInPackage>1</QtyInPackage>
      <ItemPrice>10.00</ItemPrice>
      <UnitOfMeasurePrice>13.34</UnitOfMeasurePrice>
      <AllowDiscount>1</AllowDiscount>
      <ItemStatus>1</ItemStatus>
    </Item>
    <Item>
      <PriceUpdateDate>2025-11-27 21:40</PriceUpdateDate>
      <ItemCode>8718951700857</ItemCode>
      <ItemType>1</ItemType>
      <ItemName>מב.שיניים טוטאל פחם זוג</ItemName>
      <ManufacturerName>קולגייט-פלמוליב</ManufacturerName>
      <ManufactureCountry>CN</ManufactureCountry>
      <ManufacturerItemDescription>מב.שיניים טוטאל פחם זוג</ManufacturerItemDescription>
      <UnitQty>יחידה</UnitQty>
      <Quantity>1.00</Quantity>
      <bIsWeighted>0</bIsWeighted>
      <UnitOfMeasure>יחידה</UnitOfMeasure>
      <QtyInPackage>1</QtyInPackage>
      <ItemPrice>34.90</ItemPrice>
      <UnitOfMeasurePrice>34.90</UnitOfMeasurePrice>
      <AllowDiscount>1</AllowDiscount>
      <ItemStatus>1</ItemStatus>
    </Item>
    <Item>
      <PriceUpdateDate>2025-12-01 20:10</PriceUpdateDate>
      <ItemCode>8720181090219</ItemCode>
      <ItemType>1</ItemType>
      <ItemName>תח.רחצה דאב רימונים 750מ</ItemName>
      <ManufacturerName>יוניליוור גרמניה</ManufacturerName>
      <ManufactureCountry>DE</ManufactureCountry>
      <ManufacturerItemDescription>תח.רחצה דאב רימונים 750מ</ManufacturerItemDescription>
      <UnitQty>מיליליטרים</UnitQty>
      <Quantity>750.00</Quantity>
      <bIsWeighted>0</bIsWeighted>
      <UnitOfMeasure>100 מ"ל</UnitOfMeasure>
      <QtyInPackage>1</QtyInPackage>
      <ItemPrice>17.90</ItemPrice>
      <UnitOfMeasurePrice>2.38</UnitOfMeasurePrice>
      <AllowDiscount>1</AllowDiscount>
      <ItemStatus>1</ItemStatus>
    </Item>
    <Item>
      <PriceUpdateDate>2025-12-01 20:10</PriceUpdateDate>
      <ItemCode>8720181183782</ItemCode>
      <ItemType>1</ItemType>
      <ItemName>רקסונה ספריי ביורידם</ItemName>
      <ManufacturerName>יוניליוור אנגליה</ManufacturerName>
      <ManufactureCountry>GB</ManufactureCountry>
      <ManufacturerItemDescription>רקסונה ספריי ביורידם</ManufacturerItemDescription>
      <UnitQty>מיליליטרים</UnitQty>
      <Quantity>150.00</Quantity>
      <bIsWeighted>0</bIsWeighted>
      <UnitOfMeasure>100 מ"ל</UnitOfMeasure>
      <QtyInPackage>1</QtyInPackage>
      <ItemPrice>15.00</ItemPrice>
      <UnitOfMeasurePrice>10.00</UnitOfMeasurePrice>
      <AllowDiscount>1</AllowDiscount>
      <ItemStatus>1</ItemStatus>
    </Item>
    <Item>
      <PriceUpdateDate>2025-12-01 20:10</PriceUpdateDate>
      <ItemCode>8720181204111</ItemCode>
      <ItemType>1</ItemType>
      <ItemName>3ב1גל רחצה אקס אפיק400מ</ItemName>
      <ManufacturerName>יוניליוור גרמניה</ManufacturerName>
      <ManufactureCountry>DE</ManufactureCountry>
      <ManufacturerItemDescription>3ב1גל רחצה אקס אפיק400מ</ManufacturerItemDescription>
      <UnitQty>מיליליטרים</UnitQty>
      <Quantity>400.00</Quantity>
      <bIsWeighted>0</bIsWeighted>
      <UnitOfMeasure>100 מ"ל</UnitOfMeasure>
      <QtyInPackage>1</QtyInPackage>
      <ItemPrice>10.00</ItemPrice>
      <UnitOfMeasurePrice>2.50</UnitOfMeasurePrice>
      <AllowDiscount>1</AllowDiscount>
      <ItemStatus>1</ItemStatus>
    </Item>
    <Item>
      <PriceUpdateDate>2025-12-01 20:10</PriceUpdateDate>
      <ItemCode>8720181238079</ItemCode>
      <ItemType>1</ItemType>
      <ItemName>טרזמה מסכה משקמת 440 מ"ל</ItemName>
      <ManufacturerName>פארמול סלובקיה</ManufacturerName>
      <ManufactureCountry>TR</ManufactureCountry>
      <ManufacturerItemDescription>טרזמה מסכה משקמת 440 מ"ל</ManufacturerItemDescription>
      <UnitQty>מיליליטרים</UnitQty>
      <Quantity>440.00</Quantity>
      <bIsWeighted>0</bIsWeighted>
      <UnitOfMeasure>100 מ"ל</UnitOfMeasure>
      <QtyInPackage>1</QtyInPackage>
      <ItemPrice>44.90</ItemPrice>
      <UnitOfMeasurePrice>10.21</UnitOfMeasurePrice>
      <AllowDiscount>1</AllowDiscount>
      <ItemStatus>1</ItemStatus>
    </Item>
    <Item>
      <PriceUpdateDate>2025-11-27 21:30</PriceUpdateDate>
      <ItemCode>8720181482731</ItemCode>
      <ItemType>1</ItemType>
      <ItemName>אקס ספריי גרניום 150מל</ItemName>
      <ManufacturerName>יוניליוור אנגליה</ManufacturerName>
      <ManufactureCountry>GB</ManufactureCountry>
      <ManufacturerItemDescription>אקס ספריי גרניום 150מל</ManufacturerItemDescription>
      <UnitQty>מיליליטרים</UnitQty>
      <Quantity>150.00</Quantity>
      <bIsWeighted>0</bIsWeighted>
      <UnitOfMeasure>100 מ"ל</UnitOfMeasure>
      <QtyInPackage>1</QtyInPackage>
      <ItemPrice>16.90</ItemPrice>
      <UnitOfMeasurePrice>11.27</UnitOfMeasurePrice>
      <AllowDiscount>1</AllowDiscount>
      <ItemStatus>1</ItemStatus>
    </Item>
    <Item>
      <PriceUpdateDate>2025-11-27 21:30</PriceUpdateDate>
      <ItemCode>8720181483219</ItemCode>
      <ItemType>1</ItemType>
      <ItemName>אקס ספריי בלו לבנדר 150מ</ItemName>
      <ManufacturerName>יוניליוור אנגליה</ManufacturerName>
      <ManufactureCountry>GB</ManufactureCountry>
      <ManufacturerItemDescription>אקס ספריי בלו לבנדר 150מ</ManufacturerItemDescription>
      <UnitQty>מיליליטרים</UnitQty>
      <Quantity>150.00</Quantity>
      <bIsWeighted>0</bIsWeighted>
      <UnitOfMeasure>100 מ"ל</UnitOfMeasure>
      <QtyInPackage>1</QtyInPackage>
      <ItemPrice>16.90</ItemPrice>
      <UnitOfMeasurePrice>11.27</UnitOfMeasurePrice>
      <AllowDiscount>1</AllowDiscount>
      <ItemStatus>1</ItemStatus>
    </Item>
    <Item>
      <PriceUpdateDate>2025-11-27 21:30</PriceUpdateDate>
      <ItemCode>8720181640506</ItemCode>
      <ItemType>1</ItemType>
      <ItemName>אקס ספריי גוף דאו' בלאק</ItemName>
      <ManufacturerName>יוניליוור UK</ManufacturerName>
      <ManufactureCountry>GB</ManufactureCountry>
      <ManufacturerItemDescription>אקס ספריי גוף דאו בלאק</ManufacturerItemDescription>
      <UnitQty>מיליליטרים</UnitQty>
      <Quantity>150.00</Quantity>
      <bIsWeighted>0</bIsWeighted>
      <UnitOfMeasure>100 מ"ל</UnitOfMeasure>
      <QtyInPackage>1</QtyInPackage>
      <ItemPrice>16.90</ItemPrice>
      <UnitOfMeasurePrice>11.27</UnitOfMeasurePrice>
      <AllowDiscount>1</AllowDiscount>
      <ItemStatus>1</ItemStatus>
    </Item>
    <Item>
      <PriceUpdateDate>2025-11-27 21:30</PriceUpdateDate>
      <ItemCode>8720181640544</ItemCode>
      <ItemType>1</ItemType>
      <ItemName>אקס ספריי גוף דאו ספריי</ItemName>
      <ManufacturerName>יוניליוור UK</ManufacturerName>
      <ManufactureCountry>GB</ManufactureCountry>
      <ManufacturerItemDescription>אקס ספריי גוף דאו ספריי</ManufacturerItemDescription>
      <UnitQty>מיליליטרים</UnitQty>
      <Quantity>150.00</Quantity>
      <bIsWeighted>0</bIsWeighted>
      <UnitOfMeasure>100 מ"ל</UnitOfMeasure>
      <QtyInPackage>1</QtyInPackage>
      <ItemPrice>16.90</ItemPrice>
      <UnitOfMeasurePrice>11.27</UnitOfMeasurePrice>
      <AllowDiscount>1</AllowDiscount>
      <ItemStatus>1</ItemStatus>
    </Item>
    <Item>
      <PriceUpdateDate>2024-12-23 17:21</PriceUpdateDate>
      <ItemCode>8720182256362</ItemCode>
      <ItemType>1</ItemType>
      <ItemName>אלסבון מוצק 3ב1 דאב6*90ג</ItemName>
      <ManufacturerName>יוניליוור גרמניה</ManufacturerName>
      <ManufactureCountry>DE</ManufactureCountry>
      <ManufacturerItemDescription>אלסבון מוצק 3ב1 דאב6*90ג</ManufacturerItemDescription>
      <UnitQty>גרמים</UnitQty>
      <Quantity>540.00</Quantity>
      <bIsWeighted>0</bIsWeighted>
      <UnitOfMeasure>100 גרם</UnitOfMeasure>
      <QtyInPackage>1</QtyInPackage>
      <ItemPrice>27.90</ItemPrice>
      <UnitOfMeasurePrice>5.17</UnitOfMeasurePrice>
      <AllowDiscount>1</AllowDiscount>
      <ItemStatus>1</ItemStatus>
    </Item>
    <Item>
      <PriceUpdateDate>2025-12-18 19:40</PriceUpdateDate>
      <ItemCode>8720689012706</ItemCode>
      <ItemType>1</ItemType>
      <ItemName>מוצצים אוונט אייר 0-6 יח</ItemName>
      <ManufacturerName>---</ManufacturerName>
      <ManufactureCountry>NL</ManufactureCountry>
      <ManufacturerItemDescription>מוצצים אוונט אייר 0-6 יח</ManufacturerItemDescription>
      <UnitQty>יחידה</UnitQty>
      <Quantity>1.00</Quantity>
      <bIsWeighted>0</bIsWeighted>
      <UnitOfMeasure>יחידה</UnitOfMeasure>
      <QtyInPackage>1</QtyInPackage>
      <ItemPrice>29.90</ItemPrice>
      <UnitOfMeasurePrice>29.90</UnitOfMeasurePrice>
      <AllowDiscount>1</AllowDiscount>
      <ItemStatus>1</ItemStatus>
    </Item>
    <Item>
      <PriceUpdateDate>2025-12-18 19:40</PriceUpdateDate>
      <ItemCode>8720689012768</ItemCode>
      <ItemType>1</ItemType>
      <ItemName>אוונט סופט קרם  0-6 2</ItemName>
      <ManufacturerName>---</ManufacturerName>
      <ManufactureCountry>NL</ManufactureCountry>
      <ManufacturerItemDescription>אוונט סופט קרם  0-6 2</ManufacturerItemDescription>
      <UnitQty>יחידה</UnitQty>
      <Quantity>1.00</Quantity>
      <bIsWeighted>0</bIsWeighted>
      <UnitOfMeasure>יחידה</UnitOfMeasure>
      <QtyInPackage>1</QtyInPackage>
      <ItemPrice>29.90</ItemPrice>
      <UnitOfMeasurePrice>29.90</UnitOfMeasurePrice>
      <AllowDiscount>1</AllowDiscount>
      <ItemStatus>1</ItemStatus>
    </Item>
    <Item>
      <PriceUpdateDate>2025-12-18 19:40</PriceUpdateDate>
      <ItemCode>8720689012775</ItemCode>
      <ItemType>1</ItemType>
      <ItemName>אוונט סופט ורוד 0-6 זוג</ItemName>
      <ManufacturerName>---</ManufacturerName>
      <ManufactureCountry>NL</ManufactureCountry>
      <ManufacturerItemDescription>אוונט סופט ורוד 0-6 זוג</ManufacturerItemDescription>
      <UnitQty>מיליליטרים</UnitQty>
      <Quantity>2.00</Quantity>
      <bIsWeighted>0</bIsWeighted>
      <UnitOfMeasure>100 מ"ל</UnitOfMeasure>
      <QtyInPackage>1</QtyInPackage>
      <ItemPrice>29.90</ItemPrice>
      <UnitOfMeasurePrice>1495.00</UnitOfMeasurePrice>
      <AllowDiscount>1</AllowDiscount>
      <ItemStatus>1</ItemStatus>
    </Item>
    <Item>
      <PriceUpdateDate>2025-12-18 19:40</PriceUpdateDate>
      <ItemCode>8720689012843</ItemCode>
      <ItemType>1</ItemType>
      <ItemName>אוונט אייר לילה  0-6  2</ItemName>
      <ManufacturerName>---</ManufacturerName>
      <ManufactureCountry>NL</ManufactureCountry>
      <ManufacturerItemDescription>אוונט אייר לילה  0-6  2</ManufacturerItemDescription>
      <UnitQty>יחידה</UnitQty>
      <Quantity>1.00</Quantity>
      <bIsWeighted>0</bIsWeighted>
      <UnitOfMeasure>יחידה</UnitOfMeasure>
      <QtyInPackage>1</QtyInPackage>
      <ItemPrice>29.90</ItemPrice>
      <UnitOfMeasurePrice>29.90</UnitOfMeasurePrice>
      <AllowDiscount>1</AllowDiscount>
      <ItemStatus>1</ItemStatus>
    </Item>
    <Item>
      <PriceUpdateDate>2025-09-05 10:32</PriceUpdateDate>
      <ItemCode>8809416470016</ItemCode>
      <ItemType>1</ItemType>
      <ItemName>קרם חלזונות מתקדם 100מ"ל</ItemName>
      <ManufacturerName>COSRX</ManufacturerName>
      <ManufactureCountry>KR</ManufactureCountry>
      <ManufacturerItemDescription>קרם חלזונות מתקדם 100מ"ל</ManufacturerItemDescription>
      <UnitQty>מיליליטרים</UnitQty>
      <Quantity>100.00</Quantity>
      <bIsWeighted>0</bIsWeighted>
      <UnitOfMeasure>100 מ"ל</UnitOfMeasure>
      <QtyInPackage>1</QtyInPackage>
      <ItemPrice>74.90</ItemPrice>
      <UnitOfMeasurePrice>74.90</UnitOfMeasurePrice>
      <AllowDiscount>1</AllowDiscount>
      <ItemStatus>1</ItemStatus>
    </Item>
    <Item>
      <PriceUpdateDate>2025-04-22 15:01</PriceUpdateDate>
      <ItemCode>8809416470030</ItemCode>
      <ItemType>1</ItemType>
      <ItemName>טונר עדין ומרענן 150 מ"ל</ItemName>
      <ManufacturerName>COSRX</ManufacturerName>
      <ManufactureCountry>KR</ManufactureCountry>
      <ManufacturerItemDescription>טונר עדין ומרענן 150 מ"ל</ManufacturerItemDescription>
      <UnitQty>מיליליטרים</UnitQty>
      <Quantity>150.00</Quantity>
      <bIsWeighted>0</bIsWeighted>
      <UnitOfMeasure>100 מ"ל</UnitOfMeasure>
      <QtyInPackage>1</QtyInPackage>
      <ItemPrice>89.90</ItemPrice>
      <UnitOfMeasurePrice>59.93</UnitOfMeasurePrice>
      <AllowDiscount>1</AllowDiscount>
      <ItemStatus>1</ItemStatus>
    </Item>
    <Item>
      <PriceUpdateDate>2025-09-05 10:32</PriceUpdateDate>
      <ItemCode>8809416471112</ItemCode>
      <ItemType>1</ItemType>
      <ItemName>גל ניקוי עדין 150 מ"ל</ItemName>
      <ManufacturerName>COSRX</ManufacturerName>
      <ManufactureCountry>KR</ManufactureCountry>
      <ManufacturerItemDescription>גל ניקוי עדין 150 מ"ל</ManufacturerItemDescription>
      <UnitQty>מיליליטרים</UnitQty>
      <Quantity>150.00</Quantity>
      <bIsWeighted>0</bIsWeighted>
      <UnitOfMeasure>100 מ"ל</UnitOfMeasure>
      <QtyInPackage>1</QtyInPackage>
      <ItemPrice>44.90</ItemPrice>
      <UnitOfMeasurePrice>29.93</UnitOfMeasurePrice>
      <AllowDiscount>1</AllowDiscount>
      <ItemStatus>1</ItemStatus>
    </Item>
    <Item>
      <PriceUpdateDate>2025-12-01 20:20</PriceUpdateDate>
      <ItemCode>8850006536322</ItemCode>
      <ItemType>1</ItemType>
      <ItemName>פלמוליב ג'ל רחצה 750מ"ל</ItemName>
      <ManufacturerName>קולגייט-פלמוליב</ManufacturerName>
      <ManufactureCountry>TH</ManufactureCountry>
      <ManufacturerItemDescription>פלמוליב גל רחצה 750מ"ל</ManufacturerItemDescription>
      <UnitQty>מיליליטרים</UnitQty>
      <Quantity>750.00</Quantity>
      <bIsWeighted>0</bIsWeighted>
      <UnitOfMeasure>100 מ"ל</UnitOfMeasure>
      <QtyInPackage>1</QtyInPackage>
      <ItemPrice>15.90</ItemPrice>
      <UnitOfMeasurePrice>2.12</UnitOfMeasurePrice>
      <AllowDiscount>1</AllowDiscount>
      <ItemStatus>1</ItemStatus>
    </Item>
    <Item>
      <PriceUpdateDate>2025-12-01 20:20</PriceUpdateDate>
      <ItemCode>8850006943595</ItemCode>
      <ItemType>1</ItemType>
      <ItemName>פלמוליב לומינוס מקדמי750</ItemName>
      <ManufacturerName>קולגייט-פלמוליב</ManufacturerName>
      <ManufactureCountry>TH</ManufactureCountry>
      <ManufacturerItemDescription>פלמוליב לומינוס מקדמי750</ManufacturerItemDescription>
      <UnitQty>מיליליטרים</UnitQty>
      <Quantity>750.00</Quantity>
      <bIsWeighted>0</bIsWeighted>
      <UnitOfMeasure>100 מ"ל</UnitOfMeasure>
      <QtyInPackage>1</QtyInPackage>
      <ItemPrice>15.90</ItemPrice>
      <UnitOfMeasurePrice>2.12</UnitOfMeasurePrice>
      <AllowDiscount>1</AllowDiscount>
      <ItemStatus>1</ItemStatus>
    </Item>
    <Item>
      <PriceUpdateDate>2025-12-01 20:20</PriceUpdateDate>
      <ItemCode>8850006955529</ItemCode>
      <ItemType>1</ItemType>
      <ItemName>סב.פלמוליב ארומה מסאז750</ItemName>
      <ManufacturerName>קולגייט-פלמוליב</ManufacturerName>
      <ManufactureCountry>TH</ManufactureCountry>
      <ManufacturerItemDescription>סב.פלמוליב ארומה מסאז750</ManufacturerItemDescription>
      <UnitQty>מיליליטרים</UnitQty>
      <Quantity>750.00</Quantity>
      <bIsWeighted>0</bIsWeighted>
      <UnitOfMeasure>100 מ"ל</UnitOfMeasure>
      <QtyInPackage>1</QtyInPackage>
      <ItemPrice>15.90</ItemPrice>
      <UnitOfMeasurePrice>2.12</UnitOfMeasurePrice>
      <AllowDiscount>1</AllowDiscount>
      <ItemStatus>1</ItemStatus>
    </Item>
    <Item>
      <PriceUpdateDate>2024-12-23 17:17</PriceUpdateDate>
      <ItemCode>8850389103128</ItemCode>
      <ItemType>1</ItemType>
      <ItemName>משקה סאפה תפוח 300 מ"ל</ItemName>
      <ManufacturerName />
      <ManufactureCountry>TH</ManufactureCountry>
      <ManufacturerItemDescription>משקה סאפה תפוח 300 מ"ל</ManufacturerItemDescription>
      <UnitQty>מיליליטרים</UnitQty>
      <Quantity>300.00</Quantity>
      <bIsWeighted>0</bIsWeighted>
      <UnitOfMeasure>100 מ"ל</UnitOfMeasure>
      <QtyInPackage>0</QtyInPackage>
      <ItemPrice>10.20</ItemPrice>
      <UnitOfMeasurePrice>3.40</UnitOfMeasurePrice>
      <AllowDiscount>1</AllowDiscount>
      <ItemStatus>1</ItemStatus>
    </Item>
    <Item>
      <PriceUpdateDate>2024-12-23 17:17</PriceUpdateDate>
      <ItemCode>8850389115312</ItemCode>
      <ItemType>1</ItemType>
      <ItemName>סאפה אלוורה מלון 300 מ"ל</ItemName>
      <ManufacturerName>סאפה פובליק קומפני לימיט</ManufacturerName>
      <ManufactureCountry>TH</ManufactureCountry>
      <ManufacturerItemDescription>סאפה אלוורה מלון 300 מ"ל</ManufacturerItemDescription>
      <UnitQty>מיליליטרים</UnitQty>
      <Quantity>300.00</Quantity>
      <bIsWeighted>0</bIsWeighted>
      <UnitOfMeasure>100 מ"ל</UnitOfMeasure>
      <QtyInPackage>1</QtyInPackage>
      <ItemPrice>10.20</ItemPrice>
      <UnitOfMeasurePrice>3.40</UnitOfMeasurePrice>
      <AllowDiscount>1</AllowDiscount>
      <ItemStatus>1</ItemStatus>
    </Item>
    <Item>
      <PriceUpdateDate>2025-07-18 08:51</PriceUpdateDate>
      <ItemCode>887167443464</ItemCode>
      <ItemType>1</ItemType>
      <ItemName>שפתון המעניק נפח יח</ItemName>
      <ManufacturerName>כללי</ManufacturerName>
      <ManufactureCountry>FR</ManufactureCountry>
      <ManufacturerItemDescription>שפתון המעניק נפח יח</ManufacturerItemDescription>
      <UnitQty>יחידה</UnitQty>
      <Quantity>1.00</Quantity>
      <bIsWeighted>0</bIsWeighted>
      <UnitOfMeasure>יחידה</UnitOfMeasure>
      <QtyInPackage>1</QtyInPackage>
      <ItemPrice>180.00</ItemPrice>
      <UnitOfMeasurePrice>180.00</UnitOfMeasurePrice>
      <AllowDiscount>1</AllowDiscount>
      <ItemStatus>1</ItemStatus>
    </Item>
    <Item>
      <PriceUpdateDate>2025-07-18 08:51</PriceUpdateDate>
      <ItemCode>887167588509</ItemCode>
      <ItemType>1</ItemType>
      <ItemName>קרם עיניים מתקן ANR</ItemName>
      <ManufacturerName>אסתי לאודר</ManufacturerName>
      <ManufactureCountry>US</ManufactureCountry>
      <ManufacturerItemDescription>קרם עיניים מתקן</ManufacturerItemDescription>
      <UnitQty>מיליליטרים</UnitQty>
      <Quantity>15.00</Quantity>
      <bIsWeighted>0</bIsWeighted>
      <UnitOfMeasure>100 מ"ל</UnitOfMeasure>
      <QtyInPackage>1</QtyInPackage>
      <ItemPrice>360.00</ItemPrice>
      <UnitOfMeasurePrice>2400.00</UnitOfMeasurePrice>
      <AllowDiscount>1</AllowDiscount>
      <ItemStatus>1</ItemStatus>
    </Item>
    <Item>
      <PriceUpdateDate>2025-07-18 08:51</PriceUpdateDate>
      <ItemCode>887167601505</ItemCode>
      <ItemType>1</ItemType>
      <ItemName>עפרון שפתיים עמיד פינק</ItemName>
      <ManufacturerName>אסתי לאודר</ManufacturerName>
      <ManufactureCountry>DE</ManufactureCountry>
      <ManufacturerItemDescription>עפרון שפתיים עמיד פינק</ManufacturerItemDescription>
      <UnitQty>יחידה</UnitQty>
      <Quantity>1.00</Quantity>
      <bIsWeighted>0</bIsWeighted>
      <UnitOfMeasure>יחידה</UnitOfMeasure>
      <QtyInPackage>1</QtyInPackage>
      <ItemPrice>140.00</ItemPrice>
      <UnitOfMeasurePrice>140.00</UnitOfMeasurePrice>
      <AllowDiscount>1</AllowDiscount>
      <ItemStatus>1</ItemStatus>
    </Item>
    <Item>
      <PriceUpdateDate>2025-07-18 08:51</PriceUpdateDate>
      <ItemCode>887167615267</ItemCode>
      <ItemType>1</ItemType>
      <ItemName>שפתון מאט פיור קולור סגל</ItemName>
      <ManufacturerName>אסתי לאודר</ManufacturerName>
      <ManufactureCountry>CA</ManufactureCountry>
      <ManufacturerItemDescription>שפתון מאט פיור קולור סגל</ManufacturerItemDescription>
      <UnitQty>יחידה</UnitQty>
      <Quantity>1.00</Quantity>
      <bIsWeighted>0</bIsWeighted>
      <UnitOfMeasure>יחידה</UnitOfMeasure>
      <QtyInPackage>1</QtyInPackage>
      <ItemPrice>195.00</ItemPrice>
      <UnitOfMeasurePrice>195.00</UnitOfMeasurePrice>
      <AllowDiscount>1</AllowDiscount>
      <ItemStatus>1</ItemStatus>
    </Item>
    <Item>
      <PriceUpdateDate>2025-01-01 10:06</PriceUpdateDate>
      <ItemCode>887167623033</ItemCode>
      <ItemType>1</ItemType>
      <ItemName>ג'ל עיניים לתיקון 5מל</ItemName>
      <ManufacturerName>אסתי לאודר</ManufacturerName>
      <ManufactureCountry>GB</ManufactureCountry>
      <ManufacturerItemDescription>ג'ל עיניים לתיקו</ManufacturerItemDescription>
      <UnitQty>יחידה</UnitQty>
      <Quantity>1.00</Quantity>
      <bIsWeighted>0</bIsWeighted>
      <UnitOfMeasure>יחידה</UnitOfMeasure>
      <QtyInPackage>1</QtyInPackage>
      <ItemPrice>30.90</ItemPrice>
      <UnitOfMeasurePrice>30.90</UnitOfMeasurePrice>
      <AllowDiscount>1</AllowDiscount>
      <ItemStatus>1</ItemStatus>
    </Item>
    <Item>
      <PriceUpdateDate>2025-07-18 08:51</PriceUpdateDate>
      <ItemCode>887167629424</ItemCode>
      <ItemType>1</ItemType>
      <ItemName>קונסילר 2W FUTURIST 6 מל</ItemName>
      <ManufacturerName>אסתי לאודר</ManufacturerName>
      <ManufactureCountry>BE</ManufactureCountry>
      <ManufacturerItemDescription>קונסילר FUTURIST</ManufacturerItemDescription>
      <UnitQty>מיליליטרים</UnitQty>
      <Quantity>6.00</Quantity>
      <bIsWeighted>0</bIsWeighted>
      <UnitOfMeasure>100 מ"ל</UnitOfMeasure>
      <QtyInPackage>1</QtyInPackage>
      <ItemPrice>180.00</ItemPrice>
      <UnitOfMeasurePrice>3000.00</UnitOfMeasurePrice>
      <AllowDiscount>1</AllowDiscount>
      <ItemStatus>1</ItemStatus>
    </Item>
    <Item>
      <PriceUpdateDate>2025-07-18 08:51</PriceUpdateDate>
      <ItemCode>887167629455</ItemCode>
      <ItemType>1</ItemType>
      <ItemName>קונסילר 3W FUTURIST 6 מל</ItemName>
      <ManufacturerName>אסתי לאודר</ManufacturerName>
      <ManufactureCountry>BE</ManufactureCountry>
      <ManufacturerItemDescription>קונסילר FUTURIST</ManufacturerItemDescription>
      <UnitQty>מיליליטרים</UnitQty>
      <Quantity>6.00</Quantity>
      <bIsWeighted>0</bIsWeighted>
      <UnitOfMeasure>100 מ"ל</UnitOfMeasure>
      <QtyInPackage>1</QtyInPackage>
      <ItemPrice>180.00</ItemPrice>
      <UnitOfMeasurePrice>3000.00</UnitOfMeasurePrice>
      <AllowDiscount>1</AllowDiscount>
      <ItemStatus>1</ItemStatus>
    </Item>
    <Item>
      <PriceUpdateDate>2025-08-01 05:44</PriceUpdateDate>
      <ItemCode>887167681347</ItemCode>
      <ItemType>1</ItemType>
      <ItemName>דאבל וור קונסילר עמיד 2N</ItemName>
      <ManufacturerName>אסתי לאודר</ManufacturerName>
      <ManufactureCountry>BE</ManufactureCountry>
      <ManufacturerItemDescription>דאבל וור קונסילר עמיד 2N</ManufacturerItemDescription>
      <UnitQty>יחידה</UnitQty>
      <Quantity>1.00</Quantity>
      <bIsWeighted>0</bIsWeighted>
      <UnitOfMeasure>יחידה</UnitOfMeasure>
      <QtyInPackage>1</QtyInPackage>
      <ItemPrice>165.00</ItemPrice>
      <UnitOfMeasurePrice>165.00</UnitOfMeasurePrice>
      <AllowDiscount>1</AllowDiscount>
      <ItemStatus>1</ItemStatus>
    </Item>
    <Item>
      <PriceUpdateDate>2025-12-05 05:42</PriceUpdateDate>
      <ItemCode>887167712645</ItemCode>
      <ItemType>1</ItemType>
      <ItemName>רביעיית צלליות</ItemName>
      <ManufacturerName>אסתי לאודר</ManufacturerName>
      <ManufactureCountry>US</ManufactureCountry>
      <ManufacturerItemDescription>רביעיית צלליות</ManufacturerItemDescription>
      <UnitQty>יחידה</UnitQty>
      <Quantity>1.00</Quantity>
      <bIsWeighted>0</bIsWeighted>
      <UnitOfMeasure>יחידה</UnitOfMeasure>
      <QtyInPackage>1</QtyInPackage>
      <ItemPrice>250.00</ItemPrice>
      <UnitOfMeasurePrice>250.00</UnitOfMeasurePrice>
      <AllowDiscount>1</AllowDiscount>
      <ItemStatus>1</ItemStatus>
    </Item>
    <Item>
      <PriceUpdateDate>2025-07-04 05:43</PriceUpdateDate>
      <ItemCode>887167765641</ItemCode>
      <ItemType>1</ItemType>
      <ItemName>תיק עם מוצרי טיפוח לאודר</ItemName>
      <ManufacturerName>אסתי לאודר</ManufacturerName>
      <ManufactureCountry>US</ManufactureCountry>
      <ManufacturerItemDescription>תיק עם מוצרי טיפוח לאודר</ManufacturerItemDescription>
      <UnitQty>יחידה</UnitQty>
      <Quantity>1.00</Quantity>
      <bIsWeighted>0</bIsWeighted>
      <UnitOfMeasure>יחידה</UnitOfMeasure>
      <QtyInPackage>1</QtyInPackage>
      <ItemPrice>49.90</ItemPrice>
      <UnitOfMeasurePrice>49.90</UnitOfMeasurePrice>
      <AllowDiscount>1</AllowDiscount>
      <ItemStatus>1</ItemStatus>
    </Item>
    <Item>
      <PriceUpdateDate>2025-02-14 05:48</PriceUpdateDate>
      <ItemCode>887167765658</ItemCode>
      <ItemType>1</ItemType>
      <ItemName>לאודר תיק 3 פריטים מתנה</ItemName>
      <ManufacturerName>אסתי לאודר</ManufacturerName>
      <ManufactureCountry>CA</ManufactureCountry>
      <ManufacturerItemDescription>לאודר תיק 3 פריטים מתנה</ManufacturerItemDescription>
      <UnitQty>יחידה</UnitQty>
      <Quantity>1.00</Quantity>
      <bIsWeighted>0</bIsWeighted>
      <UnitOfMeasure>יחידה</UnitOfMeasure>
      <QtyInPackage>1</QtyInPackage>
      <ItemPrice>69.90</ItemPrice>
      <UnitOfMeasurePrice>69.90</UnitOfMeasurePrice>
      <AllowDiscount>1</AllowDiscount>
      <ItemStatus>1</ItemStatus>
    </Item>
    <Item>
      <PriceUpdateDate>2025-09-02 11:18</PriceUpdateDate>
      <ItemCode>887167793316</ItemCode>
      <ItemType>1</ItemType>
      <ItemName>לאודר מארז טיפוח לילי</ItemName>
      <ManufacturerName>אסתי לאודר</ManufacturerName>
      <ManufactureCountry>BE</ManufactureCountry>
      <ManufacturerItemDescription>לאודר מארז טיפוח לילי</ManufacturerItemDescription>
      <UnitQty>יחידה</UnitQty>
      <Quantity>1.00</Quantity>
      <bIsWeighted>0</bIsWeighted>
      <UnitOfMeasure>יחידה</UnitOfMeasure>
      <QtyInPackage>1</QtyInPackage>
      <ItemPrice>390.00</ItemPrice>
      <UnitOfMeasurePrice>390.00</UnitOfMeasurePrice>
      <AllowDiscount>1</AllowDiscount>
      <ItemStatus>1</ItemStatus>
    </Item>
    <Item>
      <PriceUpdateDate>2025-12-05 05:42</PriceUpdateDate>
      <ItemCode>887167819320</ItemCode>
      <ItemType>1</ItemType>
      <ItemName>שמן שפתיים גלוסי 02</ItemName>
      <ManufacturerName>אסתי לאודר</ManufacturerName>
      <ManufactureCountry>IT</ManufactureCountry>
      <ManufacturerItemDescription>שמן שפתיים גלוסי 02</ManufacturerItemDescription>
      <UnitQty>יחידה</UnitQty>
      <Quantity>1.00</Quantity>
      <bIsWeighted>0</bIsWeighted>
      <UnitOfMeasure>יחידה</UnitOfMeasure>
      <QtyInPackage>1</QtyInPackage>
      <ItemPrice>145.00</ItemPrice>
      <UnitOfMeasurePrice>145.00</UnitOfMeasurePrice>
      <AllowDiscount>1</AllowDiscount>
      <ItemStatus>1</ItemStatus>
    </Item>
    <Item>
      <PriceUpdateDate>2025-08-22 05:42</PriceUpdateDate>
      <ItemCode>8886467049514</ItemCode>
      <ItemType>1</ItemType>
      <ItemName>קרם גוף 250 מ"ל</ItemName>
      <ManufacturerName>יוניליוור הודו</ManufacturerName>
      <ManufactureCountry>IN</ManufactureCountry>
      <ManufacturerItemDescription>קרם גוף 250 מ"ל</ManufacturerItemDescription>
      <UnitQty>מיליליטרים</UnitQty>
      <Quantity>250.00</Quantity>
      <bIsWeighted>0</bIsWeighted>
      <UnitOfMeasure>100 מ"ל</UnitOfMeasure>
      <QtyInPackage>0</QtyInPackage>
      <ItemPrice>29.90</ItemPrice>
      <UnitOfMeasurePrice>11.96</UnitOfMeasurePrice>
      <AllowDiscount>1</AllowDiscount>
      <ItemStatus>1</ItemStatus>
    </Item>
    <Item>
      <PriceUpdateDate>2024-12-23 17:26</PriceUpdateDate>
      <ItemCode>8901138825591</ItemCode>
      <ItemType>1</ItemType>
      <ItemName>משחת  הימלאיה מלבינה75מ</ItemName>
      <ManufacturerName>הימלאיה</ManufacturerName>
      <ManufactureCountry>PL</ManufactureCountry>
      <ManufacturerItemDescription>משחת  הימלאיה מלבינה75מ</ManufacturerItemDescription>
      <UnitQty>מיליליטרים</UnitQty>
      <Quantity>75.00</Quantity>
      <bIsWeighted>0</bIsWeighted>
      <UnitOfMeasure>100 מ"ל</UnitOfMeasure>
      <QtyInPackage>1</QtyInPackage>
      <ItemPrice>25.90</ItemPrice>
      <UnitOfMeasurePrice>34.53</UnitOfMeasurePrice>
      <AllowDiscount>1</AllowDiscount>
      <ItemStatus>1</ItemStatus>
    </Item>
    <Item>
      <PriceUpdateDate>2025-01-30 11:55</PriceUpdateDate>
      <ItemCode>8901314598202</ItemCode>
      <ItemType>1</ItemType>
      <ItemName>מברשת שיניים ג'נטל זוג</ItemName>
      <ManufacturerName>קולגייט-פלמוליב</ManufacturerName>
      <ManufactureCountry>IN</ManufactureCountry>
      <ManufacturerItemDescription>מברשת שיניים גנטל זוג</ManufacturerItemDescription>
      <UnitQty>יחידה</UnitQty>
      <Quantity>1.00</Quantity>
      <bIsWeighted>0</bIsWeighted>
      <UnitOfMeasure>יחידה</UnitOfMeasure>
      <QtyInPackage>1</QtyInPackage>
      <ItemPrice>29.90</ItemPrice>
      <UnitOfMeasurePrice>29.90</UnitOfMeasurePrice>
      <AllowDiscount>1</AllowDiscount>
      <ItemStatus>1</ItemStatus>
    </Item>
    <Item>
      <PriceUpdateDate>2025-01-30 11:55</PriceUpdateDate>
      <ItemCode>8901314686046</ItemCode>
      <ItemType>1</ItemType>
      <ItemName>מברשת שיניים ויזיביל זוג</ItemName>
      <ManufacturerName>קולגייט-פלמוליב</ManufacturerName>
      <ManufactureCountry>IN</ManufactureCountry>
      <ManufacturerItemDescription>מברשת שיניים ויזיביל זוג</ManufacturerItemDescription>
      <UnitQty>יחידה</UnitQty>
      <Quantity>1.00</Quantity>
      <bIsWeighted>0</bIsWeighted>
      <UnitOfMeasure>יחידה</UnitOfMeasure>
      <QtyInPackage>1</QtyInPackage>
      <ItemPrice>29.90</ItemPrice>
      <UnitOfMeasurePrice>29.90</UnitOfMeasurePrice>
      <AllowDiscount>1</AllowDiscount>
      <ItemStatus>1</ItemStatus>
    </Item>
    <Item>
      <PriceUpdateDate>2025-10-15 10:53</PriceUpdateDate>
      <ItemCode>8901571011070</ItemCode>
      <ItemType>1</ItemType>
      <ItemName>מברשות שיניים 4יח</ItemName>
      <ManufacturerName>---</ManufacturerName>
      <ManufactureCountry>SK</ManufactureCountry>
      <ManufacturerItemDescription>מברשות שיניים 4יח</ManufacturerItemDescription>
      <UnitQty>יחידה</UnitQty>
      <Quantity>1.00</Quantity>
      <bIsWeighted>0</bIsWeighted>
      <UnitOfMeasure>יחידה</UnitOfMeasure>
      <QtyInPackage>1</QtyInPackage>
      <ItemPrice>24.90</ItemPrice>
      <UnitOfMeasurePrice>24.90</UnitOfMeasurePrice>
      <AllowDiscount>1</AllowDiscount>
      <ItemStatus>1</ItemStatus>
    </Item>
    <Item>
      <PriceUpdateDate>2025-11-27 21:40</PriceUpdateDate>
      <ItemCode>8906008231236</ItemCode>
      <ItemType>1</ItemType>
      <ItemName>משטחי החתלה לתינוקות10יח</ItemName>
      <ManufacturerName>ליברטי</ManufacturerName>
      <ManufactureCountry>IL</ManufactureCountry>
      <ManufacturerItemDescription>משטחי החתלה לתינוקות10יח</ManufacturerItemDescription>
      <UnitQty>יחידה</UnitQty>
      <Quantity>1.00</Quantity>
      <bIsWeighted>0</bIsWeighted>
      <UnitOfMeasure>יחידה</UnitOfMeasure>
      <QtyInPackage>1</QtyInPackage>
      <ItemPrice>16.90</ItemPrice>
      <UnitOfMeasurePrice>16.90</UnitOfMeasurePrice>
      <AllowDiscount>1</AllowDiscount>
      <ItemStatus>1</ItemStatus>
    </Item>
    <Item>
      <PriceUpdateDate>2025-11-27 21:40</PriceUpdateDate>
      <ItemCode>9000100591058</ItemCode>
      <ItemType>1</ItemType>
      <ItemName>גל עיצוב סאיוס מקס 250מ</ItemName>
      <ManufacturerName>שוורצקוף והנקל</ManufacturerName>
      <ManufactureCountry>DE</ManufactureCountry>
      <ManufacturerItemDescription>גל עיצוב סאיוס מקס 250מ</ManufacturerItemDescription>
      <UnitQty>מיליליטרים</UnitQty>
      <Quantity>250.00</Quantity>
      <bIsWeighted>0</bIsWeighted>
      <UnitOfMeasure>100 מ"ל</UnitOfMeasure>
      <QtyInPackage>0</QtyInPackage>
      <ItemPrice>24.90</ItemPrice>
      <UnitOfMeasurePrice>9.96</UnitOfMeasurePrice>
      <AllowDiscount>1</AllowDiscount>
      <ItemStatus>1</ItemStatus>
    </Item>
    <Item>
      <PriceUpdateDate>2024-12-23 17:26</PriceUpdateDate>
      <ItemCode>9000101804416</ItemCode>
      <ItemType>1</ItemType>
      <ItemName>פרסיל  קאפס יוניברסל44יח</ItemName>
      <ManufacturerName>---</ManufacturerName>
      <ManufactureCountry>RS</ManufactureCountry>
      <ManufacturerItemDescription>פרסיל  קאפס יוניברסל44יח</ManufacturerItemDescription>
      <UnitQty>יחידה</UnitQty>
      <Quantity>1.00</Quantity>
      <bIsWeighted>0</bIsWeighted>
      <UnitOfMeasure>יחידה</UnitOfMeasure>
      <QtyInPackage>1</QtyInPackage>
      <ItemPrice>58.50</ItemPrice>
      <UnitOfMeasurePrice>58.50</UnitOfMeasurePrice>
      <AllowDiscount>1</AllowDiscount>
      <ItemStatus>1</ItemStatus>
    </Item>
    <Item>
      <PriceUpdateDate>2025-05-12 17:39</PriceUpdateDate>
      <ItemCode>9001616202100</ItemCode>
      <ItemType>1</ItemType>
      <ItemName>מאמ זוג מוצצים REAL LOVE</ItemName>
      <ManufacturerName>MAM</ManufacturerName>
      <ManufactureCountry>HU</ManufactureCountry>
      <ManufacturerItemDescription>מאמ זוג מוצצים LOVE REAL</ManufacturerItemDescription>
      <UnitQty>יחידה</UnitQty>
      <Quantity>1.00</Quantity>
      <bIsWeighted>0</bIsWeighted>
      <UnitOfMeasure>יחידה</UnitOfMeasure>
      <QtyInPackage>0</QtyInPackage>
      <ItemPrice>38.90</ItemPrice>
      <UnitOfMeasurePrice>38.90</UnitOfMeasurePrice>
      <AllowDiscount>1</AllowDiscount>
      <ItemStatus>1</ItemStatus>
    </Item>
    <Item>
      <PriceUpdateDate>2025-05-12 17:39</PriceUpdateDate>
      <ItemCode>9001616202155</ItemCode>
      <ItemType>1</ItemType>
      <ItemName>מאמ2- מוצצים 16)MAXIULTI</ItemName>
      <ManufacturerName>MAM</ManufacturerName>
      <ManufactureCountry>HU</ManufactureCountry>
      <ManufacturerItemDescription>מאמ-2 מוצצים 16)MAXIULTI</ManufacturerItemDescription>
      <UnitQty>יחידה</UnitQty>
      <Quantity>1.00</Quantity>
      <bIsWeighted>0</bIsWeighted>
      <UnitOfMeasure>יחידה</UnitOfMeasure>
      <QtyInPackage>0</QtyInPackage>
      <ItemPrice>38.90</ItemPrice>
      <UnitOfMeasurePrice>38.90</UnitOfMeasurePrice>
      <AllowDiscount>1</AllowDiscount>
      <ItemStatus>1</ItemStatus>
    </Item>
    <Item>
      <PriceUpdateDate>2025-05-12 17:39</PriceUpdateDate>
      <ItemCode>9001616202360</ItemCode>
      <ItemType>1</ItemType>
      <ItemName>זוג מוצצי אולטי</ItemName>
      <ManufacturerName>MAM</ManufacturerName>
      <ManufactureCountry>HU</ManufactureCountry>
      <ManufacturerItemDescription>זוג מוצצי אולטי</ManufacturerItemDescription>
      <UnitQty>יחידה</UnitQty>
      <Quantity>1.00</Quantity>
      <bIsWeighted>0</bIsWeighted>
      <UnitOfMeasure>יחידה</UnitOfMeasure>
      <QtyInPackage>0</QtyInPackage>
      <ItemPrice>38.90</ItemPrice>
      <UnitOfMeasurePrice>38.90</UnitOfMeasurePrice>
      <AllowDiscount>1</AllowDiscount>
      <ItemStatus>1</ItemStatus>
    </Item>
    <Item>
      <PriceUpdateDate>2025-05-27 09:11</PriceUpdateDate>
      <ItemCode>9001616203350</ItemCode>
      <ItemType>1</ItemType>
      <ItemName>FLOW SLOW מאמ פטמות</ItemName>
      <ManufacturerName>MAM</ManufacturerName>
      <ManufactureCountry>AT</ManufactureCountry>
      <ManufacturerItemDescription>SLOW FLOW מאמ פטמות</ManufacturerItemDescription>
      <UnitQty>יחידה</UnitQty>
      <Quantity>1.00</Quantity>
      <bIsWeighted>0</bIsWeighted>
      <UnitOfMeasure>יחידה</UnitOfMeasure>
      <QtyInPackage>0</QtyInPackage>
      <ItemPrice>29.90</ItemPrice>
      <UnitOfMeasurePrice>29.90</UnitOfMeasurePrice>
      <AllowDiscount>1</AllowDiscount>
      <ItemStatus>1</ItemStatus>
    </Item>
    <Item>
      <PriceUpdateDate>2025-05-12 17:39</PriceUpdateDate>
      <ItemCode>9001616205781</ItemCode>
      <ItemType>1</ItemType>
      <ItemName>מוצץ סיליקון 6+ חיות</ItemName>
      <ManufacturerName />
      <ManufactureCountry>HU</ManufactureCountry>
      <ManufacturerItemDescription>מוצץ סיליקון 6+ חיות</ManufacturerItemDescription>
      <UnitQty>יחידה</UnitQty>
      <Quantity>1.00</Quantity>
      <bIsWeighted>0</bIsWeighted>
      <UnitOfMeasure>יחידה</UnitOfMeasure>
      <QtyInPackage>0</QtyInPackage>
      <ItemPrice>38.90</ItemPrice>
      <UnitOfMeasurePrice>38.90</UnitOfMeasurePrice>
      <AllowDiscount>1</AllowDiscount>
      <ItemStatus>1</ItemStatus>
    </Item>
    <Item>
      <PriceUpdateDate>2025-05-12 17:43</PriceUpdateDate>
      <ItemCode>9001616661099</ItemCode>
      <ItemType>1</ItemType>
      <ItemName>מאמ בקבוק 270 מ"ל</ItemName>
      <ManufacturerName>MAM</ManufacturerName>
      <ManufactureCountry>AT</ManufactureCountry>
      <ManufacturerItemDescription>מאמ בקבוק 270 מ"ל</ManufacturerItemDescription>
      <UnitQty>יחידה</UnitQty>
      <Quantity>1.00</Quantity>
      <bIsWeighted>0</bIsWeighted>
      <UnitOfMeasure>יחידה</UnitOfMeasure>
      <QtyInPackage>0</QtyInPackage>
      <ItemPrice>38.90</ItemPrice>
      <UnitOfMeasurePrice>38.90</UnitOfMeasurePrice>
      <AllowDiscount>1</AllowDiscount>
      <ItemStatus>1</ItemStatus>
    </Item>
    <Item>
      <PriceUpdateDate>2025-05-12 17:39</PriceUpdateDate>
      <ItemCode>9001616671579</ItemCode>
      <ItemType>1</ItemType>
      <ItemName>מוצץ מאמ AIR 0-6 זוג</ItemName>
      <ManufacturerName>MAM</ManufacturerName>
      <ManufactureCountry>HU</ManufactureCountry>
      <ManufacturerItemDescription>מוצץ מאמ AIR 0-6</ManufacturerItemDescription>
      <UnitQty>יחידה</UnitQty>
      <Quantity>1.00</Quantity>
      <bIsWeighted>0</bIsWeighted>
      <UnitOfMeasure>יחידה</UnitOfMeasure>
      <QtyInPackage>1</QtyInPackage>
      <ItemPrice>38.90</ItemPrice>
      <UnitOfMeasurePrice>38.90</UnitOfMeasurePrice>
      <AllowDiscount>1</AllowDiscount>
      <ItemStatus>1</ItemStatus>
    </Item>
    <Item>
      <PriceUpdateDate>2025-05-12 17:39</PriceUpdateDate>
      <ItemCode>9001616702655</ItemCode>
      <ItemType>1</ItemType>
      <ItemName>זוג מוצצים 0-6 זוהר בת י</ItemName>
      <ManufacturerName>MAM</ManufacturerName>
      <ManufactureCountry>HU</ManufactureCountry>
      <ManufacturerItemDescription>זוג מוצצים 0-6 זוהר בת י</ManufacturerItemDescription>
      <UnitQty>יחידה</UnitQty>
      <Quantity>1.00</Quantity>
      <bIsWeighted>0</bIsWeighted>
      <UnitOfMeasure>יחידה</UnitOfMeasure>
      <QtyInPackage>1</QtyInPackage>
      <ItemPrice>38.90</ItemPrice>
      <UnitOfMeasurePrice>38.90</UnitOfMeasurePrice>
      <AllowDiscount>1</AllowDiscount>
      <ItemStatus>1</ItemStatus>
    </Item>
    <Item>
      <PriceUpdateDate>2025-05-12 17:39</PriceUpdateDate>
      <ItemCode>9001616702662</ItemCode>
      <ItemType>1</ItemType>
      <ItemName>זוג מוצצים פרל 0-6 בת יח</ItemName>
      <ManufacturerName>MAM</ManufacturerName>
      <ManufactureCountry>HU</ManufactureCountry>
      <ManufacturerItemDescription>זוג מוצצים פרל 0-6 בת יח</ManufacturerItemDescription>
      <UnitQty>יחידה</UnitQty>
      <Quantity>1.00</Quantity>
      <bIsWeighted>0</bIsWeighted>
      <UnitOfMeasure>יחידה</UnitOfMeasure>
      <QtyInPackage>1</QtyInPackage>
      <ItemPrice>38.90</ItemPrice>
      <UnitOfMeasurePrice>38.90</UnitOfMeasurePrice>
      <AllowDiscount>1</AllowDiscount>
      <ItemStatus>1</ItemStatus>
    </Item>
    <Item>
      <PriceUpdateDate>2025-05-12 17:39</PriceUpdateDate>
      <ItemCode>9001616702679</ItemCode>
      <ItemType>1</ItemType>
      <ItemName>זוג מוצצים 0-6 זמן בת יח</ItemName>
      <ManufacturerName>MAM</ManufacturerName>
      <ManufactureCountry>HU</ManufactureCountry>
      <ManufacturerItemDescription>זוג מוצצים 0-6 ז</ManufacturerItemDescription>
      <UnitQty>יחידה</UnitQty>
      <Quantity>1.00</Quantity>
      <bIsWeighted>0</bIsWeighted>
      <UnitOfMeasure>יחידה</UnitOfMeasure>
      <QtyInPackage>1</QtyInPackage>
      <ItemPrice>38.90</ItemPrice>
      <UnitOfMeasurePrice>38.90</UnitOfMeasurePrice>
      <AllowDiscount>1</AllowDiscount>
      <ItemStatus>1</ItemStatus>
    </Item>
    <Item>
      <PriceUpdateDate>2025-05-12 17:39</PriceUpdateDate>
      <ItemCode>9001616702716</ItemCode>
      <ItemType>1</ItemType>
      <ItemName>זוג מוצצים +6 זוהר בת 2*</ItemName>
      <ManufacturerName>MAM</ManufacturerName>
      <ManufactureCountry>HU</ManufactureCountry>
      <ManufacturerItemDescription>זוג מוצצים +6 זו</ManufacturerItemDescription>
      <UnitQty>יחידה</UnitQty>
      <Quantity>1.00</Quantity>
      <bIsWeighted>0</bIsWeighted>
      <UnitOfMeasure>יחידה</UnitOfMeasure>
      <QtyInPackage>1</QtyInPackage>
      <ItemPrice>38.90</ItemPrice>
      <UnitOfMeasurePrice>38.90</UnitOfMeasurePrice>
      <AllowDiscount>1</AllowDiscount>
      <ItemStatus>1</ItemStatus>
    </Item>
    <Item>
      <PriceUpdateDate>2025-05-12 17:39</PriceUpdateDate>
      <ItemCode>9001616702730</ItemCode>
      <ItemType>1</ItemType>
      <ItemName>זוג מוצצים +6 אוריג' בת</ItemName>
      <ManufacturerName>MAM</ManufacturerName>
      <ManufactureCountry>HU</ManufactureCountry>
      <ManufacturerItemDescription>זוג מוצצים 6+ אוריג בת</ManufacturerItemDescription>
      <UnitQty>יחידה</UnitQty>
      <Quantity>1.00</Quantity>
      <bIsWeighted>0</bIsWeighted>
      <UnitOfMeasure>יחידה</UnitOfMeasure>
      <QtyInPackage>1</QtyInPackage>
      <ItemPrice>38.90</ItemPrice>
      <UnitOfMeasurePrice>38.90</UnitOfMeasurePrice>
      <AllowDiscount>1</AllowDiscount>
      <ItemStatus>1</ItemStatus>
    </Item>
    <Item>
      <PriceUpdateDate>2025-05-12 17:43</PriceUpdateDate>
      <ItemCode>9001616702976</ItemCode>
      <ItemType>1</ItemType>
      <ItemName>בקבוק תינוק יוניסקס</ItemName>
      <ManufacturerName>MAM</ManufacturerName>
      <ManufactureCountry>HU</ManufactureCountry>
      <ManufacturerItemDescription>בקבוק תינוק יוניסקס</ManufacturerItemDescription>
      <UnitQty>יחידה</UnitQty>
      <Quantity>1.00</Quantity>
      <bIsWeighted>0</bIsWeighted>
      <UnitOfMeasure>יחידה</UnitOfMeasure>
      <QtyInPackage>1</QtyInPackage>
      <ItemPrice>38.90</ItemPrice>
      <UnitOfMeasurePrice>38.90</UnitOfMeasurePrice>
      <AllowDiscount>1</AllowDiscount>
      <ItemStatus>1</ItemStatus>
    </Item>
    <Item>
      <PriceUpdateDate>2024-12-23 17:26</PriceUpdateDate>
      <ItemCode>9001616703423</ItemCode>
      <ItemType>1</ItemType>
      <ItemName>מיני נשכן מרגיע שלב 2</ItemName>
      <ManufacturerName>MAM</ManufacturerName>
      <ManufactureCountry>AT</ManufactureCountry>
      <ManufacturerItemDescription>מיני נשכן מרגיע</ManufacturerItemDescription>
      <UnitQty>יחידה</UnitQty>
      <Quantity>1.00</Quantity>
      <bIsWeighted>0</bIsWeighted>
      <UnitOfMeasure>יחידה</UnitOfMeasure>
      <QtyInPackage>0</QtyInPackage>
      <ItemPrice>30.90</ItemPrice>
      <UnitOfMeasurePrice>30.90</UnitOfMeasurePrice>
      <AllowDiscount>1</AllowDiscount>
      <ItemStatus>1</ItemStatus>
    </Item>
    <Item>
      <PriceUpdateDate>2025-05-12 17:39</PriceUpdateDate>
      <ItemCode>9001616713866</ItemCode>
      <ItemType>1</ItemType>
      <ItemName>מוצץ מאמ קומפורט ורוד</ItemName>
      <ManufacturerName>---</ManufacturerName>
      <ManufactureCountry>HU</ManufactureCountry>
      <ManufacturerItemDescription>מוצץ מאמ קומפורט</ManufacturerItemDescription>
      <UnitQty>יחידה</UnitQty>
      <Quantity>1.00</Quantity>
      <bIsWeighted>0</bIsWeighted>
      <UnitOfMeasure>יחידה</UnitOfMeasure>
      <QtyInPackage>1</QtyInPackage>
      <ItemPrice>38.90</ItemPrice>
      <UnitOfMeasurePrice>38.90</UnitOfMeasurePrice>
      <AllowDiscount>1</AllowDiscount>
      <ItemStatus>1</ItemStatus>
    </Item>
    <Item>
      <PriceUpdateDate>2024-12-23 17:26</PriceUpdateDate>
      <ItemCode>90162602</ItemCode>
      <ItemType>0</ItemType>
      <ItemName>רד בול משקה אנרגיה פח250</ItemName>
      <ManufacturerName>---</ManufacturerName>
      <ManufactureCountry>AT</ManufactureCountry>
      <ManufacturerItemDescription>רד בול משקה אנרגיה פח250</ManufacturerItemDescription>
      <UnitQty>מיליליטרים</UnitQty>
      <Quantity>250.00</Quantity>
      <bIsWeighted>0</bIsWeighted>
      <UnitOfMeasure>100 מ"ל</UnitOfMeasure>
      <QtyInPackage>0</QtyInPackage>
      <ItemPrice>9.20</ItemPrice>
      <UnitOfMeasurePrice>3.68</UnitOfMeasurePrice>
      <AllowDiscount>1</AllowDiscount>
      <ItemStatus>1</ItemStatus>
    </Item>
    <Item>
      <PriceUpdateDate>2024-12-23 17:26</PriceUpdateDate>
      <ItemCode>90162800</ItemCode>
      <ItemType>0</ItemType>
      <ItemName>רד בול לא סוכר פחית250מל</ItemName>
      <ManufacturerName>---</ManufacturerName>
      <ManufactureCountry>AT</ManufactureCountry>
      <ManufacturerItemDescription>רד בול לא סוכר פחית250מל</ManufacturerItemDescription>
      <UnitQty>מיליליטרים</UnitQty>
      <Quantity>250.00</Quantity>
      <bIsWeighted>0</bIsWeighted>
      <UnitOfMeasure>100 מ"ל</UnitOfMeasure>
      <QtyInPackage>0</QtyInPackage>
      <ItemPrice>9.20</ItemPrice>
      <UnitOfMeasurePrice>3.68</UnitOfMeasurePrice>
      <AllowDiscount>1</AllowDiscount>
      <ItemStatus>1</ItemStatus>
    </Item>
    <Item>
      <PriceUpdateDate>2025-05-05 11:28</PriceUpdateDate>
      <ItemCode>90474798</ItemCode>
      <ItemType>0</ItemType>
      <ItemName>רד בול ענבים פחית 250 מל</ItemName>
      <ManufacturerName>רד בול</ManufacturerName>
      <ManufactureCountry>AT</ManufactureCountry>
      <ManufacturerItemDescription>רד בול ענבים 250 מל</ManufacturerItemDescription>
      <UnitQty>מיליליטרים</UnitQty>
      <Quantity>250.00</Quantity>
      <bIsWeighted>0</bIsWeighted>
      <UnitOfMeasure>100 מ"ל</UnitOfMeasure>
      <QtyInPackage>1</QtyInPackage>
      <ItemPrice>9.20</ItemPrice>
      <UnitOfMeasurePrice>3.68</UnitOfMeasurePrice>
      <AllowDiscount>1</AllowDiscount>
      <ItemStatus>1</ItemStatus>
    </Item>
    <Item>
      <PriceUpdateDate>2025-12-01 20:20</PriceUpdateDate>
      <ItemCode>90891600205</ItemCode>
      <ItemType>1</ItemType>
      <ItemName>סופגן נשים מקסי לונג20יח</ItemName>
      <ManufacturerName>QUALITY FIRST</ManufacturerName>
      <ManufactureCountry>US</ManufactureCountry>
      <ManufacturerItemDescription>סופגן נשים מקסי</ManufacturerItemDescription>
      <UnitQty>יחידה</UnitQty>
      <Quantity>1.00</Quantity>
      <bIsWeighted>0</bIsWeighted>
      <UnitOfMeasure>יחידה</UnitOfMeasure>
      <QtyInPackage>1</QtyInPackage>
      <ItemPrice>24.90</ItemPrice>
      <UnitOfMeasurePrice>24.90</UnitOfMeasurePrice>
      <AllowDiscount>1</AllowDiscount>
      <ItemStatus>1</ItemStatus>
    </Item>
    <Item>
      <PriceUpdateDate>2025-11-27 21:30</PriceUpdateDate>
      <ItemCode>9310088007015</ItemCode>
      <ItemType>1</ItemType>
      <ItemName>8 תחבושות דיפנד לילה</ItemName>
      <ManufacturerName>קימברלי קלארק</ManufacturerName>
      <ManufactureCountry>CN</ManufactureCountry>
      <ManufacturerItemDescription>8 תחבושות דיפנד לילה</ManufacturerItemDescription>
      <UnitQty>יחידה</UnitQty>
      <Quantity>1.00</Quantity>
      <bIsWeighted>0</bIsWeighted>
      <UnitOfMeasure>יחידה</UnitOfMeasure>
      <QtyInPackage>0</QtyInPackage>
      <ItemPrice>14.90</ItemPrice>
      <UnitOfMeasurePrice>14.90</UnitOfMeasurePrice>
      <AllowDiscount>1</AllowDiscount>
      <ItemStatus>1</ItemStatus>
    </Item>
    <Item>
      <PriceUpdateDate>2025-05-22 12:47</PriceUpdateDate>
      <ItemCode>9800800056</ItemCode>
      <ItemType>1</ItemType>
      <ItemName>ממרח נוטלה טו גו 52 גרם</ItemName>
      <ManufacturerName>פררו או.הייצ.ג'י.אם.בי.</ManufacturerName>
      <ManufactureCountry>DE</ManufactureCountry>
      <ManufacturerItemDescription>ממרח נוטלה טו גו 52 גרם</ManufacturerItemDescription>
      <UnitQty>גרמים</UnitQty>
      <Quantity>52.00</Quantity>
      <bIsWeighted>0</bIsWeighted>
      <UnitOfMeasure>100 גרם</UnitOfMeasure>
      <QtyInPackage>1</QtyInPackage>
      <ItemPrice>8.90</ItemPrice>
      <UnitOfMeasurePrice>17.12</UnitOfMeasurePrice>
      <AllowDiscount>1</AllowDiscount>
      <ItemStatus>1</ItemStatus>
    </Item>
  </Items>
</root>