<Root>
  <XmlDocVersion>19</XmlDocVersion>
  <ChainId>7290876100000</ChainId>
  <SubChainId>1</SubChainId>
  <StoreId>032</StoreId>
  <BikoretNo>8</BikoretNo>
  <DllVerNo>9.4.0.50</DllVerNo>
  <Items Count="310">
    <Item>
      <PriceUpdateDate>2017-04-27 13:13:17</PriceUpdateDate>
      <ItemCode>7290000197081</ItemCode>
      <ItemType>1</ItemType>
      <ItemName>ניילון נצמד 150 מטר</ItemName>
      <ManufacturerName>לא ידוע</ManufacturerName>
      <ManufactureCountry>לא ידוע</ManufactureCountry>
      <ManufacturerItemDescription>ניילון נצמד 150 מטר</ManufacturerItemDescription>
      <UnitQty>יחידה   </UnitQty>
      <Quantity>150.00</Quantity>
      <UnitOfMeasure>יחידה   </UnitOfMeasure>
      <bIsWeighted>0</bIsWeighted>
      <QtyInPackage>לא ידוע</QtyInPackage>
      <ItemPrice>29.90</ItemPrice>
      <UnitOfMeasurePrice>0.1993</UnitOfMeasurePrice>
      <AllowDiscount>1</AllowDiscount>
      <ItemStatus>1</ItemStatus>
      <ItemId>181577</ItemId>
    </Item>
    <Item>
      <PriceUpdateDate>2020-05-03 13:01:25</PriceUpdateDate>
      <ItemCode>7290000999922</ItemCode>
      <ItemType>1</ItemType>
      <ItemName>חסה עגולה</ItemName>
      <ManufacturerName>לא ידוע</ManufacturerName>
      <ManufactureCountry>ישראל</ManufactureCountry>
      <ManufacturerItemDescription>חסה עגולה</ManufacturerItemDescription>
      <UnitQty>לא ידוע</UnitQty>
      <Quantity>1000.00</Quantity>
      <UnitOfMeasure>לא ידוע</UnitOfMeasure>
      <bIsWeighted>0</bIsWeighted>
      <QtyInPackage>לא ידוע</QtyInPackage>
      <ItemPrice>5.90</ItemPrice>
      <UnitOfMeasurePrice>0.0059</UnitOfMeasurePrice>
      <AllowDiscount>1</AllowDiscount>
      <ItemStatus>1</ItemStatus>
      <ItemId>213308</ItemId>
    </Item>
    <Item>
      <PriceUpdateDate>2021-12-07 14:17:06</PriceUpdateDate>
      <ItemCode>7290005423833</ItemCode>
      <ItemType>1</ItemType>
      <ItemName>פוליויקס פרקט</ItemName>
      <ManufacturerName>קריות זול</ManufacturerName>
      <ManufactureCountry>לא ידוע</ManufactureCountry>
      <ManufacturerItemDescription>פוליויקס פרקט</ManufacturerItemDescription>
      <UnitQty>ליטרים</UnitQty>
      <Quantity>2.00</Quantity>
      <UnitOfMeasure>ליטר    </UnitOfMeasure>
      <bIsWeighted>0</bIsWeighted>
      <QtyInPackage>לא ידוע</QtyInPackage>
      <ItemPrice>24.90</ItemPrice>
      <UnitOfMeasurePrice>12.4500</UnitOfMeasurePrice>
      <AllowDiscount>1</AllowDiscount>
      <ItemStatus>1</ItemStatus>
      <ItemId>180399</ItemId>
    </Item>
    <Item>
      <PriceUpdateDate>2022-01-02 13:28:21</PriceUpdateDate>
      <ItemCode>7290110115517</ItemCode>
      <ItemType>1</ItemType>
      <ItemName>קוקה קולה זירו שישיו</ItemName>
      <ManufacturerName>לא ידוע</ManufacturerName>
      <ManufactureCountry>לא ידוע</ManufactureCountry>
      <ManufacturerItemDescription>קוקה קולה זירו שישיו</ManufacturerItemDescription>
      <UnitQty>לא ידוע</UnitQty>
      <Quantity>12000.00</Quantity>
      <UnitOfMeasure>לא ידוע</UnitOfMeasure>
      <bIsWeighted>0</bIsWeighted>
      <QtyInPackage>לא ידוע</QtyInPackage>
      <ItemPrice>59.90</ItemPrice>
      <UnitOfMeasurePrice>0.0050</UnitOfMeasurePrice>
      <AllowDiscount>1</AllowDiscount>
      <ItemStatus>1</ItemStatus>
      <ItemId>261096</ItemId>
    </Item>
    <Item>
      <PriceUpdateDate>2023-01-23 19:37:31</PriceUpdateDate>
      <ItemCode>4008496884964</ItemCode>
      <ItemType>1</ItemType>
      <ItemName>סוללה וורטה 9 וולט</ItemName>
      <ManufacturerName>לא ידוע</ManufacturerName>
      <ManufactureCountry>לא ידוע</ManufactureCountry>
      <ManufacturerItemDescription>סוללה וורטה 9 וולט</ManufacturerItemDescription>
      <UnitQty>יחידה   </UnitQty>
      <Quantity>0.00</Quantity>
      <UnitOfMeasure>יחידה   </UnitOfMeasure>
      <bIsWeighted>0</bIsWeighted>
      <QtyInPackage>לא ידוע</QtyInPackage>
      <ItemPrice>14.90</ItemPrice>
      <UnitOfMeasurePrice>0.0000</UnitOfMeasurePrice>
      <AllowDiscount>1</AllowDiscount>
      <ItemStatus>1</ItemStatus>
      <ItemId>265259</ItemId>
    </Item>
    <Item>
      <PriceUpdateDate>2024-02-13 13:47:01</PriceUpdateDate>
      <ItemCode>7290002404590</ItemCode>
      <ItemType>1</ItemType>
      <ItemName>בראשית  מרלו 750 מ"ל</ItemName>
      <ManufacturerName>לא ידוע</ManufacturerName>
      <ManufactureCountry>לא ידוע</ManufactureCountry>
      <ManufacturerItemDescription>בראשית  מרלו 750 מ"ל</ManufacturerItemDescription>
      <UnitQty>לא ידוע</UnitQty>
      <Quantity>750.00</Quantity>
      <UnitOfMeasure>לא ידוע</UnitOfMeasure>
      <bIsWeighted>0</bIsWeighted>
      <QtyInPackage>לא ידוע</QtyInPackage>
      <ItemPrice>41.90</ItemPrice>
      <UnitOfMeasurePrice>0.0559</UnitOfMeasurePrice>
      <AllowDiscount>1</AllowDiscount>
      <ItemStatus>1</ItemStatus>
      <ItemId>270595</ItemId>
    </Item>
    <Item>
      <PriceUpdateDate>2024-05-27 07:28:21</PriceUpdateDate>
      <ItemCode>7290000107295</ItemCode>
      <ItemType>1</ItemType>
      <ItemName>תפרחות ברוקולי סנפרו</ItemName>
      <ManufacturerName>קריות זול</ManufacturerName>
      <ManufactureCountry>לא ידוע</ManufactureCountry>
      <ManufacturerItemDescription>תפרחות ברוקולי סנפרו</ManufacturerItemDescription>
      <UnitQty>לא ידוע</UnitQty>
      <Quantity>800.00</Quantity>
      <UnitOfMeasure>לא ידוע</UnitOfMeasure>
      <bIsWeighted>0</bIsWeighted>
      <QtyInPackage>לא ידוע</QtyInPackage>
      <ItemPrice>29.90</ItemPrice>
      <UnitOfMeasurePrice>0.0374</UnitOfMeasurePrice>
      <AllowDiscount>1</AllowDiscount>
      <ItemStatus>1</ItemStatus>
      <ItemId>188335</ItemId>
    </Item>
    <Item>
      <PriceUpdateDate>2024-06-06 06:28:52</PriceUpdateDate>
      <ItemCode>7290006199942</ItemCode>
      <ItemType>1</ItemType>
      <ItemName>שמיניית גלידל פרי דו</ItemName>
      <ManufacturerName>לא ידוע</ManufacturerName>
      <ManufactureCountry>לא ידוע</ManufactureCountry>
      <ManufacturerItemDescription>שמיניית גלידל פרי דו</ManufacturerItemDescription>
      <UnitQty>לא ידוע</UnitQty>
      <Quantity>8.00</Quantity>
      <UnitOfMeasure>לא ידוע</UnitOfMeasure>
      <bIsWeighted>0</bIsWeighted>
      <QtyInPackage>לא ידוע</QtyInPackage>
      <ItemPrice>29.90</ItemPrice>
      <UnitOfMeasurePrice>3.7375</UnitOfMeasurePrice>
      <AllowDiscount>1</AllowDiscount>
      <ItemStatus>1</ItemStatus>
      <ItemId>258009</ItemId>
    </Item>
    <Item>
      <PriceUpdateDate>2024-07-15 07:08:46</PriceUpdateDate>
      <ItemCode>7290018198148</ItemCode>
      <ItemType>1</ItemType>
      <ItemName>תפוגן קריספי צ'יפס ק</ItemName>
      <ManufacturerName>לא ידוע</ManufacturerName>
      <ManufactureCountry>לא ידוע</ManufactureCountry>
      <ManufacturerItemDescription>תפוגן קריספי צ'יפס ק</ManufacturerItemDescription>
      <UnitQty>לא ידוע</UnitQty>
      <Quantity>1250.00</Quantity>
      <UnitOfMeasure>לא ידוע</UnitOfMeasure>
      <bIsWeighted>0</bIsWeighted>
      <QtyInPackage>לא ידוע</QtyInPackage>
      <ItemPrice>31.90</ItemPrice>
      <UnitOfMeasurePrice>0.0255</UnitOfMeasurePrice>
      <AllowDiscount>1</AllowDiscount>
      <ItemStatus>1</ItemStatus>
      <ItemId>258786</ItemId>
    </Item>
    <Item>
      <PriceUpdateDate>2024-08-27 10:44:39</PriceUpdateDate>
      <ItemCode>7290019693000</ItemCode>
      <ItemType>1</ItemType>
      <ItemName>פטריות שמפניון א.אדמ</ItemName>
      <ManufacturerName>לא ידוע</ManufacturerName>
      <ManufactureCountry>ישראל</ManufactureCountry>
      <ManufacturerItemDescription>פטריות שמפניון א.אדמ</ManufacturerItemDescription>
      <UnitQty>יחידה   </UnitQty>
      <Quantity>0.00</Quantity>
      <UnitOfMeasure>יחידה   </UnitOfMeasure>
      <bIsWeighted>0</bIsWeighted>
      <QtyInPackage>לא ידוע</QtyInPackage>
      <ItemPrice>9.90</ItemPrice>
      <UnitOfMeasurePrice>0.0000</UnitOfMeasurePrice>
      <AllowDiscount>1</AllowDiscount>
      <ItemStatus>1</ItemStatus>
      <ItemId>272851</ItemId>
    </Item>
    <Item>
      <PriceUpdateDate>2024-09-08 14:11:05</PriceUpdateDate>
      <ItemCode>6933158608429</ItemCode>
      <ItemType>1</ItemType>
      <ItemName>כבל טעינה והעברת נתו</ItemName>
      <ManufacturerName>לא ידוע</ManufacturerName>
      <ManufactureCountry>לא ידוע</ManufactureCountry>
      <ManufacturerItemDescription>כבל טעינה והעברת נתו</ManufacturerItemDescription>
      <UnitQty>יחידה   </UnitQty>
      <Quantity>0.00</Quantity>
      <UnitOfMeasure>יחידה   </UnitOfMeasure>
      <bIsWeighted>0</bIsWeighted>
      <QtyInPackage>לא ידוע</QtyInPackage>
      <ItemPrice>19.90</ItemPrice>
      <UnitOfMeasurePrice>0.0000</UnitOfMeasurePrice>
      <AllowDiscount>1</AllowDiscount>
      <ItemStatus>1</ItemStatus>
      <ItemId>273032</ItemId>
    </Item>
    <Item>
      <PriceUpdateDate>2024-10-15 06:28:53</PriceUpdateDate>
      <ItemCode>8686868600129</ItemCode>
      <ItemType>1</ItemType>
      <ItemName>סרט לשיער</ItemName>
      <ManufacturerName>לא ידוע</ManufacturerName>
      <ManufactureCountry>לא ידוע</ManufactureCountry>
      <ManufacturerItemDescription>סרט לשיער</ManufacturerItemDescription>
      <UnitQty>יחידה   </UnitQty>
      <Quantity>0.00</Quantity>
      <UnitOfMeasure>יחידה   </UnitOfMeasure>
      <bIsWeighted>0</bIsWeighted>
      <QtyInPackage>לא ידוע</QtyInPackage>
      <ItemPrice>14.90</ItemPrice>
      <UnitOfMeasurePrice>0.0000</UnitOfMeasurePrice>
      <AllowDiscount>1</AllowDiscount>
      <ItemStatus>1</ItemStatus>
      <ItemId>203561</ItemId>
    </Item>
    <Item>
      <PriceUpdateDate>2024-11-01 07:28:55</PriceUpdateDate>
      <ItemCode>7290011402129</ItemCode>
      <ItemType>1</ItemType>
      <ItemName>מילוטל צ'יפס פלחים 1</ItemName>
      <ManufacturerName>לא ידוע</ManufacturerName>
      <ManufactureCountry>לא ידוע</ManufactureCountry>
      <ManufacturerItemDescription>מילוטל צ'יפס פלחים 1</ManufacturerItemDescription>
      <UnitQty>לא ידוע</UnitQty>
      <Quantity>1000.00</Quantity>
      <UnitOfMeasure>לא ידוע</UnitOfMeasure>
      <bIsWeighted>0</bIsWeighted>
      <QtyInPackage>לא ידוע</QtyInPackage>
      <ItemPrice>21.90</ItemPrice>
      <UnitOfMeasurePrice>0.0219</UnitOfMeasurePrice>
      <AllowDiscount>1</AllowDiscount>
      <ItemStatus>1</ItemStatus>
      <ItemId>273524</ItemId>
    </Item>
    <Item>
      <PriceUpdateDate>2024-11-04 16:29:51</PriceUpdateDate>
      <ItemCode>7290001714089</ItemCode>
      <ItemType>1</ItemType>
      <ItemName>צוואר עגל</ItemName>
      <ManufacturerName>לא ידוע</ManufacturerName>
      <ManufactureCountry>לא ידוע</ManufactureCountry>
      <ManufacturerItemDescription>צוואר עגל</ManufacturerItemDescription>
      <UnitQty>קילוגרמים</UnitQty>
      <Quantity>1.00</Quantity>
      <UnitOfMeasure>ק"ג</UnitOfMeasure>
      <bIsWeighted>1</bIsWeighted>
      <QtyInPackage>לא ידוע</QtyInPackage>
      <ItemPrice>89.90</ItemPrice>
      <UnitOfMeasurePrice>89.9000</UnitOfMeasurePrice>
      <AllowDiscount>1</AllowDiscount>
      <ItemStatus>1</ItemStatus>
      <ItemId>198673</ItemId>
    </Item>
    <Item>
      <PriceUpdateDate>2024-11-04 16:29:51</PriceUpdateDate>
      <ItemCode>7290002627432</ItemCode>
      <ItemType>1</ItemType>
      <ItemName>צוואר עגל</ItemName>
      <ManufacturerName>לא ידוע</ManufacturerName>
      <ManufactureCountry>לא ידוע</ManufactureCountry>
      <ManufacturerItemDescription>צוואר עגל</ManufacturerItemDescription>
      <UnitQty>קילוגרמים</UnitQty>
      <Quantity>1.00</Quantity>
      <UnitOfMeasure>ק"ג</UnitOfMeasure>
      <bIsWeighted>1</bIsWeighted>
      <QtyInPackage>לא ידוע</QtyInPackage>
      <ItemPrice>89.90</ItemPrice>
      <UnitOfMeasurePrice>89.9000</UnitOfMeasurePrice>
      <AllowDiscount>1</AllowDiscount>
      <ItemStatus>1</ItemStatus>
      <ItemId>239501</ItemId>
    </Item>
    <Item>
      <PriceUpdateDate>2024-11-10 13:54:52</PriceUpdateDate>
      <ItemCode>7290004943035</ItemCode>
      <ItemType>1</ItemType>
      <ItemName>מילוטל ציפס קלאסי 80</ItemName>
      <ManufacturerName>לא ידוע</ManufacturerName>
      <ManufactureCountry>לא ידוע</ManufactureCountry>
      <ManufacturerItemDescription>מילוטל ציפס קלאסי 80</ManufacturerItemDescription>
      <UnitQty>לא ידוע</UnitQty>
      <Quantity>800.00</Quantity>
      <UnitOfMeasure>לא ידוע</UnitOfMeasure>
      <bIsWeighted>0</bIsWeighted>
      <QtyInPackage>לא ידוע</QtyInPackage>
      <ItemPrice>18.90</ItemPrice>
      <UnitOfMeasurePrice>0.0236</UnitOfMeasurePrice>
      <AllowDiscount>1</AllowDiscount>
      <ItemStatus>1</ItemStatus>
      <ItemId>267890</ItemId>
    </Item>
    <Item>
      <PriceUpdateDate>2024-11-14 09:12:39</PriceUpdateDate>
      <ItemCode>7290014648944</ItemCode>
      <ItemType>1</ItemType>
      <ItemName>קיסמי מברשת דו צדדיי</ItemName>
      <ManufacturerName>לא ידוע</ManufacturerName>
      <ManufactureCountry>לא ידוע</ManufactureCountry>
      <ManufacturerItemDescription>קיסמי מברשת דו צדדיי</ManufacturerItemDescription>
      <UnitQty>יחידה   </UnitQty>
      <Quantity>0.00</Quantity>
      <UnitOfMeasure>יחידה   </UnitOfMeasure>
      <bIsWeighted>0</bIsWeighted>
      <QtyInPackage>לא ידוע</QtyInPackage>
      <ItemPrice>11.90</ItemPrice>
      <UnitOfMeasurePrice>0.0000</UnitOfMeasurePrice>
      <AllowDiscount>1</AllowDiscount>
      <ItemStatus>1</ItemStatus>
      <ItemId>273640</ItemId>
    </Item>
    <Item>
      <PriceUpdateDate>2024-11-20 07:08:57</PriceUpdateDate>
      <ItemCode>7290019056119</ItemCode>
      <ItemType>1</ItemType>
      <ItemName>שוופס סודה 1.5ליטר</ItemName>
      <ManufacturerName>לא ידוע</ManufacturerName>
      <ManufactureCountry>לא ידוע</ManufactureCountry>
      <ManufacturerItemDescription>שוופס סודה 1.5ליטר</ManufacturerItemDescription>
      <UnitQty>לא ידוע</UnitQty>
      <Quantity>1500.00</Quantity>
      <UnitOfMeasure>לא ידוע</UnitOfMeasure>
      <bIsWeighted>0</bIsWeighted>
      <QtyInPackage>לא ידוע</QtyInPackage>
      <ItemPrice>5.20</ItemPrice>
      <UnitOfMeasurePrice>0.0035</UnitOfMeasurePrice>
      <AllowDiscount>1</AllowDiscount>
      <ItemStatus>1</ItemStatus>
      <ItemId>261027</ItemId>
    </Item>
    <Item>
      <PriceUpdateDate>2024-11-26 14:00:09</PriceUpdateDate>
      <ItemCode>7290113592001</ItemCode>
      <ItemType>1</ItemType>
      <ItemName>נר גדול עם מעמד שחור</ItemName>
      <ManufacturerName>לא ידוע</ManufacturerName>
      <ManufactureCountry>לא ידוע</ManufactureCountry>
      <ManufacturerItemDescription>נר גדול עם מעמד שחור</ManufacturerItemDescription>
      <UnitQty>יחידה   </UnitQty>
      <Quantity>0.00</Quantity>
      <UnitOfMeasure>יחידה   </UnitOfMeasure>
      <bIsWeighted>0</bIsWeighted>
      <QtyInPackage>לא ידוע</QtyInPackage>
      <ItemPrice>6.90</ItemPrice>
      <UnitOfMeasurePrice>0.0000</UnitOfMeasurePrice>
      <AllowDiscount>1</AllowDiscount>
      <ItemStatus>1</ItemStatus>
      <ItemId>273841</ItemId>
    </Item>
    <Item>
      <PriceUpdateDate>2024-11-26 14:00:10</PriceUpdateDate>
      <ItemCode>7290113592605</ItemCode>
      <ItemType>1</ItemType>
      <ItemName>נר גדול עם מעמד שחור</ItemName>
      <ManufacturerName>לא ידוע</ManufacturerName>
      <ManufactureCountry>לא ידוע</ManufactureCountry>
      <ManufacturerItemDescription>נר גדול עם מעמד שחור</ManufacturerItemDescription>
      <UnitQty>יחידה   </UnitQty>
      <Quantity>0.00</Quantity>
      <UnitOfMeasure>יחידה   </UnitOfMeasure>
      <bIsWeighted>0</bIsWeighted>
      <QtyInPackage>לא ידוע</QtyInPackage>
      <ItemPrice>6.90</ItemPrice>
      <UnitOfMeasurePrice>0.0000</UnitOfMeasurePrice>
      <AllowDiscount>1</AllowDiscount>
      <ItemStatus>1</ItemStatus>
      <ItemId>273846</ItemId>
    </Item>
    <Item>
      <PriceUpdateDate>2024-12-01 07:48:31</PriceUpdateDate>
      <ItemCode>24000015970</ItemCode>
      <ItemType>1</ItemType>
      <ItemName>חתיכות אננס בסירופ ד</ItemName>
      <ManufacturerName>לא ידוע</ManufacturerName>
      <ManufactureCountry>לא ידוע</ManufactureCountry>
      <ManufacturerItemDescription>חתיכות אננס בסירופ ד</ManufacturerItemDescription>
      <UnitQty>לא ידוע</UnitQty>
      <Quantity>435.00</Quantity>
      <UnitOfMeasure>לא ידוע</UnitOfMeasure>
      <bIsWeighted>0</bIsWeighted>
      <QtyInPackage>לא ידוע</QtyInPackage>
      <ItemPrice>10.90</ItemPrice>
      <UnitOfMeasurePrice>0.0251</UnitOfMeasurePrice>
      <AllowDiscount>1</AllowDiscount>
      <ItemStatus>1</ItemStatus>
      <ItemId>273478</ItemId>
    </Item>
    <Item>
      <PriceUpdateDate>2024-12-09 08:24:55</PriceUpdateDate>
      <ItemCode>7290111012747</ItemCode>
      <ItemType>1</ItemType>
      <ItemName>זעתר עם שומשום בצנצנ</ItemName>
      <ManufacturerName>פריטי המותג של יאיר</ManufacturerName>
      <ManufactureCountry>לא ידוע</ManufactureCountry>
      <ManufacturerItemDescription>זעתר עם שומשום בצנצנ</ManufacturerItemDescription>
      <UnitQty>לא ידוע</UnitQty>
      <Quantity>150.00</Quantity>
      <UnitOfMeasure>לא ידוע</UnitOfMeasure>
      <bIsWeighted>0</bIsWeighted>
      <QtyInPackage>לא ידוע</QtyInPackage>
      <ItemPrice>16.90</ItemPrice>
      <UnitOfMeasurePrice>0.1127</UnitOfMeasurePrice>
      <AllowDiscount>1</AllowDiscount>
      <ItemStatus>1</ItemStatus>
      <ItemId>269504</ItemId>
    </Item>
    <Item>
      <PriceUpdateDate>2024-12-09 08:26:02</PriceUpdateDate>
      <ItemCode>7290018718636</ItemCode>
      <ItemType>1</ItemType>
      <ItemName>שמפו המפס קומפלקס 70</ItemName>
      <ManufacturerName>לא ידוע</ManufacturerName>
      <ManufactureCountry>לא ידוע</ManufactureCountry>
      <ManufacturerItemDescription>שמפו המפס קומפלקס 70</ManufacturerItemDescription>
      <UnitQty>לא ידוע</UnitQty>
      <Quantity>700.00</Quantity>
      <UnitOfMeasure>לא ידוע</UnitOfMeasure>
      <bIsWeighted>0</bIsWeighted>
      <QtyInPackage>לא ידוע</QtyInPackage>
      <ItemPrice>27.90</ItemPrice>
      <UnitOfMeasurePrice>0.0399</UnitOfMeasurePrice>
      <AllowDiscount>1</AllowDiscount>
      <ItemStatus>1</ItemStatus>
      <ItemId>270629</ItemId>
    </Item>
    <Item>
      <PriceUpdateDate>2024-12-09 14:17:25</PriceUpdateDate>
      <ItemCode>7290019603320</ItemCode>
      <ItemType>1</ItemType>
      <ItemName>ג'לי תות 90 גרם</ItemName>
      <ManufacturerName>לא ידוע</ManufacturerName>
      <ManufactureCountry>לא ידוע</ManufactureCountry>
      <ManufacturerItemDescription>ג'לי תות 90 גרם</ManufacturerItemDescription>
      <UnitQty>לא ידוע</UnitQty>
      <Quantity>90.00</Quantity>
      <UnitOfMeasure>לא ידוע</UnitOfMeasure>
      <bIsWeighted>0</bIsWeighted>
      <QtyInPackage>לא ידוע</QtyInPackage>
      <ItemPrice>6.90</ItemPrice>
      <UnitOfMeasurePrice>0.0767</UnitOfMeasurePrice>
      <AllowDiscount>1</AllowDiscount>
      <ItemStatus>1</ItemStatus>
      <ItemId>274056</ItemId>
    </Item>
    <Item>
      <PriceUpdateDate>2024-12-09 14:23:07</PriceUpdateDate>
      <ItemCode>7290018045312</ItemCode>
      <ItemType>1</ItemType>
      <ItemName>זוג ספוגים לניקוי סק</ItemName>
      <ManufacturerName>לא ידוע</ManufacturerName>
      <ManufactureCountry>לא ידוע</ManufactureCountry>
      <ManufacturerItemDescription>זוג ספוגים לניקוי סק</ManufacturerItemDescription>
      <UnitQty>לא ידוע</UnitQty>
      <Quantity>0.00</Quantity>
      <UnitOfMeasure>לא ידוע</UnitOfMeasure>
      <bIsWeighted>0</bIsWeighted>
      <QtyInPackage>לא ידוע</QtyInPackage>
      <ItemPrice>21.90</ItemPrice>
      <UnitOfMeasurePrice>0.0000</UnitOfMeasurePrice>
      <AllowDiscount>1</AllowDiscount>
      <ItemStatus>1</ItemStatus>
      <ItemId>264375</ItemId>
    </Item>
    <Item>
      <PriceUpdateDate>2024-12-09 14:25:32</PriceUpdateDate>
      <ItemCode>859547004329</ItemCode>
      <ItemType>1</ItemType>
      <ItemName>ספוג סקראב דדי</ItemName>
      <ManufacturerName>לא ידוע</ManufacturerName>
      <ManufactureCountry>לא ידוע</ManufactureCountry>
      <ManufacturerItemDescription>ספוג סקראב דדי</ManufacturerItemDescription>
      <UnitQty>לא ידוע</UnitQty>
      <Quantity>0.00</Quantity>
      <UnitOfMeasure>לא ידוע</UnitOfMeasure>
      <bIsWeighted>0</bIsWeighted>
      <QtyInPackage>לא ידוע</QtyInPackage>
      <ItemPrice>21.90</ItemPrice>
      <UnitOfMeasurePrice>0.0000</UnitOfMeasurePrice>
      <AllowDiscount>1</AllowDiscount>
      <ItemStatus>1</ItemStatus>
      <ItemId>264373</ItemId>
    </Item>
    <Item>
      <PriceUpdateDate>2024-12-09 15:33:00</PriceUpdateDate>
      <ItemCode>7290000518237</ItemCode>
      <ItemType>1</ItemType>
      <ItemName>סוכרה דיאט אבקה 100</ItemName>
      <ManufacturerName>לא ידוע</ManufacturerName>
      <ManufactureCountry>לא ידוע</ManufactureCountry>
      <ManufacturerItemDescription>סוכרה דיאט אבקה 100</ManufacturerItemDescription>
      <UnitQty>לא ידוע</UnitQty>
      <Quantity>200.00</Quantity>
      <UnitOfMeasure>לא ידוע</UnitOfMeasure>
      <bIsWeighted>0</bIsWeighted>
      <QtyInPackage>לא ידוע</QtyInPackage>
      <ItemPrice>24.90</ItemPrice>
      <UnitOfMeasurePrice>0.1245</UnitOfMeasurePrice>
      <AllowDiscount>1</AllowDiscount>
      <ItemStatus>1</ItemStatus>
      <ItemId>221427</ItemId>
    </Item>
    <Item>
      <PriceUpdateDate>2024-12-10 09:05:22</PriceUpdateDate>
      <ItemCode>4810168061487</ItemCode>
      <ItemType>1</ItemType>
      <ItemName>פילה דג הרינג מומלח</ItemName>
      <ManufacturerName>לא ידוע</ManufacturerName>
      <ManufactureCountry>לא ידוע</ManufactureCountry>
      <ManufacturerItemDescription>פילה דג הרינג מומלח</ManufacturerItemDescription>
      <UnitQty>לא ידוע</UnitQty>
      <Quantity>400.00</Quantity>
      <UnitOfMeasure>לא ידוע</UnitOfMeasure>
      <bIsWeighted>0</bIsWeighted>
      <QtyInPackage>לא ידוע</QtyInPackage>
      <ItemPrice>21.90</ItemPrice>
      <UnitOfMeasurePrice>0.0547</UnitOfMeasurePrice>
      <AllowDiscount>1</AllowDiscount>
      <ItemStatus>1</ItemStatus>
      <ItemId>265490</ItemId>
    </Item>
    <Item>
      <PriceUpdateDate>2024-12-10 14:19:37</PriceUpdateDate>
      <ItemCode>8410376061789</ItemCode>
      <ItemType>1</ItemType>
      <ItemName>עוגיות גולון בוקר סנ</ItemName>
      <ManufacturerName>לא ידוע</ManufacturerName>
      <ManufactureCountry>לא ידוע</ManufactureCountry>
      <ManufacturerItemDescription>עוגיות גולון בוקר סנ</ManufacturerItemDescription>
      <UnitQty>לא ידוע</UnitQty>
      <Quantity>225.00</Quantity>
      <UnitOfMeasure>לא ידוע</UnitOfMeasure>
      <bIsWeighted>0</bIsWeighted>
      <QtyInPackage>לא ידוע</QtyInPackage>
      <ItemPrice>20.90</ItemPrice>
      <UnitOfMeasurePrice>0.0929</UnitOfMeasurePrice>
      <AllowDiscount>1</AllowDiscount>
      <ItemStatus>1</ItemStatus>
      <ItemId>264147</ItemId>
    </Item>
    <Item>
      <PriceUpdateDate>2024-12-10 15:56:07</PriceUpdateDate>
      <ItemCode>7290001548561</ItemCode>
      <ItemType>1</ItemType>
      <ItemName>גזר חריף חי בלימון 2</ItemName>
      <ManufacturerName>לא ידוע</ManufacturerName>
      <ManufactureCountry>לא ידוע</ManufactureCountry>
      <ManufacturerItemDescription>גזר חריף חי בלימון 2</ManufacturerItemDescription>
      <UnitQty>לא ידוע</UnitQty>
      <Quantity>250.00</Quantity>
      <UnitOfMeasure>לא ידוע</UnitOfMeasure>
      <bIsWeighted>0</bIsWeighted>
      <QtyInPackage>לא ידוע</QtyInPackage>
      <ItemPrice>16.90</ItemPrice>
      <UnitOfMeasurePrice>0.0676</UnitOfMeasurePrice>
      <AllowDiscount>1</AllowDiscount>
      <ItemStatus>1</ItemStatus>
      <ItemId>239620</ItemId>
    </Item>
    <Item>
      <PriceUpdateDate>2024-12-10 15:56:08</PriceUpdateDate>
      <ItemCode>7290001548967</ItemCode>
      <ItemType>1</ItemType>
      <ItemName>חציל תאילנדי צ'ילי 2</ItemName>
      <ManufacturerName>לא ידוע</ManufacturerName>
      <ManufactureCountry>לא ידוע</ManufactureCountry>
      <ManufacturerItemDescription>חציל תאילנדי צ'ילי 2</ManufacturerItemDescription>
      <UnitQty>לא ידוע</UnitQty>
      <Quantity>250.00</Quantity>
      <UnitOfMeasure>לא ידוע</UnitOfMeasure>
      <bIsWeighted>0</bIsWeighted>
      <QtyInPackage>לא ידוע</QtyInPackage>
      <ItemPrice>17.90</ItemPrice>
      <UnitOfMeasurePrice>0.0716</UnitOfMeasurePrice>
      <AllowDiscount>1</AllowDiscount>
      <ItemStatus>1</ItemStatus>
      <ItemId>239597</ItemId>
    </Item>
    <Item>
      <PriceUpdateDate>2024-12-10 15:56:08</PriceUpdateDate>
      <ItemCode>7290006346834</ItemCode>
      <ItemType>1</ItemType>
      <ItemName>סלט פלפלית בלימון חר</ItemName>
      <ManufacturerName>לא ידוע</ManufacturerName>
      <ManufactureCountry>לא ידוע</ManufactureCountry>
      <ManufacturerItemDescription>סלט פלפלית בלימון חר</ManufacturerItemDescription>
      <UnitQty>לא ידוע</UnitQty>
      <Quantity>250.00</Quantity>
      <UnitOfMeasure>לא ידוע</UnitOfMeasure>
      <bIsWeighted>0</bIsWeighted>
      <QtyInPackage>לא ידוע</QtyInPackage>
      <ItemPrice>16.90</ItemPrice>
      <UnitOfMeasurePrice>0.0676</UnitOfMeasurePrice>
      <AllowDiscount>1</AllowDiscount>
      <ItemStatus>1</ItemStatus>
      <ItemId>250054</ItemId>
    </Item>
    <Item>
      <PriceUpdateDate>2024-12-11 13:27:07</PriceUpdateDate>
      <ItemCode>7290002190516</ItemCode>
      <ItemType>1</ItemType>
      <ItemName>ריבת חלב ממרח 500גר</ItemName>
      <ManufacturerName>קריות זול</ManufacturerName>
      <ManufactureCountry>לא ידוע</ManufactureCountry>
      <ManufacturerItemDescription>ריבת חלב ממרח 500גר</ManufacturerItemDescription>
      <UnitQty>לא ידוע</UnitQty>
      <Quantity>500.00</Quantity>
      <UnitOfMeasure>לא ידוע</UnitOfMeasure>
      <bIsWeighted>0</bIsWeighted>
      <QtyInPackage>לא ידוע</QtyInPackage>
      <ItemPrice>18.90</ItemPrice>
      <UnitOfMeasurePrice>0.0378</UnitOfMeasurePrice>
      <AllowDiscount>1</AllowDiscount>
      <ItemStatus>1</ItemStatus>
      <ItemId>174917</ItemId>
    </Item>
    <Item>
      <PriceUpdateDate>2024-12-11 13:27:07</PriceUpdateDate>
      <ItemCode>7290002881254</ItemCode>
      <ItemType>1</ItemType>
      <ItemName>קוקטייל טרופי 850גר</ItemName>
      <ManufacturerName>לא ידוע</ManufacturerName>
      <ManufactureCountry>לא ידוע</ManufactureCountry>
      <ManufacturerItemDescription>קוקטייל טרופי 850גר</ManufacturerItemDescription>
      <UnitQty>לא ידוע</UnitQty>
      <Quantity>850.00</Quantity>
      <UnitOfMeasure>לא ידוע</UnitOfMeasure>
      <bIsWeighted>0</bIsWeighted>
      <QtyInPackage>לא ידוע</QtyInPackage>
      <ItemPrice>14.90</ItemPrice>
      <UnitOfMeasurePrice>0.0175</UnitOfMeasurePrice>
      <AllowDiscount>1</AllowDiscount>
      <ItemStatus>1</ItemStatus>
      <ItemId>174985</ItemId>
    </Item>
    <Item>
      <PriceUpdateDate>2024-12-11 13:27:16</PriceUpdateDate>
      <ItemCode>7290000245287</ItemCode>
      <ItemType>1</ItemType>
      <ItemName>פרסיל קולור שקית אבק</ItemName>
      <ManufacturerName>קריות זול</ManufacturerName>
      <ManufactureCountry>לא ידוע</ManufactureCountry>
      <ManufacturerItemDescription>פרסיל קולור שקית אבק</ManufacturerItemDescription>
      <UnitQty>קילוגרמים</UnitQty>
      <Quantity>1.25</Quantity>
      <UnitOfMeasure>ק"ג     </UnitOfMeasure>
      <bIsWeighted>0</bIsWeighted>
      <QtyInPackage>לא ידוע</QtyInPackage>
      <ItemPrice>18.90</ItemPrice>
      <UnitOfMeasurePrice>15.1200</UnitOfMeasurePrice>
      <AllowDiscount>1</AllowDiscount>
      <ItemStatus>1</ItemStatus>
      <ItemId>210884</ItemId>
    </Item>
    <Item>
      <PriceUpdateDate>2024-12-11 13:27:22</PriceUpdateDate>
      <ItemCode>76106071</ItemCode>
      <ItemType>1</ItemType>
      <ItemName>מיץ לימון משומר 200מ</ItemName>
      <ManufacturerName>קריות זול</ManufacturerName>
      <ManufactureCountry>לא ידוע</ManufactureCountry>
      <ManufacturerItemDescription>מיץ לימון משומר 200מ</ManufacturerItemDescription>
      <UnitQty>לא ידוע</UnitQty>
      <Quantity>200.00</Quantity>
      <UnitOfMeasure>לא ידוע</UnitOfMeasure>
      <bIsWeighted>0</bIsWeighted>
      <QtyInPackage>לא ידוע</QtyInPackage>
      <ItemPrice>11.90</ItemPrice>
      <UnitOfMeasurePrice>0.0595</UnitOfMeasurePrice>
      <AllowDiscount>1</AllowDiscount>
      <ItemStatus>1</ItemStatus>
      <ItemId>234882</ItemId>
    </Item>
    <Item>
      <PriceUpdateDate>2024-12-11 13:27:27</PriceUpdateDate>
      <ItemCode>7290004532390</ItemCode>
      <ItemType>1</ItemType>
      <ItemName>אגוזי מלך בשקית 200ג</ItemName>
      <ManufacturerName>לא ידוע</ManufacturerName>
      <ManufactureCountry>לא ידוע</ManufactureCountry>
      <ManufacturerItemDescription>אגוזי מלך בשקית 200ג</ManufacturerItemDescription>
      <UnitQty>לא ידוע</UnitQty>
      <Quantity>200.00</Quantity>
      <UnitOfMeasure>לא ידוע</UnitOfMeasure>
      <bIsWeighted>0</bIsWeighted>
      <QtyInPackage>לא ידוע</QtyInPackage>
      <ItemPrice>20.90</ItemPrice>
      <UnitOfMeasurePrice>0.1045</UnitOfMeasurePrice>
      <AllowDiscount>1</AllowDiscount>
      <ItemStatus>1</ItemStatus>
      <ItemId>211941</ItemId>
    </Item>
    <Item>
      <PriceUpdateDate>2024-12-11 13:27:27</PriceUpdateDate>
      <ItemCode>7290004532444</ItemCode>
      <ItemType>1</ItemType>
      <ItemName>שקד טבעי 200גרם</ItemName>
      <ManufacturerName>לא ידוע</ManufacturerName>
      <ManufactureCountry>לא ידוע</ManufactureCountry>
      <ManufacturerItemDescription>שקד טבעי 200גרם</ManufacturerItemDescription>
      <UnitQty>לא ידוע</UnitQty>
      <Quantity>200.00</Quantity>
      <UnitOfMeasure>לא ידוע</UnitOfMeasure>
      <bIsWeighted>0</bIsWeighted>
      <QtyInPackage>לא ידוע</QtyInPackage>
      <ItemPrice>22.90</ItemPrice>
      <UnitOfMeasurePrice>0.1145</UnitOfMeasurePrice>
      <AllowDiscount>1</AllowDiscount>
      <ItemStatus>1</ItemStatus>
      <ItemId>211944</ItemId>
    </Item>
    <Item>
      <PriceUpdateDate>2024-12-11 14:35:02</PriceUpdateDate>
      <ItemCode>4009300014560</ItemCode>
      <ItemType>1</ItemType>
      <ItemName>פומפדור חליטת חורף ס</ItemName>
      <ManufacturerName>לא ידוע</ManufacturerName>
      <ManufactureCountry>לא ידוע</ManufactureCountry>
      <ManufacturerItemDescription>פומפדור חליטת חורף ס</ManufacturerItemDescription>
      <UnitQty>לא ידוע</UnitQty>
      <Quantity>0.00</Quantity>
      <UnitOfMeasure>לא ידוע</UnitOfMeasure>
      <bIsWeighted>0</bIsWeighted>
      <QtyInPackage>לא ידוע</QtyInPackage>
      <ItemPrice>16.90</ItemPrice>
      <UnitOfMeasurePrice>0.0000</UnitOfMeasurePrice>
      <AllowDiscount>1</AllowDiscount>
      <ItemStatus>1</ItemStatus>
      <ItemId>274132</ItemId>
    </Item>
    <Item>
      <PriceUpdateDate>2024-12-13 10:11:42</PriceUpdateDate>
      <ItemCode>7290011254728</ItemCode>
      <ItemType>1</ItemType>
      <ItemName>גלטין טהור מיה 25 גר</ItemName>
      <ManufacturerName>לא ידוע</ManufacturerName>
      <ManufactureCountry>לא ידוע</ManufactureCountry>
      <ManufacturerItemDescription>גלטין טהור מיה 25 גר</ManufacturerItemDescription>
      <UnitQty>לא ידוע</UnitQty>
      <Quantity>25.00</Quantity>
      <UnitOfMeasure>לא ידוע</UnitOfMeasure>
      <bIsWeighted>0</bIsWeighted>
      <QtyInPackage>לא ידוע</QtyInPackage>
      <ItemPrice>13.90</ItemPrice>
      <UnitOfMeasurePrice>0.5560</UnitOfMeasurePrice>
      <AllowDiscount>1</AllowDiscount>
      <ItemStatus>1</ItemStatus>
      <ItemId>202867</ItemId>
    </Item>
    <Item>
      <PriceUpdateDate>2024-12-13 13:23:46</PriceUpdateDate>
      <ItemCode>7290112197139</ItemCode>
      <ItemType>1</ItemType>
      <ItemName>סבון ידיים תה אדום 5</ItemName>
      <ManufacturerName>לא ידוע</ManufacturerName>
      <ManufactureCountry>לא ידוע</ManufactureCountry>
      <ManufacturerItemDescription>סבון ידיים תה אדום 5</ManufacturerItemDescription>
      <UnitQty>לא ידוע</UnitQty>
      <Quantity>500.00</Quantity>
      <UnitOfMeasure>לא ידוע</UnitOfMeasure>
      <bIsWeighted>0</bIsWeighted>
      <QtyInPackage>לא ידוע</QtyInPackage>
      <ItemPrice>11.90</ItemPrice>
      <UnitOfMeasurePrice>0.0238</UnitOfMeasurePrice>
      <AllowDiscount>1</AllowDiscount>
      <ItemStatus>1</ItemStatus>
      <ItemId>271286</ItemId>
    </Item>
    <Item>
      <PriceUpdateDate>2024-12-13 13:23:50</PriceUpdateDate>
      <ItemCode>7290014325050</ItemCode>
      <ItemType>1</ItemType>
      <ItemName>קורנפלור 500 גרם</ItemName>
      <ManufacturerName>לא ידוע</ManufacturerName>
      <ManufactureCountry>לא ידוע</ManufactureCountry>
      <ManufacturerItemDescription>קורנפלור 500 גרם</ManufacturerItemDescription>
      <UnitQty>לא ידוע</UnitQty>
      <Quantity>500.00</Quantity>
      <UnitOfMeasure>לא ידוע</UnitOfMeasure>
      <bIsWeighted>0</bIsWeighted>
      <QtyInPackage>לא ידוע</QtyInPackage>
      <ItemPrice>10.90</ItemPrice>
      <UnitOfMeasurePrice>0.0218</UnitOfMeasurePrice>
      <AllowDiscount>1</AllowDiscount>
      <ItemStatus>1</ItemStatus>
      <ItemId>202889</ItemId>
    </Item>
    <Item>
      <PriceUpdateDate>2024-12-13 13:23:52</PriceUpdateDate>
      <ItemCode>7290010513703</ItemCode>
      <ItemType>1</ItemType>
      <ItemName>מקלות צ'ופסטיקס 20יח</ItemName>
      <ManufacturerName>לא ידוע</ManufacturerName>
      <ManufactureCountry>לא ידוע</ManufactureCountry>
      <ManufacturerItemDescription>מקלות צ'ופסטיקס 20יח</ManufacturerItemDescription>
      <UnitQty>יחידה   </UnitQty>
      <Quantity>0.00</Quantity>
      <UnitOfMeasure>יחידה   </UnitOfMeasure>
      <bIsWeighted>0</bIsWeighted>
      <QtyInPackage>לא ידוע</QtyInPackage>
      <ItemPrice>10.90</ItemPrice>
      <UnitOfMeasurePrice>0.0000</UnitOfMeasurePrice>
      <AllowDiscount>1</AllowDiscount>
      <ItemStatus>1</ItemStatus>
      <ItemId>205413</ItemId>
    </Item>
    <Item>
      <PriceUpdateDate>2024-12-16 06:55:37</PriceUpdateDate>
      <ItemCode>7290010849505</ItemCode>
      <ItemType>1</ItemType>
      <ItemName>למברוסקו די לואיג'י</ItemName>
      <ManufacturerName>לא ידוע</ManufacturerName>
      <ManufactureCountry>לא ידוע</ManufactureCountry>
      <ManufacturerItemDescription>למברוסקו די לואיג'י</ManufacturerItemDescription>
      <UnitQty>לא ידוע</UnitQty>
      <Quantity>750.00</Quantity>
      <UnitOfMeasure>לא ידוע</UnitOfMeasure>
      <bIsWeighted>0</bIsWeighted>
      <QtyInPackage>לא ידוע</QtyInPackage>
      <ItemPrice>32.50</ItemPrice>
      <UnitOfMeasurePrice>0.0433</UnitOfMeasurePrice>
      <AllowDiscount>1</AllowDiscount>
      <ItemStatus>1</ItemStatus>
      <ItemId>192736</ItemId>
    </Item>
    <Item>
      <PriceUpdateDate>2024-12-16 10:58:35</PriceUpdateDate>
      <ItemCode>7290016580440</ItemCode>
      <ItemType>1</ItemType>
      <ItemName>תבניות עגולות גדולות</ItemName>
      <ManufacturerName>לא ידוע</ManufacturerName>
      <ManufactureCountry>לא ידוע</ManufactureCountry>
      <ManufacturerItemDescription>תבניות עגולות גדולות</ManufacturerItemDescription>
      <UnitQty>יחידה   </UnitQty>
      <Quantity>0.00</Quantity>
      <UnitOfMeasure>יחידה   </UnitOfMeasure>
      <bIsWeighted>0</bIsWeighted>
      <QtyInPackage>לא ידוע</QtyInPackage>
      <ItemPrice>12.90</ItemPrice>
      <UnitOfMeasurePrice>0.0000</UnitOfMeasurePrice>
      <AllowDiscount>1</AllowDiscount>
      <ItemStatus>1</ItemStatus>
      <ItemId>226993</ItemId>
    </Item>
    <Item>
      <PriceUpdateDate>2024-12-16 14:03:38</PriceUpdateDate>
      <ItemCode>7290013144157</ItemCode>
      <ItemType>1</ItemType>
      <ItemName>סחלב 130גר</ItemName>
      <ManufacturerName>לא ידוע</ManufacturerName>
      <ManufactureCountry>לא ידוע</ManufactureCountry>
      <ManufacturerItemDescription>סחלב 130גר</ManufacturerItemDescription>
      <UnitQty>יחידה   </UnitQty>
      <Quantity>0.00</Quantity>
      <UnitOfMeasure>יחידה   </UnitOfMeasure>
      <bIsWeighted>0</bIsWeighted>
      <QtyInPackage>לא ידוע</QtyInPackage>
      <ItemPrice>13.90</ItemPrice>
      <UnitOfMeasurePrice>0.0000</UnitOfMeasurePrice>
      <AllowDiscount>1</AllowDiscount>
      <ItemStatus>1</ItemStatus>
      <ItemId>216387</ItemId>
    </Item>
    <Item>
      <PriceUpdateDate>2024-12-16 16:02:35</PriceUpdateDate>
      <ItemCode>7290018571088</ItemCode>
      <ItemType>1</ItemType>
      <ItemName>טופי חמוצמוץ מיה 600</ItemName>
      <ManufacturerName>לא ידוע</ManufacturerName>
      <ManufactureCountry>לא ידוע</ManufactureCountry>
      <ManufacturerItemDescription>טופי חמוצמוץ מיה 600</ManufacturerItemDescription>
      <UnitQty>לא ידוע</UnitQty>
      <Quantity>600.00</Quantity>
      <UnitOfMeasure>לא ידוע</UnitOfMeasure>
      <bIsWeighted>0</bIsWeighted>
      <QtyInPackage>לא ידוע</QtyInPackage>
      <ItemPrice>21.90</ItemPrice>
      <UnitOfMeasurePrice>0.0365</UnitOfMeasurePrice>
      <AllowDiscount>1</AllowDiscount>
      <ItemStatus>1</ItemStatus>
      <ItemId>274034</ItemId>
    </Item>
    <Item>
      <PriceUpdateDate>2024-12-16 16:02:38</PriceUpdateDate>
      <ItemCode>7290001670736</ItemCode>
      <ItemType>1</ItemType>
      <ItemName>כפפות ניילון שקוף הנ</ItemName>
      <ManufacturerName>קריות זול</ManufacturerName>
      <ManufactureCountry>לא ידוע</ManufactureCountry>
      <ManufacturerItemDescription>כפפות ניילון שקוף הנ</ManufacturerItemDescription>
      <UnitQty>יחידה   </UnitQty>
      <Quantity>0.00</Quantity>
      <UnitOfMeasure>יחידה   </UnitOfMeasure>
      <bIsWeighted>0</bIsWeighted>
      <QtyInPackage>לא ידוע</QtyInPackage>
      <ItemPrice>9.90</ItemPrice>
      <UnitOfMeasurePrice>0.0000</UnitOfMeasurePrice>
      <AllowDiscount>1</AllowDiscount>
      <ItemStatus>1</ItemStatus>
      <ItemId>191524</ItemId>
    </Item>
    <Item>
      <PriceUpdateDate>2024-12-16 16:02:38</PriceUpdateDate>
      <ItemCode>7290002007852</ItemCode>
      <ItemType>1</ItemType>
      <ItemName>תמצית וניל 55 מל</ItemName>
      <ManufacturerName>קריות זול</ManufacturerName>
      <ManufactureCountry>לא ידוע</ManufactureCountry>
      <ManufacturerItemDescription>תמצית וניל 55 מל</ManufacturerItemDescription>
      <UnitQty>לא ידוע</UnitQty>
      <Quantity>55.00</Quantity>
      <UnitOfMeasure>לא ידוע</UnitOfMeasure>
      <bIsWeighted>0</bIsWeighted>
      <QtyInPackage>לא ידוע</QtyInPackage>
      <ItemPrice>6.90</ItemPrice>
      <UnitOfMeasurePrice>0.1255</UnitOfMeasurePrice>
      <AllowDiscount>1</AllowDiscount>
      <ItemStatus>1</ItemStatus>
      <ItemId>191566</ItemId>
    </Item>
    <Item>
      <PriceUpdateDate>2024-12-16 16:02:46</PriceUpdateDate>
      <ItemCode>835811006053</ItemCode>
      <ItemType>1</ItemType>
      <ItemName>קורנפלור 200 גרם</ItemName>
      <ManufacturerName>לא ידוע</ManufacturerName>
      <ManufactureCountry>לא ידוע</ManufactureCountry>
      <ManufacturerItemDescription>קורנפלור 200 גרם</ManufacturerItemDescription>
      <UnitQty>לא ידוע</UnitQty>
      <Quantity>200.00</Quantity>
      <UnitOfMeasure>לא ידוע</UnitOfMeasure>
      <bIsWeighted>0</bIsWeighted>
      <QtyInPackage>לא ידוע</QtyInPackage>
      <ItemPrice>6.90</ItemPrice>
      <UnitOfMeasurePrice>0.0345</UnitOfMeasurePrice>
      <AllowDiscount>1</AllowDiscount>
      <ItemStatus>1</ItemStatus>
      <ItemId>269583</ItemId>
    </Item>
    <Item>
      <PriceUpdateDate>2024-12-17 18:29:58</PriceUpdateDate>
      <ItemCode>7297488199590</ItemCode>
      <ItemType>1</ItemType>
      <ItemName>פצפוצי אורז 450 גרם</ItemName>
      <ManufacturerName>לא ידוע</ManufacturerName>
      <ManufactureCountry>לא ידוע</ManufactureCountry>
      <ManufacturerItemDescription>פצפוצי אורז 450 גרם</ManufacturerItemDescription>
      <UnitQty>יחידה   </UnitQty>
      <Quantity>0.00</Quantity>
      <UnitOfMeasure>יחידה   </UnitOfMeasure>
      <bIsWeighted>0</bIsWeighted>
      <QtyInPackage>לא ידוע</QtyInPackage>
      <ItemPrice>24.90</ItemPrice>
      <UnitOfMeasurePrice>0.0000</UnitOfMeasurePrice>
      <AllowDiscount>1</AllowDiscount>
      <ItemStatus>1</ItemStatus>
      <ItemId>271772</ItemId>
    </Item>
    <Item>
      <PriceUpdateDate>2024-12-17 18:37:20</PriceUpdateDate>
      <ItemCode>4601576004094</ItemCode>
      <ItemType>1</ItemType>
      <ItemName>רוטב תיבול פרובנסל ק</ItemName>
      <ManufacturerName>לא ידוע</ManufacturerName>
      <ManufactureCountry>לא ידוע</ManufactureCountry>
      <ManufacturerItemDescription>רוטב תיבול פרובנסל ק</ManufacturerItemDescription>
      <UnitQty>לא ידוע</UnitQty>
      <Quantity>480.00</Quantity>
      <UnitOfMeasure>לא ידוע</UnitOfMeasure>
      <bIsWeighted>0</bIsWeighted>
      <QtyInPackage>לא ידוע</QtyInPackage>
      <ItemPrice>16.90</ItemPrice>
      <UnitOfMeasurePrice>0.0352</UnitOfMeasurePrice>
      <AllowDiscount>1</AllowDiscount>
      <ItemStatus>1</ItemStatus>
      <ItemId>270301</ItemId>
    </Item>
    <Item>
      <PriceUpdateDate>2024-12-18 15:43:45</PriceUpdateDate>
      <ItemCode>4009900540551</ItemCode>
      <ItemType>1</ItemType>
      <ItemName>אורביט רפרשרס טרופיק</ItemName>
      <ManufacturerName>לא ידוע</ManufacturerName>
      <ManufactureCountry>לא ידוע</ManufactureCountry>
      <ManufacturerItemDescription>אורביט רפרשרס טרופיק</ManufacturerItemDescription>
      <UnitQty>לא ידוע</UnitQty>
      <Quantity>67.00</Quantity>
      <UnitOfMeasure>לא ידוע</UnitOfMeasure>
      <bIsWeighted>0</bIsWeighted>
      <QtyInPackage>לא ידוע</QtyInPackage>
      <ItemPrice>15.90</ItemPrice>
      <UnitOfMeasurePrice>0.2373</UnitOfMeasurePrice>
      <AllowDiscount>1</AllowDiscount>
      <ItemStatus>1</ItemStatus>
      <ItemId>261826</ItemId>
    </Item>
    <Item>
      <PriceUpdateDate>2024-12-19 11:41:54</PriceUpdateDate>
      <ItemCode>7290000208220</ItemCode>
      <ItemType>1</ItemType>
      <ItemName>שעועית צ'ילי יכין 56</ItemName>
      <ManufacturerName>קריות זול</ManufacturerName>
      <ManufactureCountry>לא ידוע</ManufactureCountry>
      <ManufacturerItemDescription>שעועית צ'ילי יכין 56</ManufacturerItemDescription>
      <UnitQty>לא ידוע</UnitQty>
      <Quantity>550.00</Quantity>
      <UnitOfMeasure>לא ידוע</UnitOfMeasure>
      <bIsWeighted>0</bIsWeighted>
      <QtyInPackage>לא ידוע</QtyInPackage>
      <ItemPrice>12.90</ItemPrice>
      <UnitOfMeasurePrice>0.0235</UnitOfMeasurePrice>
      <AllowDiscount>1</AllowDiscount>
      <ItemStatus>1</ItemStatus>
      <ItemId>174276</ItemId>
    </Item>
    <Item>
      <PriceUpdateDate>2024-12-19 11:41:54</PriceUpdateDate>
      <ItemCode>7290000208343</ItemCode>
      <ItemType>1</ItemType>
      <ItemName>עגבניות מרוסקות שום</ItemName>
      <ManufacturerName>לא ידוע</ManufacturerName>
      <ManufactureCountry>לא ידוע</ManufactureCountry>
      <ManufacturerItemDescription>עגבניות מרוסקות שום</ManufacturerItemDescription>
      <UnitQty>לא ידוע</UnitQty>
      <Quantity>800.00</Quantity>
      <UnitOfMeasure>לא ידוע</UnitOfMeasure>
      <bIsWeighted>0</bIsWeighted>
      <QtyInPackage>לא ידוע</QtyInPackage>
      <ItemPrice>12.90</ItemPrice>
      <UnitOfMeasurePrice>0.0161</UnitOfMeasurePrice>
      <AllowDiscount>1</AllowDiscount>
      <ItemStatus>1</ItemStatus>
      <ItemId>174286</ItemId>
    </Item>
    <Item>
      <PriceUpdateDate>2024-12-19 11:41:55</PriceUpdateDate>
      <ItemCode>7290000209951</ItemCode>
      <ItemType>1</ItemType>
      <ItemName>רוטב פיצה יכין 240 ג</ItemName>
      <ManufacturerName>לא ידוע</ManufacturerName>
      <ManufactureCountry>לא ידוע</ManufactureCountry>
      <ManufacturerItemDescription>רוטב פיצה יכין 240 ג</ManufacturerItemDescription>
      <UnitQty>לא ידוע</UnitQty>
      <Quantity>240.00</Quantity>
      <UnitOfMeasure>לא ידוע</UnitOfMeasure>
      <bIsWeighted>0</bIsWeighted>
      <QtyInPackage>לא ידוע</QtyInPackage>
      <ItemPrice>7.90</ItemPrice>
      <UnitOfMeasurePrice>0.0329</UnitOfMeasurePrice>
      <AllowDiscount>1</AllowDiscount>
      <ItemStatus>1</ItemStatus>
      <ItemId>174347</ItemId>
    </Item>
    <Item>
      <PriceUpdateDate>2024-12-19 11:41:57</PriceUpdateDate>
      <ItemCode>7290018989005</ItemCode>
      <ItemType>1</ItemType>
      <ItemName>פולפה טבעית 400*3 גר</ItemName>
      <ManufacturerName>לא ידוע</ManufacturerName>
      <ManufactureCountry>לא ידוע</ManufactureCountry>
      <ManufacturerItemDescription>פולפה טבעית 400*3 גר</ManufacturerItemDescription>
      <UnitQty>לא ידוע</UnitQty>
      <Quantity>1200.00</Quantity>
      <UnitOfMeasure>לא ידוע</UnitOfMeasure>
      <bIsWeighted>0</bIsWeighted>
      <QtyInPackage>לא ידוע</QtyInPackage>
      <ItemPrice>19.90</ItemPrice>
      <UnitOfMeasurePrice>0.0166</UnitOfMeasurePrice>
      <AllowDiscount>1</AllowDiscount>
      <ItemStatus>1</ItemStatus>
      <ItemId>262714</ItemId>
    </Item>
    <Item>
      <PriceUpdateDate>2024-12-22 14:53:57</PriceUpdateDate>
      <ItemCode>7290002517375</ItemCode>
      <ItemType>1</ItemType>
      <ItemName>בזיליקום עלים 30גר</ItemName>
      <ManufacturerName>לא ידוע</ManufacturerName>
      <ManufactureCountry>לא ידוע</ManufactureCountry>
      <ManufacturerItemDescription>בזיליקום עלים 30גר</ManufacturerItemDescription>
      <UnitQty>לא ידוע</UnitQty>
      <Quantity>30.00</Quantity>
      <UnitOfMeasure>לא ידוע</UnitOfMeasure>
      <bIsWeighted>0</bIsWeighted>
      <QtyInPackage>לא ידוע</QtyInPackage>
      <ItemPrice>9.50</ItemPrice>
      <UnitOfMeasurePrice>0.3167</UnitOfMeasurePrice>
      <AllowDiscount>1</AllowDiscount>
      <ItemStatus>1</ItemStatus>
      <ItemId>198526</ItemId>
    </Item>
    <Item>
      <PriceUpdateDate>2024-12-22 14:53:59</PriceUpdateDate>
      <ItemCode>7290015324168</ItemCode>
      <ItemType>1</ItemType>
      <ItemName>על האש ללא מונוסודיו</ItemName>
      <ManufacturerName>לא ידוע</ManufacturerName>
      <ManufactureCountry>לא ידוע</ManufactureCountry>
      <ManufacturerItemDescription>על האש ללא מונוסודיו</ManufacturerItemDescription>
      <UnitQty>לא ידוע</UnitQty>
      <Quantity>80.00</Quantity>
      <UnitOfMeasure>לא ידוע</UnitOfMeasure>
      <bIsWeighted>0</bIsWeighted>
      <QtyInPackage>לא ידוע</QtyInPackage>
      <ItemPrice>9.50</ItemPrice>
      <UnitOfMeasurePrice>0.1188</UnitOfMeasurePrice>
      <AllowDiscount>1</AllowDiscount>
      <ItemStatus>1</ItemStatus>
      <ItemId>198628</ItemId>
    </Item>
    <Item>
      <PriceUpdateDate>2024-12-22 15:20:17</PriceUpdateDate>
      <ItemCode>7290017079189</ItemCode>
      <ItemType>1</ItemType>
      <ItemName>אננס חתיכות דק במיץ</ItemName>
      <ManufacturerName>לא ידוע</ManufacturerName>
      <ManufactureCountry>לא ידוע</ManufactureCountry>
      <ManufacturerItemDescription>אננס חתיכות דק במיץ</ManufacturerItemDescription>
      <UnitQty>לא ידוע</UnitQty>
      <Quantity>825.00</Quantity>
      <UnitOfMeasure>לא ידוע</UnitOfMeasure>
      <bIsWeighted>0</bIsWeighted>
      <QtyInPackage>לא ידוע</QtyInPackage>
      <ItemPrice>14.90</ItemPrice>
      <UnitOfMeasurePrice>0.0181</UnitOfMeasurePrice>
      <AllowDiscount>1</AllowDiscount>
      <ItemStatus>1</ItemStatus>
      <ItemId>226675</ItemId>
    </Item>
    <Item>
      <PriceUpdateDate>2024-12-22 15:20:17</PriceUpdateDate>
      <ItemCode>7290018195048</ItemCode>
      <ItemType>1</ItemType>
      <ItemName>חתיכות אננס בסירופ ק</ItemName>
      <ManufacturerName>לא ידוע</ManufacturerName>
      <ManufactureCountry>לא ידוע</ManufactureCountry>
      <ManufacturerItemDescription>חתיכות אננס בסירופ ק</ManufacturerItemDescription>
      <UnitQty>לא ידוע</UnitQty>
      <Quantity>850.00</Quantity>
      <UnitOfMeasure>לא ידוע</UnitOfMeasure>
      <bIsWeighted>0</bIsWeighted>
      <QtyInPackage>לא ידוע</QtyInPackage>
      <ItemPrice>13.90</ItemPrice>
      <UnitOfMeasurePrice>0.0164</UnitOfMeasurePrice>
      <AllowDiscount>1</AllowDiscount>
      <ItemStatus>1</ItemStatus>
      <ItemId>272287</ItemId>
    </Item>
    <Item>
      <PriceUpdateDate>2024-12-22 16:13:28</PriceUpdateDate>
      <ItemCode>7290103702236</ItemCode>
      <ItemType>1</ItemType>
      <ItemName>טאצ מפות עבות במיוחד</ItemName>
      <ManufacturerName>לא ידוע</ManufacturerName>
      <ManufactureCountry>לא ידוע</ManufactureCountry>
      <ManufacturerItemDescription>טאצ מפות עבות במיוחד</ManufacturerItemDescription>
      <UnitQty>לא ידוע</UnitQty>
      <Quantity>6.00</Quantity>
      <UnitOfMeasure>לא ידוע</UnitOfMeasure>
      <bIsWeighted>0</bIsWeighted>
      <QtyInPackage>לא ידוע</QtyInPackage>
      <ItemPrice>9.90</ItemPrice>
      <UnitOfMeasurePrice>1.6500</UnitOfMeasurePrice>
      <AllowDiscount>1</AllowDiscount>
      <ItemStatus>1</ItemStatus>
      <ItemId>202559</ItemId>
    </Item>
    <Item>
      <PriceUpdateDate>2024-12-22 16:13:28</PriceUpdateDate>
      <ItemCode>7290103702489</ItemCode>
      <ItemType>1</ItemType>
      <ItemName>טאצ נייר טואלט חתוך</ItemName>
      <ManufacturerName>לא ידוע</ManufacturerName>
      <ManufactureCountry>לא ידוע</ManufactureCountry>
      <ManufacturerItemDescription>טאצ נייר טואלט חתוך</ManufacturerItemDescription>
      <UnitQty>יחידה   </UnitQty>
      <Quantity>0.00</Quantity>
      <UnitOfMeasure>יחידה   </UnitOfMeasure>
      <bIsWeighted>0</bIsWeighted>
      <QtyInPackage>לא ידוע</QtyInPackage>
      <ItemPrice>18.90</ItemPrice>
      <UnitOfMeasurePrice>0.0000</UnitOfMeasurePrice>
      <AllowDiscount>1</AllowDiscount>
      <ItemStatus>1</ItemStatus>
      <ItemId>202564</ItemId>
    </Item>
    <Item>
      <PriceUpdateDate>2024-12-23 09:23:13</PriceUpdateDate>
      <ItemCode>7290017440309</ItemCode>
      <ItemType>1</ItemType>
      <ItemName>שמפו קידס פישר 750 מ</ItemName>
      <ManufacturerName>לא ידוע</ManufacturerName>
      <ManufactureCountry>לא ידוע</ManufactureCountry>
      <ManufacturerItemDescription>שמפו קידס פישר 750 מ</ManufacturerItemDescription>
      <UnitQty>לא ידוע</UnitQty>
      <Quantity>750.00</Quantity>
      <UnitOfMeasure>לא ידוע</UnitOfMeasure>
      <bIsWeighted>0</bIsWeighted>
      <QtyInPackage>לא ידוע</QtyInPackage>
      <ItemPrice>19.90</ItemPrice>
      <UnitOfMeasurePrice>0.0265</UnitOfMeasurePrice>
      <AllowDiscount>1</AllowDiscount>
      <ItemStatus>1</ItemStatus>
      <ItemId>234254</ItemId>
    </Item>
    <Item>
      <PriceUpdateDate>2024-12-23 11:35:15</PriceUpdateDate>
      <ItemCode>5907205007597</ItemCode>
      <ItemType>1</ItemType>
      <ItemName>סאוור מדנס סוכריות ח</ItemName>
      <ManufacturerName>לא ידוע</ManufacturerName>
      <ManufactureCountry>לא ידוע</ManufactureCountry>
      <ManufacturerItemDescription>סאוור מדנס סוכריות ח</ManufacturerItemDescription>
      <UnitQty>לא ידוע</UnitQty>
      <Quantity>60.00</Quantity>
      <UnitOfMeasure>לא ידוע</UnitOfMeasure>
      <bIsWeighted>0</bIsWeighted>
      <QtyInPackage>לא ידוע</QtyInPackage>
      <ItemPrice>12.90</ItemPrice>
      <UnitOfMeasurePrice>0.2150</UnitOfMeasurePrice>
      <AllowDiscount>1</AllowDiscount>
      <ItemStatus>1</ItemStatus>
      <ItemId>274372</ItemId>
    </Item>
    <Item>
      <PriceUpdateDate>2024-12-23 16:00:56</PriceUpdateDate>
      <ItemCode>7290017197036</ItemCode>
      <ItemType>1</ItemType>
      <ItemName>אל סבון מלון פפאיה כ</ItemName>
      <ManufacturerName>לא ידוע</ManufacturerName>
      <ManufactureCountry>לא ידוע</ManufactureCountry>
      <ManufacturerItemDescription>אל סבון מלון פפאיה כ</ManufacturerItemDescription>
      <UnitQty>ליטרים</UnitQty>
      <Quantity>1.00</Quantity>
      <UnitOfMeasure>ליטר    </UnitOfMeasure>
      <bIsWeighted>0</bIsWeighted>
      <QtyInPackage>לא ידוע</QtyInPackage>
      <ItemPrice>12.90</ItemPrice>
      <UnitOfMeasurePrice>12.9000</UnitOfMeasurePrice>
      <AllowDiscount>1</AllowDiscount>
      <ItemStatus>1</ItemStatus>
      <ItemId>228108</ItemId>
    </Item>
    <Item>
      <PriceUpdateDate>2024-12-23 16:04:34</PriceUpdateDate>
      <ItemCode>7290017088815</ItemCode>
      <ItemType>1</ItemType>
      <ItemName>תחבושות בריז נורמל 1</ItemName>
      <ManufacturerName>לא ידוע</ManufacturerName>
      <ManufactureCountry>לא ידוע</ManufactureCountry>
      <ManufacturerItemDescription>תחבושות בריז נורמל 1</ManufacturerItemDescription>
      <UnitQty>יחידה   </UnitQty>
      <Quantity>0.00</Quantity>
      <UnitOfMeasure>יחידה   </UnitOfMeasure>
      <bIsWeighted>0</bIsWeighted>
      <QtyInPackage>לא ידוע</QtyInPackage>
      <ItemPrice>21.90</ItemPrice>
      <UnitOfMeasurePrice>0.0000</UnitOfMeasurePrice>
      <AllowDiscount>1</AllowDiscount>
      <ItemStatus>1</ItemStatus>
      <ItemId>259446</ItemId>
    </Item>
    <Item>
      <PriceUpdateDate>2024-12-23 19:14:41</PriceUpdateDate>
      <ItemCode>7290003026029</ItemCode>
      <ItemType>1</ItemType>
      <ItemName>קמיל בלו סנסטיב שמפו</ItemName>
      <ManufacturerName>לא ידוע</ManufacturerName>
      <ManufactureCountry>לא ידוע</ManufactureCountry>
      <ManufacturerItemDescription>קמיל בלו סנסטיב שמפו</ManufacturerItemDescription>
      <UnitQty>לא ידוע</UnitQty>
      <Quantity>500.00</Quantity>
      <UnitOfMeasure>לא ידוע</UnitOfMeasure>
      <bIsWeighted>0</bIsWeighted>
      <QtyInPackage>לא ידוע</QtyInPackage>
      <ItemPrice>24.90</ItemPrice>
      <UnitOfMeasurePrice>0.0498</UnitOfMeasurePrice>
      <AllowDiscount>1</AllowDiscount>
      <ItemStatus>1</ItemStatus>
      <ItemId>204323</ItemId>
    </Item>
    <Item>
      <PriceUpdateDate>2024-12-23 19:14:42</PriceUpdateDate>
      <ItemCode>7290010748884</ItemCode>
      <ItemType>1</ItemType>
      <ItemName>קרם גוף אפקטיב אינטנ</ItemName>
      <ManufacturerName>לא ידוע</ManufacturerName>
      <ManufactureCountry>לא ידוע</ManufactureCountry>
      <ManufacturerItemDescription>קרם גוף אפקטיב אינטנ</ManufacturerItemDescription>
      <UnitQty>לא ידוע</UnitQty>
      <Quantity>700.00</Quantity>
      <UnitOfMeasure>לא ידוע</UnitOfMeasure>
      <bIsWeighted>0</bIsWeighted>
      <QtyInPackage>לא ידוע</QtyInPackage>
      <ItemPrice>39.90</ItemPrice>
      <UnitOfMeasurePrice>0.0570</UnitOfMeasurePrice>
      <AllowDiscount>1</AllowDiscount>
      <ItemStatus>1</ItemStatus>
      <ItemId>233285</ItemId>
    </Item>
    <Item>
      <PriceUpdateDate>2024-12-23 19:14:43</PriceUpdateDate>
      <ItemCode>7290017440286</ItemCode>
      <ItemType>1</ItemType>
      <ItemName>מרכך שיער קידס פישר</ItemName>
      <ManufacturerName>לא ידוע</ManufacturerName>
      <ManufactureCountry>לא ידוע</ManufactureCountry>
      <ManufacturerItemDescription>מרכך שיער קידס פישר</ManufacturerItemDescription>
      <UnitQty>לא ידוע</UnitQty>
      <Quantity>750.00</Quantity>
      <UnitOfMeasure>לא ידוע</UnitOfMeasure>
      <bIsWeighted>0</bIsWeighted>
      <QtyInPackage>לא ידוע</QtyInPackage>
      <ItemPrice>19.90</ItemPrice>
      <UnitOfMeasurePrice>0.0265</UnitOfMeasurePrice>
      <AllowDiscount>1</AllowDiscount>
      <ItemStatus>1</ItemStatus>
      <ItemId>234253</ItemId>
    </Item>
    <Item>
      <PriceUpdateDate>2024-12-24 15:19:51</PriceUpdateDate>
      <ItemCode>7290018975077</ItemCode>
      <ItemType>1</ItemType>
      <ItemName>ממרח תמרים טבעי 100</ItemName>
      <ManufacturerName>לא ידוע</ManufacturerName>
      <ManufactureCountry>לא ידוע</ManufactureCountry>
      <ManufacturerItemDescription>ממרח תמרים טבעי 100</ManufacturerItemDescription>
      <UnitQty>לא ידוע</UnitQty>
      <Quantity>450.00</Quantity>
      <UnitOfMeasure>לא ידוע</UnitOfMeasure>
      <bIsWeighted>0</bIsWeighted>
      <QtyInPackage>לא ידוע</QtyInPackage>
      <ItemPrice>16.90</ItemPrice>
      <UnitOfMeasurePrice>0.0376</UnitOfMeasurePrice>
      <AllowDiscount>1</AllowDiscount>
      <ItemStatus>1</ItemStatus>
      <ItemId>273175</ItemId>
    </Item>
    <Item>
      <PriceUpdateDate>2024-12-25 07:56:59</PriceUpdateDate>
      <ItemCode>7290113192348</ItemCode>
      <ItemType>1</ItemType>
      <ItemName>זית ירוק טעם שום 17-</ItemName>
      <ManufacturerName>לא ידוע</ManufacturerName>
      <ManufactureCountry>לא ידוע</ManufactureCountry>
      <ManufacturerItemDescription>זית ירוק טעם שום 17-</ManufacturerItemDescription>
      <UnitQty>לא ידוע</UnitQty>
      <Quantity>340.00</Quantity>
      <UnitOfMeasure>לא ידוע</UnitOfMeasure>
      <bIsWeighted>0</bIsWeighted>
      <QtyInPackage>לא ידוע</QtyInPackage>
      <ItemPrice>13.90</ItemPrice>
      <UnitOfMeasurePrice>0.0409</UnitOfMeasurePrice>
      <AllowDiscount>1</AllowDiscount>
      <ItemStatus>1</ItemStatus>
      <ItemId>247430</ItemId>
    </Item>
    <Item>
      <PriceUpdateDate>2024-12-25 07:57:39</PriceUpdateDate>
      <ItemCode>7290113195042</ItemCode>
      <ItemType>1</ItemType>
      <ItemName>מלפפון במלח בטעם בית</ItemName>
      <ManufacturerName>לא ידוע</ManufacturerName>
      <ManufactureCountry>לא ידוע</ManufactureCountry>
      <ManufacturerItemDescription>מלפפון במלח בטעם בית</ManufacturerItemDescription>
      <UnitQty>לא ידוע</UnitQty>
      <Quantity>750.00</Quantity>
      <UnitOfMeasure>לא ידוע</UnitOfMeasure>
      <bIsWeighted>0</bIsWeighted>
      <QtyInPackage>לא ידוע</QtyInPackage>
      <ItemPrice>31.90</ItemPrice>
      <UnitOfMeasurePrice>0.0425</UnitOfMeasurePrice>
      <AllowDiscount>1</AllowDiscount>
      <ItemStatus>1</ItemStatus>
      <ItemId>270247</ItemId>
    </Item>
    <Item>
      <PriceUpdateDate>2024-12-25 12:10:23</PriceUpdateDate>
      <ItemCode>7290000493183</ItemCode>
      <ItemType>1</ItemType>
      <ItemName>אבקת רוטב פטריות אסם</ItemName>
      <ManufacturerName>קריות זול</ManufacturerName>
      <ManufactureCountry>לא ידוע</ManufactureCountry>
      <ManufacturerItemDescription>אבקת רוטב פטריות אסם</ManufacturerItemDescription>
      <UnitQty>לא ידוע</UnitQty>
      <Quantity>30.00</Quantity>
      <UnitOfMeasure>לא ידוע</UnitOfMeasure>
      <bIsWeighted>0</bIsWeighted>
      <QtyInPackage>לא ידוע</QtyInPackage>
      <ItemPrice>6.90</ItemPrice>
      <UnitOfMeasurePrice>0.2300</UnitOfMeasurePrice>
      <AllowDiscount>1</AllowDiscount>
      <ItemStatus>1</ItemStatus>
      <ItemId>176892</ItemId>
    </Item>
    <Item>
      <PriceUpdateDate>2024-12-25 16:36:37</PriceUpdateDate>
      <ItemCode>59096900</ItemCode>
      <ItemType>1</ItemType>
      <ItemName>דאב רולאון דיוי  מלפ</ItemName>
      <ManufacturerName>לא ידוע</ManufacturerName>
      <ManufactureCountry>לא ידוע</ManufactureCountry>
      <ManufacturerItemDescription>דאב רולאון דיוי  מלפ</ManufacturerItemDescription>
      <UnitQty>לא ידוע</UnitQty>
      <Quantity>50.00</Quantity>
      <UnitOfMeasure>לא ידוע</UnitOfMeasure>
      <bIsWeighted>0</bIsWeighted>
      <QtyInPackage>לא ידוע</QtyInPackage>
      <ItemPrice>22.90</ItemPrice>
      <UnitOfMeasurePrice>0.4580</UnitOfMeasurePrice>
      <AllowDiscount>1</AllowDiscount>
      <ItemStatus>1</ItemStatus>
      <ItemId>271219</ItemId>
    </Item>
    <Item>
      <PriceUpdateDate>2024-12-25 16:39:25</PriceUpdateDate>
      <ItemCode>7290112497000</ItemCode>
      <ItemType>1</ItemType>
      <ItemName>סיף ניקוי כללי 1 ליט</ItemName>
      <ManufacturerName>לא ידוע</ManufacturerName>
      <ManufactureCountry>לא ידוע</ManufactureCountry>
      <ManufacturerItemDescription>סיף ניקוי כללי 1 ליט</ManufacturerItemDescription>
      <UnitQty>לא ידוע</UnitQty>
      <Quantity>1000.00</Quantity>
      <UnitOfMeasure>לא ידוע</UnitOfMeasure>
      <bIsWeighted>0</bIsWeighted>
      <QtyInPackage>לא ידוע</QtyInPackage>
      <ItemPrice>17.90</ItemPrice>
      <UnitOfMeasurePrice>0.0179</UnitOfMeasurePrice>
      <AllowDiscount>1</AllowDiscount>
      <ItemStatus>1</ItemStatus>
      <ItemId>239903</ItemId>
    </Item>
    <Item>
      <PriceUpdateDate>2024-12-27 06:44:10</PriceUpdateDate>
      <ItemCode>7290019612087</ItemCode>
      <ItemType>1</ItemType>
      <ItemName>מגבוני נייר טואלט של</ItemName>
      <ManufacturerName>לא ידוע</ManufacturerName>
      <ManufactureCountry>לא ידוע</ManufactureCountry>
      <ManufacturerItemDescription>מגבוני נייר טואלט של</ManufacturerItemDescription>
      <UnitQty>יחידה   </UnitQty>
      <Quantity>0.00</Quantity>
      <UnitOfMeasure>יחידה   </UnitOfMeasure>
      <bIsWeighted>0</bIsWeighted>
      <QtyInPackage>לא ידוע</QtyInPackage>
      <ItemPrice>14.90</ItemPrice>
      <UnitOfMeasurePrice>0.0000</UnitOfMeasurePrice>
      <AllowDiscount>1</AllowDiscount>
      <ItemStatus>1</ItemStatus>
      <ItemId>273446</ItemId>
    </Item>
    <Item>
      <PriceUpdateDate>2024-12-27 06:44:14</PriceUpdateDate>
      <ItemCode>8001250152336</ItemCode>
      <ItemType>1</ItemType>
      <ItemName>פטוציני 500 גר דה צק</ItemName>
      <ManufacturerName>לא ידוע</ManufacturerName>
      <ManufactureCountry>לא ידוע</ManufactureCountry>
      <ManufacturerItemDescription>פטוציני 500 גר דה צק</ManufacturerItemDescription>
      <UnitQty>לא ידוע</UnitQty>
      <Quantity>500.00</Quantity>
      <UnitOfMeasure>לא ידוע</UnitOfMeasure>
      <bIsWeighted>0</bIsWeighted>
      <QtyInPackage>לא ידוע</QtyInPackage>
      <ItemPrice>18.90</ItemPrice>
      <UnitOfMeasurePrice>0.0378</UnitOfMeasurePrice>
      <AllowDiscount>1</AllowDiscount>
      <ItemStatus>1</ItemStatus>
      <ItemId>263957</ItemId>
    </Item>
    <Item>
      <PriceUpdateDate>2024-12-27 06:44:36</PriceUpdateDate>
      <ItemCode>7290000504049</ItemCode>
      <ItemType>1</ItemType>
      <ItemName>סוכרזית קנקן 1200 טב</ItemName>
      <ManufacturerName>קריות זול</ManufacturerName>
      <ManufactureCountry>לא ידוע</ManufactureCountry>
      <ManufacturerItemDescription>סוכרזית קנקן 1200 טב</ManufacturerItemDescription>
      <UnitQty>לא ידוע</UnitQty>
      <Quantity>1200.00</Quantity>
      <UnitOfMeasure>לא ידוע</UnitOfMeasure>
      <bIsWeighted>0</bIsWeighted>
      <QtyInPackage>לא ידוע</QtyInPackage>
      <ItemPrice>30.90</ItemPrice>
      <UnitOfMeasurePrice>0.0257</UnitOfMeasurePrice>
      <AllowDiscount>1</AllowDiscount>
      <ItemStatus>1</ItemStatus>
      <ItemId>208507</ItemId>
    </Item>
    <Item>
      <PriceUpdateDate>2024-12-27 06:44:42</PriceUpdateDate>
      <ItemCode>7290107956901</ItemCode>
      <ItemType>1</ItemType>
      <ItemName>קפסולות אספרסו בטעם</ItemName>
      <ManufacturerName>לא ידוע</ManufacturerName>
      <ManufactureCountry>לא ידוע</ManufactureCountry>
      <ManufacturerItemDescription>קפסולות אספרסו בטעם</ManufacturerItemDescription>
      <UnitQty>לא ידוע</UnitQty>
      <Quantity>150.00</Quantity>
      <UnitOfMeasure>לא ידוע</UnitOfMeasure>
      <bIsWeighted>0</bIsWeighted>
      <QtyInPackage>לא ידוע</QtyInPackage>
      <ItemPrice>22.90</ItemPrice>
      <UnitOfMeasurePrice>0.1527</UnitOfMeasurePrice>
      <AllowDiscount>1</AllowDiscount>
      <ItemStatus>1</ItemStatus>
      <ItemId>222917</ItemId>
    </Item>
    <Item>
      <PriceUpdateDate>2024-12-27 06:44:46</PriceUpdateDate>
      <ItemCode>7290112348999</ItemCode>
      <ItemType>1</ItemType>
      <ItemName>אנרג'י פריכיות הטעימ</ItemName>
      <ManufacturerName>לא ידוע</ManufacturerName>
      <ManufactureCountry>לא ידוע</ManufactureCountry>
      <ManufacturerItemDescription>אנרג'י פריכיות הטעימ</ManufacturerItemDescription>
      <UnitQty>לא ידוע</UnitQty>
      <Quantity>135.00</Quantity>
      <UnitOfMeasure>לא ידוע</UnitOfMeasure>
      <bIsWeighted>0</bIsWeighted>
      <QtyInPackage>לא ידוע</QtyInPackage>
      <ItemPrice>16.90</ItemPrice>
      <UnitOfMeasurePrice>0.1252</UnitOfMeasurePrice>
      <AllowDiscount>1</AllowDiscount>
      <ItemStatus>1</ItemStatus>
      <ItemId>257884</ItemId>
    </Item>
    <Item>
      <PriceUpdateDate>2024-12-27 06:44:54</PriceUpdateDate>
      <ItemCode>7290004011338</ItemCode>
      <ItemType>1</ItemType>
      <ItemName>ריצ קצפת במיכל 250 מ</ItemName>
      <ManufacturerName>לא ידוע</ManufacturerName>
      <ManufactureCountry>לא ידוע</ManufactureCountry>
      <ManufacturerItemDescription>ריצ קצפת במיכל 250 מ</ManufacturerItemDescription>
      <UnitQty>לא ידוע</UnitQty>
      <Quantity>250.00</Quantity>
      <UnitOfMeasure>לא ידוע</UnitOfMeasure>
      <bIsWeighted>0</bIsWeighted>
      <QtyInPackage>לא ידוע</QtyInPackage>
      <ItemPrice>16.90</ItemPrice>
      <UnitOfMeasurePrice>0.0676</UnitOfMeasurePrice>
      <AllowDiscount>1</AllowDiscount>
      <ItemStatus>1</ItemStatus>
      <ItemId>257399</ItemId>
    </Item>
    <Item>
      <PriceUpdateDate>2024-12-27 06:44:59</PriceUpdateDate>
      <ItemCode>50000543557</ItemCode>
      <ItemType>1</ItemType>
      <ItemName>פריסקיז פטה הודו 156</ItemName>
      <ManufacturerName>לא ידוע</ManufacturerName>
      <ManufactureCountry>לא ידוע</ManufactureCountry>
      <ManufacturerItemDescription>פריסקיז פטה הודו 156</ManufacturerItemDescription>
      <UnitQty>לא ידוע</UnitQty>
      <Quantity>156.00</Quantity>
      <UnitOfMeasure>לא ידוע</UnitOfMeasure>
      <bIsWeighted>0</bIsWeighted>
      <QtyInPackage>לא ידוע</QtyInPackage>
      <ItemPrice>8.90</ItemPrice>
      <UnitOfMeasurePrice>0.0571</UnitOfMeasurePrice>
      <AllowDiscount>1</AllowDiscount>
      <ItemStatus>1</ItemStatus>
      <ItemId>271296</ItemId>
    </Item>
    <Item>
      <PriceUpdateDate>2024-12-27 06:45:57</PriceUpdateDate>
      <ItemCode>7290002317135</ItemCode>
      <ItemType>1</ItemType>
      <ItemName>מלפפון במלח מוטולה 1</ItemName>
      <ManufacturerName>לא ידוע</ManufacturerName>
      <ManufactureCountry>לא ידוע</ManufactureCountry>
      <ManufacturerItemDescription>מלפפון במלח מוטולה 1</ManufacturerItemDescription>
      <UnitQty>לא ידוע</UnitQty>
      <Quantity>560.00</Quantity>
      <UnitOfMeasure>לא ידוע</UnitOfMeasure>
      <bIsWeighted>0</bIsWeighted>
      <QtyInPackage>לא ידוע</QtyInPackage>
      <ItemPrice>15.90</ItemPrice>
      <UnitOfMeasurePrice>0.0284</UnitOfMeasurePrice>
      <AllowDiscount>1</AllowDiscount>
      <ItemStatus>1</ItemStatus>
      <ItemId>257776</ItemId>
    </Item>
    <Item>
      <PriceUpdateDate>2024-12-29 09:35:16</PriceUpdateDate>
      <ItemCode>7290111346149</ItemCode>
      <ItemType>1</ItemType>
      <ItemName>אקסטרה דיילי קר ממחט</ItemName>
      <ManufacturerName>לא ידוע</ManufacturerName>
      <ManufactureCountry>לא ידוע</ManufactureCountry>
      <ManufacturerItemDescription>אקסטרה דיילי קר ממחט</ManufacturerItemDescription>
      <UnitQty>יחידה   </UnitQty>
      <Quantity>0.00</Quantity>
      <UnitOfMeasure>יחידה   </UnitOfMeasure>
      <bIsWeighted>0</bIsWeighted>
      <QtyInPackage>לא ידוע</QtyInPackage>
      <ItemPrice>19.90</ItemPrice>
      <UnitOfMeasurePrice>0.0000</UnitOfMeasurePrice>
      <AllowDiscount>1</AllowDiscount>
      <ItemStatus>1</ItemStatus>
      <ItemId>274436</ItemId>
    </Item>
    <Item>
      <PriceUpdateDate>2024-12-29 13:43:24</PriceUpdateDate>
      <ItemCode>37600297943</ItemCode>
      <ItemType>1</ItemType>
      <ItemName>סלסה חריפה צ'י צ'י</ItemName>
      <ManufacturerName>לא ידוע</ManufacturerName>
      <ManufactureCountry>לא ידוע</ManufactureCountry>
      <ManufacturerItemDescription>סלסה חריפה צ'י צ'י</ManufacturerItemDescription>
      <UnitQty>יחידה   </UnitQty>
      <Quantity>0.00</Quantity>
      <UnitOfMeasure>יחידה   </UnitOfMeasure>
      <bIsWeighted>0</bIsWeighted>
      <QtyInPackage>לא ידוע</QtyInPackage>
      <ItemPrice>22.90</ItemPrice>
      <UnitOfMeasurePrice>0.0000</UnitOfMeasurePrice>
      <AllowDiscount>1</AllowDiscount>
      <ItemStatus>1</ItemStatus>
      <ItemId>270309</ItemId>
    </Item>
    <Item>
      <PriceUpdateDate>2024-12-29 13:43:24</PriceUpdateDate>
      <ItemCode>37600297967</ItemCode>
      <ItemType>1</ItemType>
      <ItemName>סלסה בחריפות עדינה צ</ItemName>
      <ManufacturerName>לא ידוע</ManufacturerName>
      <ManufactureCountry>לא ידוע</ManufactureCountry>
      <ManufacturerItemDescription>סלסה בחריפות עדינה צ</ManufacturerItemDescription>
      <UnitQty>יחידה   </UnitQty>
      <Quantity>0.00</Quantity>
      <UnitOfMeasure>יחידה   </UnitOfMeasure>
      <bIsWeighted>0</bIsWeighted>
      <QtyInPackage>לא ידוע</QtyInPackage>
      <ItemPrice>22.90</ItemPrice>
      <UnitOfMeasurePrice>0.0000</UnitOfMeasurePrice>
      <AllowDiscount>1</AllowDiscount>
      <ItemStatus>1</ItemStatus>
      <ItemId>270310</ItemId>
    </Item>
    <Item>
      <PriceUpdateDate>2024-12-29 13:43:33</PriceUpdateDate>
      <ItemCode>7290000289496</ItemCode>
      <ItemType>1</ItemType>
      <ItemName>סנו ז'אוול ג'ל קרם מ</ItemName>
      <ManufacturerName>קריות זול</ManufacturerName>
      <ManufactureCountry>לא ידוע</ManufactureCountry>
      <ManufacturerItemDescription>סנו ז'אוול ג'ל קרם מ</ManufacturerItemDescription>
      <UnitQty>לא ידוע</UnitQty>
      <Quantity>750.00</Quantity>
      <UnitOfMeasure>לא ידוע</UnitOfMeasure>
      <bIsWeighted>0</bIsWeighted>
      <QtyInPackage>לא ידוע</QtyInPackage>
      <ItemPrice>15.90</ItemPrice>
      <UnitOfMeasurePrice>0.0212</UnitOfMeasurePrice>
      <AllowDiscount>1</AllowDiscount>
      <ItemStatus>1</ItemStatus>
      <ItemId>180128</ItemId>
    </Item>
    <Item>
      <PriceUpdateDate>2024-12-29 13:43:35</PriceUpdateDate>
      <ItemCode>7290000189482</ItemCode>
      <ItemType>1</ItemType>
      <ItemName>תבנית אפייה מקרטון מ</ItemName>
      <ManufacturerName>לא ידוע</ManufacturerName>
      <ManufactureCountry>לא ידוע</ManufactureCountry>
      <ManufacturerItemDescription>תבנית אפייה מקרטון מ</ManufacturerItemDescription>
      <UnitQty>יחידה   </UnitQty>
      <Quantity>0.00</Quantity>
      <UnitOfMeasure>יחידה   </UnitOfMeasure>
      <bIsWeighted>0</bIsWeighted>
      <QtyInPackage>לא ידוע</QtyInPackage>
      <ItemPrice>14.90</ItemPrice>
      <UnitOfMeasurePrice>0.0000</UnitOfMeasurePrice>
      <AllowDiscount>1</AllowDiscount>
      <ItemStatus>1</ItemStatus>
      <ItemId>174840</ItemId>
    </Item>
    <Item>
      <PriceUpdateDate>2024-12-29 13:43:35</PriceUpdateDate>
      <ItemCode>7290000189871</ItemCode>
      <ItemType>1</ItemType>
      <ItemName>אשפתון 55 שקיות מתכל</ItemName>
      <ManufacturerName>לא ידוע</ManufacturerName>
      <ManufactureCountry>לא ידוע</ManufactureCountry>
      <ManufacturerItemDescription>אשפתון 55 שקיות מתכל</ManufacturerItemDescription>
      <UnitQty>יחידה   </UnitQty>
      <Quantity>0.00</Quantity>
      <UnitOfMeasure>יחידה   </UnitOfMeasure>
      <bIsWeighted>0</bIsWeighted>
      <QtyInPackage>לא ידוע</QtyInPackage>
      <ItemPrice>25.90</ItemPrice>
      <UnitOfMeasurePrice>0.0000</UnitOfMeasurePrice>
      <AllowDiscount>1</AllowDiscount>
      <ItemStatus>1</ItemStatus>
      <ItemId>181473</ItemId>
    </Item>
    <Item>
      <PriceUpdateDate>2024-12-29 13:43:36</PriceUpdateDate>
      <ItemCode>7290000193540</ItemCode>
      <ItemType>1</ItemType>
      <ItemName>לילי מגני תחתון נטור</ItemName>
      <ManufacturerName>קריות זול</ManufacturerName>
      <ManufactureCountry>לא ידוע</ManufactureCountry>
      <ManufacturerItemDescription>לילי מגני תחתון נטור</ManufacturerItemDescription>
      <UnitQty>לא ידוע</UnitQty>
      <Quantity>52.00</Quantity>
      <UnitOfMeasure>לא ידוע</UnitOfMeasure>
      <bIsWeighted>0</bIsWeighted>
      <QtyInPackage>לא ידוע</QtyInPackage>
      <ItemPrice>17.90</ItemPrice>
      <UnitOfMeasurePrice>0.3442</UnitOfMeasurePrice>
      <AllowDiscount>1</AllowDiscount>
      <ItemStatus>1</ItemStatus>
      <ItemId>181524</ItemId>
    </Item>
    <Item>
      <PriceUpdateDate>2024-12-29 13:43:36</PriceUpdateDate>
      <ItemCode>7290000197029</ItemCode>
      <ItemType>1</ItemType>
      <ItemName>ניקול שקיות ניילון ר</ItemName>
      <ManufacturerName>קריות זול</ManufacturerName>
      <ManufactureCountry>לא ידוע</ManufactureCountry>
      <ManufacturerItemDescription>ניקול שקיות ניילון ר</ManufacturerItemDescription>
      <UnitQty>יחידה   </UnitQty>
      <Quantity>0.00</Quantity>
      <UnitOfMeasure>יחידה   </UnitOfMeasure>
      <bIsWeighted>0</bIsWeighted>
      <QtyInPackage>לא ידוע</QtyInPackage>
      <ItemPrice>15.90</ItemPrice>
      <UnitOfMeasurePrice>0.0000</UnitOfMeasurePrice>
      <AllowDiscount>1</AllowDiscount>
      <ItemStatus>1</ItemStatus>
      <ItemId>181576</ItemId>
    </Item>
    <Item>
      <PriceUpdateDate>2024-12-29 13:43:39</PriceUpdateDate>
      <ItemCode>5410291022752</ItemCode>
      <ItemType>1</ItemType>
      <ItemName>ממרח אגוזי לוז עם קק</ItemName>
      <ManufacturerName>לא ידוע</ManufacturerName>
      <ManufactureCountry>לא ידוע</ManufactureCountry>
      <ManufacturerItemDescription>ממרח אגוזי לוז עם קק</ManufacturerItemDescription>
      <UnitQty>לא ידוע</UnitQty>
      <Quantity>350.00</Quantity>
      <UnitOfMeasure>לא ידוע</UnitOfMeasure>
      <bIsWeighted>0</bIsWeighted>
      <QtyInPackage>לא ידוע</QtyInPackage>
      <ItemPrice>17.90</ItemPrice>
      <UnitOfMeasurePrice>0.0511</UnitOfMeasurePrice>
      <AllowDiscount>1</AllowDiscount>
      <ItemStatus>1</ItemStatus>
      <ItemId>191996</ItemId>
    </Item>
    <Item>
      <PriceUpdateDate>2024-12-29 13:43:40</PriceUpdateDate>
      <ItemCode>7290000652832</ItemCode>
      <ItemType>1</ItemType>
      <ItemName>זוג סלמון מנות קפוא</ItemName>
      <ManufacturerName>לא ידוע</ManufacturerName>
      <ManufactureCountry>לא ידוע</ManufactureCountry>
      <ManufacturerItemDescription>זוג סלמון מנות קפוא</ManufacturerItemDescription>
      <UnitQty>קילוגרמים</UnitQty>
      <Quantity>1.00</Quantity>
      <UnitOfMeasure>ק"ג</UnitOfMeasure>
      <bIsWeighted>1</bIsWeighted>
      <QtyInPackage>לא ידוע</QtyInPackage>
      <ItemPrice>122.00</ItemPrice>
      <UnitOfMeasurePrice>122.0000</UnitOfMeasurePrice>
      <AllowDiscount>1</AllowDiscount>
      <ItemStatus>1</ItemStatus>
      <ItemId>270266</ItemId>
    </Item>
    <Item>
      <PriceUpdateDate>2024-12-29 13:43:49</PriceUpdateDate>
      <ItemCode>5410173004036</ItemCode>
      <ItemType>1</ItemType>
      <ItemName>רומבוטס קפה עם פילטר</ItemName>
      <ManufacturerName>לא ידוע</ManufacturerName>
      <ManufactureCountry>לא ידוע</ManufactureCountry>
      <ManufacturerItemDescription>רומבוטס קפה עם פילטר</ManufacturerItemDescription>
      <UnitQty>יחידה   </UnitQty>
      <Quantity>0.00</Quantity>
      <UnitOfMeasure>יחידה   </UnitOfMeasure>
      <bIsWeighted>0</bIsWeighted>
      <QtyInPackage>לא ידוע</QtyInPackage>
      <ItemPrice>27.90</ItemPrice>
      <UnitOfMeasurePrice>0.0000</UnitOfMeasurePrice>
      <AllowDiscount>1</AllowDiscount>
      <ItemStatus>1</ItemStatus>
      <ItemId>269776</ItemId>
    </Item>
    <Item>
      <PriceUpdateDate>2024-12-29 13:43:57</PriceUpdateDate>
      <ItemCode>7290003864492</ItemCode>
      <ItemType>1</ItemType>
      <ItemName>סרדין בשמן צמחי חריף</ItemName>
      <ManufacturerName>קריות זול</ManufacturerName>
      <ManufactureCountry>לא ידוע</ManufactureCountry>
      <ManufacturerItemDescription>סרדין בשמן צמחי חריף</ManufacturerItemDescription>
      <UnitQty>לא ידוע</UnitQty>
      <Quantity>120.00</Quantity>
      <UnitOfMeasure>לא ידוע</UnitOfMeasure>
      <bIsWeighted>0</bIsWeighted>
      <QtyInPackage>לא ידוע</QtyInPackage>
      <ItemPrice>9.90</ItemPrice>
      <UnitOfMeasurePrice>0.0825</UnitOfMeasurePrice>
      <AllowDiscount>1</AllowDiscount>
      <ItemStatus>1</ItemStatus>
      <ItemId>178626</ItemId>
    </Item>
    <Item>
      <PriceUpdateDate>2024-12-29 13:43:57</PriceUpdateDate>
      <ItemCode>7290005175589</ItemCode>
      <ItemType>1</ItemType>
      <ItemName>קמח תירס ויליפוד 1 ק</ItemName>
      <ManufacturerName>קריות זול</ManufacturerName>
      <ManufactureCountry>לא ידוע</ManufactureCountry>
      <ManufacturerItemDescription>קמח תירס ויליפוד 1 ק</ManufacturerItemDescription>
      <UnitQty>לא ידוע</UnitQty>
      <Quantity>1000.00</Quantity>
      <UnitOfMeasure>לא ידוע</UnitOfMeasure>
      <bIsWeighted>0</bIsWeighted>
      <QtyInPackage>לא ידוע</QtyInPackage>
      <ItemPrice>13.90</ItemPrice>
      <UnitOfMeasurePrice>0.0139</UnitOfMeasurePrice>
      <AllowDiscount>1</AllowDiscount>
      <ItemStatus>1</ItemStatus>
      <ItemId>178647</ItemId>
    </Item>
    <Item>
      <PriceUpdateDate>2024-12-29 13:44:02</PriceUpdateDate>
      <ItemCode>7290005425127</ItemCode>
      <ItemType>1</ItemType>
      <ItemName>מתז לחיטוי ולניקוי י</ItemName>
      <ManufacturerName>לא ידוע</ManufacturerName>
      <ManufactureCountry>לא ידוע</ManufactureCountry>
      <ManufacturerItemDescription>מתז לחיטוי ולניקוי י</ManufacturerItemDescription>
      <UnitQty>לא ידוע</UnitQty>
      <Quantity>750.00</Quantity>
      <UnitOfMeasure>לא ידוע</UnitOfMeasure>
      <bIsWeighted>0</bIsWeighted>
      <QtyInPackage>לא ידוע</QtyInPackage>
      <ItemPrice>19.90</ItemPrice>
      <UnitOfMeasurePrice>0.0265</UnitOfMeasurePrice>
      <AllowDiscount>1</AllowDiscount>
      <ItemStatus>1</ItemStatus>
      <ItemId>239561</ItemId>
    </Item>
    <Item>
      <PriceUpdateDate>2024-12-29 13:44:06</PriceUpdateDate>
      <ItemCode>7290000692227</ItemCode>
      <ItemType>1</ItemType>
      <ItemName>פלמוליב לכלים קלאסי</ItemName>
      <ManufacturerName>קריות זול</ManufacturerName>
      <ManufactureCountry>לא ידוע</ManufactureCountry>
      <ManufacturerItemDescription>פלמוליב לכלים קלאסי</ManufacturerItemDescription>
      <UnitQty>לא ידוע</UnitQty>
      <Quantity>1000.00</Quantity>
      <UnitOfMeasure>לא ידוע</UnitOfMeasure>
      <bIsWeighted>0</bIsWeighted>
      <QtyInPackage>לא ידוע</QtyInPackage>
      <ItemPrice>18.90</ItemPrice>
      <UnitOfMeasurePrice>0.0189</UnitOfMeasurePrice>
      <AllowDiscount>1</AllowDiscount>
      <ItemStatus>1</ItemStatus>
      <ItemId>185552</ItemId>
    </Item>
    <Item>
      <PriceUpdateDate>2024-12-29 13:44:06</PriceUpdateDate>
      <ItemCode>7290004078270</ItemCode>
      <ItemType>1</ItemType>
      <ItemName>פלמוליב לכלים לימון</ItemName>
      <ManufacturerName>קריות זול</ManufacturerName>
      <ManufactureCountry>לא ידוע</ManufactureCountry>
      <ManufacturerItemDescription>פלמוליב לכלים לימון</ManufacturerItemDescription>
      <UnitQty>לא ידוע</UnitQty>
      <Quantity>1000.00</Quantity>
      <UnitOfMeasure>לא ידוע</UnitOfMeasure>
      <bIsWeighted>0</bIsWeighted>
      <QtyInPackage>לא ידוע</QtyInPackage>
      <ItemPrice>18.90</ItemPrice>
      <UnitOfMeasurePrice>0.0189</UnitOfMeasurePrice>
      <AllowDiscount>1</AllowDiscount>
      <ItemStatus>1</ItemStatus>
      <ItemId>185663</ItemId>
    </Item>
    <Item>
      <PriceUpdateDate>2024-12-29 13:44:07</PriceUpdateDate>
      <ItemCode>7290000364278</ItemCode>
      <ItemType>1</ItemType>
      <ItemName>סלסולי סלמי איטלקי מ</ItemName>
      <ManufacturerName>לא ידוע</ManufacturerName>
      <ManufactureCountry>לא ידוע</ManufactureCountry>
      <ManufacturerItemDescription>סלסולי סלמי איטלקי מ</ManufacturerItemDescription>
      <UnitQty>לא ידוע</UnitQty>
      <Quantity>120.00</Quantity>
      <UnitOfMeasure>לא ידוע</UnitOfMeasure>
      <bIsWeighted>0</bIsWeighted>
      <QtyInPackage>לא ידוע</QtyInPackage>
      <ItemPrice>21.90</ItemPrice>
      <UnitOfMeasurePrice>0.1825</UnitOfMeasurePrice>
      <AllowDiscount>1</AllowDiscount>
      <ItemStatus>1</ItemStatus>
      <ItemId>188355</ItemId>
    </Item>
    <Item>
      <PriceUpdateDate>2024-12-29 13:44:12</PriceUpdateDate>
      <ItemCode>7290004124168</ItemCode>
      <ItemType>1</ItemType>
      <ItemName>יופלה לבן 3%  150גר</ItemName>
      <ManufacturerName>קריות זול</ManufacturerName>
      <ManufactureCountry>לא ידוע</ManufactureCountry>
      <ManufacturerItemDescription>יופלה לבן 3%  150גר</ManufacturerItemDescription>
      <UnitQty>לא ידוע</UnitQty>
      <Quantity>150.00</Quantity>
      <UnitOfMeasure>לא ידוע</UnitOfMeasure>
      <bIsWeighted>0</bIsWeighted>
      <QtyInPackage>לא ידוע</QtyInPackage>
      <ItemPrice>3.50</ItemPrice>
      <UnitOfMeasurePrice>0.0233</UnitOfMeasurePrice>
      <AllowDiscount>1</AllowDiscount>
      <ItemStatus>1</ItemStatus>
      <ItemId>189398</ItemId>
    </Item>
    <Item>
      <PriceUpdateDate>2024-12-29 13:44:17</PriceUpdateDate>
      <ItemCode>7290001990261</ItemCode>
      <ItemType>1</ItemType>
      <ItemName>חומוס סוגת 1קג</ItemName>
      <ManufacturerName>לא ידוע</ManufacturerName>
      <ManufactureCountry>לא ידוע</ManufactureCountry>
      <ManufacturerItemDescription>חומוס סוגת 1קג</ManufacturerItemDescription>
      <UnitQty>לא ידוע</UnitQty>
      <Quantity>1000.00</Quantity>
      <UnitOfMeasure>לא ידוע</UnitOfMeasure>
      <bIsWeighted>0</bIsWeighted>
      <QtyInPackage>לא ידוע</QtyInPackage>
      <ItemPrice>19.90</ItemPrice>
      <UnitOfMeasurePrice>0.0199</UnitOfMeasurePrice>
      <AllowDiscount>1</AllowDiscount>
      <ItemStatus>1</ItemStatus>
      <ItemId>192414</ItemId>
    </Item>
    <Item>
      <PriceUpdateDate>2024-12-29 13:44:33</PriceUpdateDate>
      <ItemCode>7290017023878</ItemCode>
      <ItemType>1</ItemType>
      <ItemName>שוופס סודה נענע ליים</ItemName>
      <ManufacturerName>לא ידוע</ManufacturerName>
      <ManufactureCountry>לא ידוע</ManufactureCountry>
      <ManufacturerItemDescription>שוופס סודה נענע ליים</ManufacturerItemDescription>
      <UnitQty>לא ידוע</UnitQty>
      <Quantity>1000.00</Quantity>
      <UnitOfMeasure>לא ידוע</UnitOfMeasure>
      <bIsWeighted>0</bIsWeighted>
      <QtyInPackage>לא ידוע</QtyInPackage>
      <ItemPrice>19.50</ItemPrice>
      <UnitOfMeasurePrice>0.0195</UnitOfMeasurePrice>
      <AllowDiscount>1</AllowDiscount>
      <ItemStatus>1</ItemStatus>
      <ItemId>227549</ItemId>
    </Item>
    <Item>
      <PriceUpdateDate>2024-12-29 13:44:44</PriceUpdateDate>
      <ItemCode>7290017513409</ItemCode>
      <ItemType>1</ItemType>
      <ItemName>תה ירוק סופר גרין בט</ItemName>
      <ManufacturerName>לא ידוע</ManufacturerName>
      <ManufactureCountry>לא ידוע</ManufactureCountry>
      <ManufacturerItemDescription>תה ירוק סופר גרין בט</ManufacturerItemDescription>
      <UnitQty>לא ידוע</UnitQty>
      <Quantity>87.00</Quantity>
      <UnitOfMeasure>לא ידוע</UnitOfMeasure>
      <bIsWeighted>0</bIsWeighted>
      <QtyInPackage>לא ידוע</QtyInPackage>
      <ItemPrice>28.90</ItemPrice>
      <UnitOfMeasurePrice>0.3322</UnitOfMeasurePrice>
      <AllowDiscount>1</AllowDiscount>
      <ItemStatus>1</ItemStatus>
      <ItemId>234249</ItemId>
    </Item>
    <Item>
      <PriceUpdateDate>2024-12-29 13:44:59</PriceUpdateDate>
      <ItemCode>7290019056546</ItemCode>
      <ItemType>1</ItemType>
      <ItemName>משקה וואטר פרוט אבטי</ItemName>
      <ManufacturerName>לא ידוע</ManufacturerName>
      <ManufactureCountry>לא ידוע</ManufactureCountry>
      <ManufacturerItemDescription>משקה וואטר פרוט אבטי</ManufacturerItemDescription>
      <UnitQty>לא ידוע</UnitQty>
      <Quantity>1500.00</Quantity>
      <UnitOfMeasure>לא ידוע</UnitOfMeasure>
      <bIsWeighted>0</bIsWeighted>
      <QtyInPackage>לא ידוע</QtyInPackage>
      <ItemPrice>9.90</ItemPrice>
      <UnitOfMeasurePrice>0.0066</UnitOfMeasurePrice>
      <AllowDiscount>1</AllowDiscount>
      <ItemStatus>1</ItemStatus>
      <ItemId>261059</ItemId>
    </Item>
    <Item>
      <PriceUpdateDate>2024-12-29 13:45:04</PriceUpdateDate>
      <ItemCode>7290103681210</ItemCode>
      <ItemType>1</ItemType>
      <ItemName>שרדונה הר תבור 750 מ</ItemName>
      <ManufacturerName>לא ידוע</ManufacturerName>
      <ManufactureCountry>לא ידוע</ManufactureCountry>
      <ManufacturerItemDescription>שרדונה הר תבור 750 מ</ManufacturerItemDescription>
      <UnitQty>לא ידוע</UnitQty>
      <Quantity>750.00</Quantity>
      <UnitOfMeasure>לא ידוע</UnitOfMeasure>
      <bIsWeighted>0</bIsWeighted>
      <QtyInPackage>לא ידוע</QtyInPackage>
      <ItemPrice>42.90</ItemPrice>
      <UnitOfMeasurePrice>0.0572</UnitOfMeasurePrice>
      <AllowDiscount>1</AllowDiscount>
      <ItemStatus>1</ItemStatus>
      <ItemId>227105</ItemId>
    </Item>
    <Item>
      <PriceUpdateDate>2024-12-29 13:45:15</PriceUpdateDate>
      <ItemCode>7290019232353</ItemCode>
      <ItemType>1</ItemType>
      <ItemName>תה ירוק סיני 50יח</ItemName>
      <ManufacturerName>לא ידוע</ManufacturerName>
      <ManufactureCountry>לא ידוע</ManufactureCountry>
      <ManufacturerItemDescription>תה ירוק סיני 50יח</ManufacturerItemDescription>
      <UnitQty>לא ידוע</UnitQty>
      <Quantity>50.00</Quantity>
      <UnitOfMeasure>לא ידוע</UnitOfMeasure>
      <bIsWeighted>0</bIsWeighted>
      <QtyInPackage>לא ידוע</QtyInPackage>
      <ItemPrice>48.90</ItemPrice>
      <UnitOfMeasurePrice>0.9780</UnitOfMeasurePrice>
      <AllowDiscount>1</AllowDiscount>
      <ItemStatus>1</ItemStatus>
      <ItemId>263884</ItemId>
    </Item>
    <Item>
      <PriceUpdateDate>2024-12-29 13:45:21</PriceUpdateDate>
      <ItemCode>7290108509984</ItemCode>
      <ItemType>1</ItemType>
      <ItemName>רוטב סויה 300 מ"ל</ItemName>
      <ManufacturerName>לא ידוע</ManufacturerName>
      <ManufactureCountry>לא ידוע</ManufactureCountry>
      <ManufacturerItemDescription>רוטב סויה 300 מ"ל</ManufacturerItemDescription>
      <UnitQty>לא ידוע</UnitQty>
      <Quantity>300.00</Quantity>
      <UnitOfMeasure>לא ידוע</UnitOfMeasure>
      <bIsWeighted>0</bIsWeighted>
      <QtyInPackage>לא ידוע</QtyInPackage>
      <ItemPrice>12.90</ItemPrice>
      <UnitOfMeasurePrice>0.0430</UnitOfMeasurePrice>
      <AllowDiscount>1</AllowDiscount>
      <ItemStatus>1</ItemStatus>
      <ItemId>267064</ItemId>
    </Item>
    <Item>
      <PriceUpdateDate>2024-12-29 13:45:22</PriceUpdateDate>
      <ItemCode>7290108353440</ItemCode>
      <ItemType>1</ItemType>
      <ItemName>צמד מברשות שיניים או</ItemName>
      <ManufacturerName>לא ידוע</ManufacturerName>
      <ManufactureCountry>לא ידוע</ManufactureCountry>
      <ManufacturerItemDescription>צמד מברשות שיניים או</ManufacturerItemDescription>
      <UnitQty>יחידה   </UnitQty>
      <Quantity>0.00</Quantity>
      <UnitOfMeasure>יחידה   </UnitOfMeasure>
      <bIsWeighted>0</bIsWeighted>
      <QtyInPackage>לא ידוע</QtyInPackage>
      <ItemPrice>33.90</ItemPrice>
      <UnitOfMeasurePrice>0.0000</UnitOfMeasurePrice>
      <AllowDiscount>1</AllowDiscount>
      <ItemStatus>1</ItemStatus>
      <ItemId>272786</ItemId>
    </Item>
    <Item>
      <PriceUpdateDate>2024-12-29 13:45:27</PriceUpdateDate>
      <ItemCode>7290108356854</ItemCode>
      <ItemType>1</ItemType>
      <ItemName>בייבי כיף מגבונים בנ</ItemName>
      <ManufacturerName>לא ידוע</ManufacturerName>
      <ManufactureCountry>לא ידוע</ManufactureCountry>
      <ManufacturerItemDescription>בייבי כיף מגבונים בנ</ManufacturerItemDescription>
      <UnitQty>יחידה   </UnitQty>
      <Quantity>0.00</Quantity>
      <UnitOfMeasure>יחידה   </UnitOfMeasure>
      <bIsWeighted>0</bIsWeighted>
      <QtyInPackage>לא ידוע</QtyInPackage>
      <ItemPrice>24.90</ItemPrice>
      <UnitOfMeasurePrice>0.0000</UnitOfMeasurePrice>
      <AllowDiscount>1</AllowDiscount>
      <ItemStatus>1</ItemStatus>
      <ItemId>258570</ItemId>
    </Item>
    <Item>
      <PriceUpdateDate>2024-12-29 13:45:28</PriceUpdateDate>
      <ItemCode>7290108356922</ItemCode>
      <ItemType>1</ItemType>
      <ItemName>ג'ל כביסה מרוכז פי 2</ItemName>
      <ManufacturerName>קריות זול</ManufacturerName>
      <ManufactureCountry>לא ידוע</ManufactureCountry>
      <ManufacturerItemDescription>ג'ל כביסה מרוכז פי 2</ManufacturerItemDescription>
      <UnitQty>לא ידוע</UnitQty>
      <Quantity>1500.00</Quantity>
      <UnitOfMeasure>לא ידוע</UnitOfMeasure>
      <bIsWeighted>0</bIsWeighted>
      <QtyInPackage>לא ידוע</QtyInPackage>
      <ItemPrice>32.90</ItemPrice>
      <UnitOfMeasurePrice>0.0219</UnitOfMeasurePrice>
      <AllowDiscount>1</AllowDiscount>
      <ItemStatus>1</ItemStatus>
      <ItemId>267404</ItemId>
    </Item>
    <Item>
      <PriceUpdateDate>2024-12-29 13:45:32</PriceUpdateDate>
      <ItemCode>7290108359824</ItemCode>
      <ItemType>1</ItemType>
      <ItemName>בייבי כיף קרם גוף 50</ItemName>
      <ManufacturerName>לא ידוע</ManufacturerName>
      <ManufactureCountry>לא ידוע</ManufactureCountry>
      <ManufacturerItemDescription>בייבי כיף קרם גוף 50</ManufacturerItemDescription>
      <UnitQty>לא ידוע</UnitQty>
      <Quantity>500.00</Quantity>
      <UnitOfMeasure>לא ידוע</UnitOfMeasure>
      <bIsWeighted>0</bIsWeighted>
      <QtyInPackage>לא ידוע</QtyInPackage>
      <ItemPrice>26.90</ItemPrice>
      <UnitOfMeasurePrice>0.0538</UnitOfMeasurePrice>
      <AllowDiscount>1</AllowDiscount>
      <ItemStatus>1</ItemStatus>
      <ItemId>226257</ItemId>
    </Item>
    <Item>
      <PriceUpdateDate>2024-12-29 13:45:33</PriceUpdateDate>
      <ItemCode>7290111342042</ItemCode>
      <ItemType>1</ItemType>
      <ItemName>כריות יפניות אנטיבקט</ItemName>
      <ManufacturerName>לא ידוע</ManufacturerName>
      <ManufactureCountry>לא ידוע</ManufactureCountry>
      <ManufacturerItemDescription>כריות יפניות אנטיבקט</ManufacturerItemDescription>
      <UnitQty>יחידה   </UnitQty>
      <Quantity>0.00</Quantity>
      <UnitOfMeasure>יחידה   </UnitOfMeasure>
      <bIsWeighted>0</bIsWeighted>
      <QtyInPackage>לא ידוע</QtyInPackage>
      <ItemPrice>14.90</ItemPrice>
      <UnitOfMeasurePrice>0.0000</UnitOfMeasurePrice>
      <AllowDiscount>1</AllowDiscount>
      <ItemStatus>1</ItemStatus>
      <ItemId>247993</ItemId>
    </Item>
    <Item>
      <PriceUpdateDate>2024-12-29 13:45:51</PriceUpdateDate>
      <ItemCode>7290111346125</ItemCode>
      <ItemType>1</ItemType>
      <ItemName>מגבוני האגיס דיילי ק</ItemName>
      <ManufacturerName>לא ידוע</ManufacturerName>
      <ManufactureCountry>לא ידוע</ManufactureCountry>
      <ManufacturerItemDescription>מגבוני האגיס דיילי ק</ManufacturerItemDescription>
      <UnitQty>יחידה   </UnitQty>
      <Quantity>0.00</Quantity>
      <UnitOfMeasure>יחידה   </UnitOfMeasure>
      <bIsWeighted>0</bIsWeighted>
      <QtyInPackage>לא ידוע</QtyInPackage>
      <ItemPrice>20.90</ItemPrice>
      <UnitOfMeasurePrice>0.0000</UnitOfMeasurePrice>
      <AllowDiscount>1</AllowDiscount>
      <ItemStatus>1</ItemStatus>
      <ItemId>263002</ItemId>
    </Item>
    <Item>
      <PriceUpdateDate>2024-12-29 13:45:51</PriceUpdateDate>
      <ItemCode>7290111346132</ItemCode>
      <ItemType>1</ItemType>
      <ItemName>מגבוני האגיס סנסטיב</ItemName>
      <ManufacturerName>לא ידוע</ManufacturerName>
      <ManufactureCountry>לא ידוע</ManufactureCountry>
      <ManufacturerItemDescription>מגבוני האגיס סנסטיב</ManufacturerItemDescription>
      <UnitQty>יחידה   </UnitQty>
      <Quantity>0.00</Quantity>
      <UnitOfMeasure>יחידה   </UnitOfMeasure>
      <bIsWeighted>0</bIsWeighted>
      <QtyInPackage>לא ידוע</QtyInPackage>
      <ItemPrice>20.90</ItemPrice>
      <UnitOfMeasurePrice>0.0000</UnitOfMeasurePrice>
      <AllowDiscount>1</AllowDiscount>
      <ItemStatus>1</ItemStatus>
      <ItemId>263003</ItemId>
    </Item>
    <Item>
      <PriceUpdateDate>2024-12-29 13:45:55</PriceUpdateDate>
      <ItemCode>7290114310406</ItemCode>
      <ItemType>1</ItemType>
      <ItemName>מולר פרופ קציפת יוגו</ItemName>
      <ManufacturerName>לא ידוע</ManufacturerName>
      <ManufactureCountry>לא ידוע</ManufactureCountry>
      <ManufacturerItemDescription>מולר פרופ קציפת יוגו</ManufacturerItemDescription>
      <UnitQty>לא ידוע</UnitQty>
      <Quantity>97.00</Quantity>
      <UnitOfMeasure>לא ידוע</UnitOfMeasure>
      <bIsWeighted>0</bIsWeighted>
      <QtyInPackage>לא ידוע</QtyInPackage>
      <ItemPrice>6.90</ItemPrice>
      <UnitOfMeasurePrice>0.0711</UnitOfMeasurePrice>
      <AllowDiscount>1</AllowDiscount>
      <ItemStatus>1</ItemStatus>
      <ItemId>263605</ItemId>
    </Item>
    <Item>
      <PriceUpdateDate>2024-12-29 13:46:00</PriceUpdateDate>
      <ItemCode>7290117389102</ItemCode>
      <ItemType>1</ItemType>
      <ItemName>קוקי שקיות לצלייה 5</ItemName>
      <ManufacturerName>קריות זול</ManufacturerName>
      <ManufactureCountry>לא ידוע</ManufactureCountry>
      <ManufacturerItemDescription>קוקי שקיות לצלייה 5</ManufacturerItemDescription>
      <UnitQty>יחידה   </UnitQty>
      <Quantity>0.00</Quantity>
      <UnitOfMeasure>יחידה   </UnitOfMeasure>
      <bIsWeighted>0</bIsWeighted>
      <QtyInPackage>לא ידוע</QtyInPackage>
      <ItemPrice>13.90</ItemPrice>
      <UnitOfMeasurePrice>0.0000</UnitOfMeasurePrice>
      <AllowDiscount>1</AllowDiscount>
      <ItemStatus>1</ItemStatus>
      <ItemId>272017</ItemId>
    </Item>
    <Item>
      <PriceUpdateDate>2024-12-29 13:46:06</PriceUpdateDate>
      <ItemCode>7290116931739</ItemCode>
      <ItemType>1</ItemType>
      <ItemName>פרוסות בולגרית 5%מעו</ItemName>
      <ManufacturerName>קריות זול</ManufacturerName>
      <ManufactureCountry>לא ידוע</ManufactureCountry>
      <ManufacturerItemDescription>פרוסות בולגרית 5%מעו</ManufacturerItemDescription>
      <UnitQty>לא ידוע</UnitQty>
      <Quantity>200.00</Quantity>
      <UnitOfMeasure>לא ידוע</UnitOfMeasure>
      <bIsWeighted>0</bIsWeighted>
      <QtyInPackage>לא ידוע</QtyInPackage>
      <ItemPrice>30.90</ItemPrice>
      <UnitOfMeasurePrice>0.1545</UnitOfMeasurePrice>
      <AllowDiscount>1</AllowDiscount>
      <ItemStatus>1</ItemStatus>
      <ItemId>266195</ItemId>
    </Item>
    <Item>
      <PriceUpdateDate>2024-12-29 13:46:07</PriceUpdateDate>
      <ItemCode>7290116933825</ItemCode>
      <ItemType>1</ItemType>
      <ItemName>משקה יופלה בקרטון בנ</ItemName>
      <ManufacturerName>לא ידוע</ManufacturerName>
      <ManufactureCountry>לא ידוע</ManufactureCountry>
      <ManufacturerItemDescription>משקה יופלה בקרטון בנ</ManufacturerItemDescription>
      <UnitQty>לא ידוע</UnitQty>
      <Quantity>750.00</Quantity>
      <UnitOfMeasure>לא ידוע</UnitOfMeasure>
      <bIsWeighted>0</bIsWeighted>
      <QtyInPackage>לא ידוע</QtyInPackage>
      <ItemPrice>16.90</ItemPrice>
      <UnitOfMeasurePrice>0.0225</UnitOfMeasurePrice>
      <AllowDiscount>1</AllowDiscount>
      <ItemStatus>1</ItemStatus>
      <ItemId>271181</ItemId>
    </Item>
    <Item>
      <PriceUpdateDate>2024-12-29 13:46:11</PriceUpdateDate>
      <ItemCode>7290111350726</ItemCode>
      <ItemType>1</ItemType>
      <ItemName>נאצ׳וס בסגנון מקסיקנ</ItemName>
      <ManufacturerName>לא ידוע</ManufacturerName>
      <ManufactureCountry>לא ידוע</ManufactureCountry>
      <ManufacturerItemDescription>נאצ׳וס בסגנון מקסיקנ</ManufacturerItemDescription>
      <UnitQty>לא ידוע</UnitQty>
      <Quantity>322.00</Quantity>
      <UnitOfMeasure>לא ידוע</UnitOfMeasure>
      <bIsWeighted>0</bIsWeighted>
      <QtyInPackage>לא ידוע</QtyInPackage>
      <ItemPrice>22.90</ItemPrice>
      <UnitOfMeasurePrice>0.0711</UnitOfMeasurePrice>
      <AllowDiscount>1</AllowDiscount>
      <ItemStatus>1</ItemStatus>
      <ItemId>259209</ItemId>
    </Item>
    <Item>
      <PriceUpdateDate>2024-12-29 13:46:19</PriceUpdateDate>
      <ItemCode>8712100619922</ItemCode>
      <ItemType>1</ItemType>
      <ItemName>ליפטון אל גריי תה שח</ItemName>
      <ManufacturerName>לא ידוע</ManufacturerName>
      <ManufactureCountry>לא ידוע</ManufactureCountry>
      <ManufacturerItemDescription>ליפטון אל גריי תה שח</ManufacturerItemDescription>
      <UnitQty>לא ידוע</UnitQty>
      <Quantity>40.00</Quantity>
      <UnitOfMeasure>לא ידוע</UnitOfMeasure>
      <bIsWeighted>0</bIsWeighted>
      <QtyInPackage>לא ידוע</QtyInPackage>
      <ItemPrice>15.90</ItemPrice>
      <UnitOfMeasurePrice>0.3975</UnitOfMeasurePrice>
      <AllowDiscount>1</AllowDiscount>
      <ItemStatus>1</ItemStatus>
      <ItemId>271357</ItemId>
    </Item>
    <Item>
      <PriceUpdateDate>2024-12-30 08:15:30</PriceUpdateDate>
      <ItemCode>7290002674269</ItemCode>
      <ItemType>1</ItemType>
      <ItemName>אקווה פרש משחת שיניי</ItemName>
      <ManufacturerName>לא ידוע</ManufacturerName>
      <ManufactureCountry>לא ידוע</ManufactureCountry>
      <ManufacturerItemDescription>אקווה פרש משחת שיניי</ManufacturerItemDescription>
      <UnitQty>לא ידוע</UnitQty>
      <Quantity>125.00</Quantity>
      <UnitOfMeasure>לא ידוע</UnitOfMeasure>
      <bIsWeighted>0</bIsWeighted>
      <QtyInPackage>לא ידוע</QtyInPackage>
      <ItemPrice>14.90</ItemPrice>
      <UnitOfMeasurePrice>0.1192</UnitOfMeasurePrice>
      <AllowDiscount>1</AllowDiscount>
      <ItemStatus>1</ItemStatus>
      <ItemId>174944</ItemId>
    </Item>
    <Item>
      <PriceUpdateDate>2025-01-01 12:59:09</PriceUpdateDate>
      <ItemCode>6112012100693</ItemCode>
      <ItemType>1</ItemType>
      <ItemName>משטח לייבוש כלים</ItemName>
      <ManufacturerName>לא ידוע</ManufacturerName>
      <ManufactureCountry>לא ידוע</ManufactureCountry>
      <ManufacturerItemDescription>משטח לייבוש כלים</ManufacturerItemDescription>
      <UnitQty>יחידה   </UnitQty>
      <Quantity>0.00</Quantity>
      <UnitOfMeasure>יחידה   </UnitOfMeasure>
      <bIsWeighted>0</bIsWeighted>
      <QtyInPackage>לא ידוע</QtyInPackage>
      <ItemPrice>13.90</ItemPrice>
      <UnitOfMeasurePrice>0.0000</UnitOfMeasurePrice>
      <AllowDiscount>1</AllowDiscount>
      <ItemStatus>1</ItemStatus>
      <ItemId>227907</ItemId>
    </Item>
    <Item>
      <PriceUpdateDate>2025-01-01 12:59:10</PriceUpdateDate>
      <ItemCode>6112015100294</ItemCode>
      <ItemType>1</ItemType>
      <ItemName>מגב מתכת 40 ס"מ</ItemName>
      <ManufacturerName>לא ידוע</ManufacturerName>
      <ManufactureCountry>לא ידוע</ManufactureCountry>
      <ManufacturerItemDescription>מגב מתכת 40 ס"מ</ManufacturerItemDescription>
      <UnitQty>יחידה   </UnitQty>
      <Quantity>0.00</Quantity>
      <UnitOfMeasure>יחידה   </UnitOfMeasure>
      <bIsWeighted>0</bIsWeighted>
      <QtyInPackage>לא ידוע</QtyInPackage>
      <ItemPrice>23.90</ItemPrice>
      <UnitOfMeasurePrice>0.0000</UnitOfMeasurePrice>
      <AllowDiscount>1</AllowDiscount>
      <ItemStatus>1</ItemStatus>
      <ItemId>213657</ItemId>
    </Item>
    <Item>
      <PriceUpdateDate>2025-01-01 12:59:10</PriceUpdateDate>
      <ItemCode>6112015100508</ItemCode>
      <ItemType>1</ItemType>
      <ItemName>מברשת לאסלה</ItemName>
      <ManufacturerName>לא ידוע</ManufacturerName>
      <ManufactureCountry>לא ידוע</ManufactureCountry>
      <ManufacturerItemDescription>מברשת לאסלה</ManufacturerItemDescription>
      <UnitQty>יחידה   </UnitQty>
      <Quantity>0.00</Quantity>
      <UnitOfMeasure>יחידה   </UnitOfMeasure>
      <bIsWeighted>0</bIsWeighted>
      <QtyInPackage>לא ידוע</QtyInPackage>
      <ItemPrice>5.50</ItemPrice>
      <UnitOfMeasurePrice>0.0000</UnitOfMeasurePrice>
      <AllowDiscount>1</AllowDiscount>
      <ItemStatus>1</ItemStatus>
      <ItemId>213673</ItemId>
    </Item>
    <Item>
      <PriceUpdateDate>2025-01-01 12:59:22</PriceUpdateDate>
      <ItemCode>8691459106805</ItemCode>
      <ItemType>1</ItemType>
      <ItemName>סט 3 קופסאות אחסון</ItemName>
      <ManufacturerName>לא ידוע</ManufacturerName>
      <ManufactureCountry>לא ידוע</ManufactureCountry>
      <ManufacturerItemDescription>סט 3 קופסאות אחסון</ManufacturerItemDescription>
      <UnitQty>יחידה   </UnitQty>
      <Quantity>0.00</Quantity>
      <UnitOfMeasure>יחידה   </UnitOfMeasure>
      <bIsWeighted>0</bIsWeighted>
      <QtyInPackage>לא ידוע</QtyInPackage>
      <ItemPrice>31.90</ItemPrice>
      <UnitOfMeasurePrice>0.0000</UnitOfMeasurePrice>
      <AllowDiscount>1</AllowDiscount>
      <ItemStatus>1</ItemStatus>
      <ItemId>264796</ItemId>
    </Item>
    <Item>
      <PriceUpdateDate>2025-01-02 15:34:58</PriceUpdateDate>
      <ItemCode>7290105968098</ItemCode>
      <ItemType>1</ItemType>
      <ItemName>קולסלאו אחלה 500גר</ItemName>
      <ManufacturerName>לא ידוע</ManufacturerName>
      <ManufactureCountry>לא ידוע</ManufactureCountry>
      <ManufacturerItemDescription>קולסלאו אחלה 500גר</ManufacturerItemDescription>
      <UnitQty>לא ידוע</UnitQty>
      <Quantity>500.00</Quantity>
      <UnitOfMeasure>לא ידוע</UnitOfMeasure>
      <bIsWeighted>0</bIsWeighted>
      <QtyInPackage>לא ידוע</QtyInPackage>
      <ItemPrice>17.50</ItemPrice>
      <UnitOfMeasurePrice>0.0350</UnitOfMeasurePrice>
      <AllowDiscount>1</AllowDiscount>
      <ItemStatus>1</ItemStatus>
      <ItemId>197098</ItemId>
    </Item>
    <Item>
      <PriceUpdateDate>2025-01-02 15:34:58</PriceUpdateDate>
      <ItemCode>7290106520905</ItemCode>
      <ItemType>1</ItemType>
      <ItemName>סלט טורקי אחלה טעמי</ItemName>
      <ManufacturerName>לא ידוע</ManufacturerName>
      <ManufactureCountry>לא ידוע</ManufactureCountry>
      <ManufacturerItemDescription>סלט טורקי אחלה טעמי</ManufacturerItemDescription>
      <UnitQty>לא ידוע</UnitQty>
      <Quantity>400.00</Quantity>
      <UnitOfMeasure>לא ידוע</UnitOfMeasure>
      <bIsWeighted>0</bIsWeighted>
      <QtyInPackage>לא ידוע</QtyInPackage>
      <ItemPrice>17.50</ItemPrice>
      <UnitOfMeasurePrice>0.0438</UnitOfMeasurePrice>
      <AllowDiscount>1</AllowDiscount>
      <ItemStatus>1</ItemStatus>
      <ItemId>197117</ItemId>
    </Item>
    <Item>
      <PriceUpdateDate>2025-01-02 15:35:02</PriceUpdateDate>
      <ItemCode>7290110568238</ItemCode>
      <ItemType>1</ItemType>
      <ItemName>קצפת צמחית 21% שומן</ItemName>
      <ManufacturerName>לא ידוע</ManufacturerName>
      <ManufactureCountry>לא ידוע</ManufactureCountry>
      <ManufacturerItemDescription>קצפת צמחית 21% שומן</ManufacturerItemDescription>
      <UnitQty>לא ידוע</UnitQty>
      <Quantity>250.00</Quantity>
      <UnitOfMeasure>לא ידוע</UnitOfMeasure>
      <bIsWeighted>0</bIsWeighted>
      <QtyInPackage>לא ידוע</QtyInPackage>
      <ItemPrice>9.50</ItemPrice>
      <UnitOfMeasurePrice>0.0380</UnitOfMeasurePrice>
      <AllowDiscount>1</AllowDiscount>
      <ItemStatus>1</ItemStatus>
      <ItemId>225406</ItemId>
    </Item>
    <Item>
      <PriceUpdateDate>2025-01-02 15:35:05</PriceUpdateDate>
      <ItemCode>7290112344724</ItemCode>
      <ItemType>1</ItemType>
      <ItemName>מילקי בטעם שוקולד בל</ItemName>
      <ManufacturerName>לא ידוע</ManufacturerName>
      <ManufactureCountry>לא ידוע</ManufactureCountry>
      <ManufacturerItemDescription>מילקי בטעם שוקולד בל</ManufacturerItemDescription>
      <UnitQty>לא ידוע</UnitQty>
      <Quantity>133.00</Quantity>
      <UnitOfMeasure>לא ידוע</UnitOfMeasure>
      <bIsWeighted>0</bIsWeighted>
      <QtyInPackage>לא ידוע</QtyInPackage>
      <ItemPrice>3.90</ItemPrice>
      <UnitOfMeasurePrice>0.0293</UnitOfMeasurePrice>
      <AllowDiscount>1</AllowDiscount>
      <ItemStatus>1</ItemStatus>
      <ItemId>234990</ItemId>
    </Item>
    <Item>
      <PriceUpdateDate>2025-01-06 10:28:51</PriceUpdateDate>
      <ItemCode>7290013146724</ItemCode>
      <ItemType>1</ItemType>
      <ItemName>אייס קפה 350גר</ItemName>
      <ManufacturerName>לא ידוע</ManufacturerName>
      <ManufactureCountry>לא ידוע</ManufactureCountry>
      <ManufacturerItemDescription>אייס קפה 350גר</ManufacturerItemDescription>
      <UnitQty>לא ידוע</UnitQty>
      <Quantity>350.00</Quantity>
      <UnitOfMeasure>לא ידוע</UnitOfMeasure>
      <bIsWeighted>0</bIsWeighted>
      <QtyInPackage>לא ידוע</QtyInPackage>
      <ItemPrice>21.90</ItemPrice>
      <UnitOfMeasurePrice>0.0626</UnitOfMeasurePrice>
      <AllowDiscount>1</AllowDiscount>
      <ItemStatus>1</ItemStatus>
      <ItemId>272496</ItemId>
    </Item>
    <Item>
      <PriceUpdateDate>2025-01-08 14:27:36</PriceUpdateDate>
      <ItemCode>40144016</ItemCode>
      <ItemType>1</ItemType>
      <ItemName>סוכריות וורטר גליל 5</ItemName>
      <ManufacturerName>קריות זול</ManufacturerName>
      <ManufactureCountry>לא ידוע</ManufactureCountry>
      <ManufacturerItemDescription>סוכריות וורטר גליל 5</ManufacturerItemDescription>
      <UnitQty>לא ידוע</UnitQty>
      <Quantity>50.00</Quantity>
      <UnitOfMeasure>לא ידוע</UnitOfMeasure>
      <bIsWeighted>0</bIsWeighted>
      <QtyInPackage>לא ידוע</QtyInPackage>
      <ItemPrice>5.50</ItemPrice>
      <UnitOfMeasurePrice>0.1100</UnitOfMeasurePrice>
      <AllowDiscount>1</AllowDiscount>
      <ItemStatus>1</ItemStatus>
      <ItemId>191692</ItemId>
    </Item>
    <Item>
      <PriceUpdateDate>2025-01-12 17:05:16</PriceUpdateDate>
      <ItemCode>7290109581385</ItemCode>
      <ItemType>1</ItemType>
      <ItemName>פסטרמה פרגית 250 גרם</ItemName>
      <ManufacturerName>לא ידוע</ManufacturerName>
      <ManufactureCountry>לא ידוע</ManufactureCountry>
      <ManufacturerItemDescription>פסטרמה פרגית 250 גרם</ManufacturerItemDescription>
      <UnitQty>לא ידוע</UnitQty>
      <Quantity>250.00</Quantity>
      <UnitOfMeasure>לא ידוע</UnitOfMeasure>
      <bIsWeighted>0</bIsWeighted>
      <QtyInPackage>לא ידוע</QtyInPackage>
      <ItemPrice>26.90</ItemPrice>
      <UnitOfMeasurePrice>0.1076</UnitOfMeasurePrice>
      <AllowDiscount>1</AllowDiscount>
      <ItemStatus>1</ItemStatus>
      <ItemId>274648</ItemId>
    </Item>
    <Item>
      <PriceUpdateDate>2025-01-16 14:20:16</PriceUpdateDate>
      <ItemCode>8700216527729</ItemCode>
      <ItemType>1</ItemType>
      <ItemName>פנטן קלאסי מרכך 600</ItemName>
      <ManufacturerName>לא ידוע</ManufacturerName>
      <ManufactureCountry>לא ידוע</ManufactureCountry>
      <ManufacturerItemDescription>פנטן קלאסי מרכך 600</ManufacturerItemDescription>
      <UnitQty>לא ידוע</UnitQty>
      <Quantity>600.00</Quantity>
      <UnitOfMeasure>לא ידוע</UnitOfMeasure>
      <bIsWeighted>0</bIsWeighted>
      <QtyInPackage>לא ידוע</QtyInPackage>
      <ItemPrice>22.90</ItemPrice>
      <UnitOfMeasurePrice>0.0382</UnitOfMeasurePrice>
      <AllowDiscount>1</AllowDiscount>
      <ItemStatus>1</ItemStatus>
      <ItemId>274718</ItemId>
    </Item>
    <Item>
      <PriceUpdateDate>2025-01-16 14:20:16</PriceUpdateDate>
      <ItemCode>8700216527941</ItemCode>
      <ItemType>1</ItemType>
      <ItemName>פנטן שמפו קלאסי 600</ItemName>
      <ManufacturerName>לא ידוע</ManufacturerName>
      <ManufactureCountry>לא ידוע</ManufactureCountry>
      <ManufacturerItemDescription>פנטן שמפו קלאסי 600</ManufacturerItemDescription>
      <UnitQty>לא ידוע</UnitQty>
      <Quantity>600.00</Quantity>
      <UnitOfMeasure>לא ידוע</UnitOfMeasure>
      <bIsWeighted>0</bIsWeighted>
      <QtyInPackage>לא ידוע</QtyInPackage>
      <ItemPrice>22.90</ItemPrice>
      <UnitOfMeasurePrice>0.0382</UnitOfMeasurePrice>
      <AllowDiscount>1</AllowDiscount>
      <ItemStatus>1</ItemStatus>
      <ItemId>274723</ItemId>
    </Item>
    <Item>
      <PriceUpdateDate>2025-01-20 15:20:15</PriceUpdateDate>
      <ItemCode>7290114604840</ItemCode>
      <ItemType>1</ItemType>
      <ItemName>דפי אורז קוטר 16 סמ</ItemName>
      <ManufacturerName>לא ידוע</ManufacturerName>
      <ManufactureCountry>לא ידוע</ManufactureCountry>
      <ManufacturerItemDescription>דפי אורז קוטר 16 סמ</ManufacturerItemDescription>
      <UnitQty>יחידה   </UnitQty>
      <Quantity>0.00</Quantity>
      <UnitOfMeasure>יחידה   </UnitOfMeasure>
      <bIsWeighted>0</bIsWeighted>
      <QtyInPackage>לא ידוע</QtyInPackage>
      <ItemPrice>14.90</ItemPrice>
      <UnitOfMeasurePrice>0.0000</UnitOfMeasurePrice>
      <AllowDiscount>1</AllowDiscount>
      <ItemStatus>1</ItemStatus>
      <ItemId>274750</ItemId>
    </Item>
    <Item>
      <PriceUpdateDate>2025-01-23 13:01:54</PriceUpdateDate>
      <ItemCode>7290113560352</ItemCode>
      <ItemType>1</ItemType>
      <ItemName>משחת שיניים סנסודיין</ItemName>
      <ManufacturerName>לא ידוע</ManufacturerName>
      <ManufactureCountry>לא ידוע</ManufactureCountry>
      <ManufacturerItemDescription>משחת שיניים סנסודיין</ManufacturerItemDescription>
      <UnitQty>לא ידוע</UnitQty>
      <Quantity>75.00</Quantity>
      <UnitOfMeasure>לא ידוע</UnitOfMeasure>
      <bIsWeighted>0</bIsWeighted>
      <QtyInPackage>לא ידוע</QtyInPackage>
      <ItemPrice>31.90</ItemPrice>
      <UnitOfMeasurePrice>0.4253</UnitOfMeasurePrice>
      <AllowDiscount>1</AllowDiscount>
      <ItemStatus>1</ItemStatus>
      <ItemId>269464</ItemId>
    </Item>
    <Item>
      <PriceUpdateDate>2025-01-27 15:03:06</PriceUpdateDate>
      <ItemCode>3574661552576</ItemCode>
      <ItemType>1</ItemType>
      <ItemName>קרפרי מגן תחתון רגיל</ItemName>
      <ManufacturerName>קריות זול</ManufacturerName>
      <ManufactureCountry>לא ידוע</ManufactureCountry>
      <ManufacturerItemDescription>קרפרי מגן תחתון רגיל</ManufacturerItemDescription>
      <UnitQty>לא ידוע</UnitQty>
      <Quantity>56.00</Quantity>
      <UnitOfMeasure>לא ידוע</UnitOfMeasure>
      <bIsWeighted>0</bIsWeighted>
      <QtyInPackage>לא ידוע</QtyInPackage>
      <ItemPrice>18.90</ItemPrice>
      <UnitOfMeasurePrice>0.3375</UnitOfMeasurePrice>
      <AllowDiscount>1</AllowDiscount>
      <ItemStatus>1</ItemStatus>
      <ItemId>247928</ItemId>
    </Item>
    <Item>
      <PriceUpdateDate>2025-01-28 07:44:47</PriceUpdateDate>
      <ItemCode>4005808366392</ItemCode>
      <ItemType>1</ItemType>
      <ItemName>שפתון לבלו כחול בליס</ItemName>
      <ManufacturerName>לא ידוע</ManufacturerName>
      <ManufactureCountry>לא ידוע</ManufactureCountry>
      <ManufacturerItemDescription>שפתון לבלו כחול בליס</ManufacturerItemDescription>
      <UnitQty>יחידה   </UnitQty>
      <Quantity>0.00</Quantity>
      <UnitOfMeasure>יחידה   </UnitOfMeasure>
      <bIsWeighted>0</bIsWeighted>
      <QtyInPackage>לא ידוע</QtyInPackage>
      <ItemPrice>14.90</ItemPrice>
      <UnitOfMeasurePrice>0.0000</UnitOfMeasurePrice>
      <AllowDiscount>1</AllowDiscount>
      <ItemStatus>1</ItemStatus>
      <ItemId>230973</ItemId>
    </Item>
    <Item>
      <PriceUpdateDate>2025-01-28 07:46:28</PriceUpdateDate>
      <ItemCode>7290006788498</ItemCode>
      <ItemType>1</ItemType>
      <ItemName>קרליין ספריי רקטיב נ</ItemName>
      <ManufacturerName>לא ידוע</ManufacturerName>
      <ManufactureCountry>לא ידוע</ManufactureCountry>
      <ManufacturerItemDescription>קרליין ספריי רקטיב נ</ManufacturerItemDescription>
      <UnitQty>לא ידוע</UnitQty>
      <Quantity>200.00</Quantity>
      <UnitOfMeasure>לא ידוע</UnitOfMeasure>
      <bIsWeighted>0</bIsWeighted>
      <QtyInPackage>לא ידוע</QtyInPackage>
      <ItemPrice>14.90</ItemPrice>
      <UnitOfMeasurePrice>0.0745</UnitOfMeasurePrice>
      <AllowDiscount>1</AllowDiscount>
      <ItemStatus>1</ItemStatus>
      <ItemId>180618</ItemId>
    </Item>
    <Item>
      <PriceUpdateDate>2025-01-28 07:46:31</PriceUpdateDate>
      <ItemCode>7290108357059</ItemCode>
      <ItemType>1</ItemType>
      <ItemName>קרליין רולאון נושם ב</ItemName>
      <ManufacturerName>לא ידוע</ManufacturerName>
      <ManufactureCountry>לא ידוע</ManufactureCountry>
      <ManufacturerItemDescription>קרליין רולאון נושם ב</ManufacturerItemDescription>
      <UnitQty>לא ידוע</UnitQty>
      <Quantity>75.00</Quantity>
      <UnitOfMeasure>לא ידוע</UnitOfMeasure>
      <bIsWeighted>0</bIsWeighted>
      <QtyInPackage>לא ידוע</QtyInPackage>
      <ItemPrice>14.90</ItemPrice>
      <UnitOfMeasurePrice>0.1987</UnitOfMeasurePrice>
      <AllowDiscount>1</AllowDiscount>
      <ItemStatus>1</ItemStatus>
      <ItemId>261835</ItemId>
    </Item>
    <Item>
      <PriceUpdateDate>2025-01-28 07:46:32</PriceUpdateDate>
      <ItemCode>7290108358087</ItemCode>
      <ItemType>1</ItemType>
      <ItemName>קרמה תחליב רחצה מאסק</ItemName>
      <ManufacturerName>לא ידוע</ManufacturerName>
      <ManufactureCountry>לא ידוע</ManufactureCountry>
      <ManufacturerItemDescription>קרמה תחליב רחצה מאסק</ManufacturerItemDescription>
      <UnitQty>לא ידוע</UnitQty>
      <Quantity>700.00</Quantity>
      <UnitOfMeasure>לא ידוע</UnitOfMeasure>
      <bIsWeighted>0</bIsWeighted>
      <QtyInPackage>לא ידוע</QtyInPackage>
      <ItemPrice>20.90</ItemPrice>
      <UnitOfMeasurePrice>0.0299</UnitOfMeasurePrice>
      <AllowDiscount>1</AllowDiscount>
      <ItemStatus>1</ItemStatus>
      <ItemId>249215</ItemId>
    </Item>
    <Item>
      <PriceUpdateDate>2025-01-28 07:46:44</PriceUpdateDate>
      <ItemCode>7290015155830</ItemCode>
      <ItemType>1</ItemType>
      <ItemName>פרינוק פאוץ' בטעם תפ</ItemName>
      <ManufacturerName>לא ידוע</ManufacturerName>
      <ManufactureCountry>לא ידוע</ManufactureCountry>
      <ManufacturerItemDescription>פרינוק פאוץ' בטעם תפ</ManufacturerItemDescription>
      <UnitQty>לא ידוע</UnitQty>
      <Quantity>120.00</Quantity>
      <UnitOfMeasure>לא ידוע</UnitOfMeasure>
      <bIsWeighted>0</bIsWeighted>
      <QtyInPackage>לא ידוע</QtyInPackage>
      <ItemPrice>7.50</ItemPrice>
      <UnitOfMeasurePrice>0.0625</UnitOfMeasurePrice>
      <AllowDiscount>1</AllowDiscount>
      <ItemStatus>1</ItemStatus>
      <ItemId>238984</ItemId>
    </Item>
    <Item>
      <PriceUpdateDate>2025-01-28 07:46:49</PriceUpdateDate>
      <ItemCode>7290013144232</ItemCode>
      <ItemType>1</ItemType>
      <ItemName>פודינג וניל צרפתי מי</ItemName>
      <ManufacturerName>לא ידוע</ManufacturerName>
      <ManufactureCountry>לא ידוע</ManufactureCountry>
      <ManufacturerItemDescription>פודינג וניל צרפתי מי</ManufacturerItemDescription>
      <UnitQty>יחידה   </UnitQty>
      <Quantity>0.00</Quantity>
      <UnitOfMeasure>יחידה   </UnitOfMeasure>
      <bIsWeighted>0</bIsWeighted>
      <QtyInPackage>לא ידוע</QtyInPackage>
      <ItemPrice>6.90</ItemPrice>
      <UnitOfMeasurePrice>0.0000</UnitOfMeasurePrice>
      <AllowDiscount>1</AllowDiscount>
      <ItemStatus>1</ItemStatus>
      <ItemId>216390</ItemId>
    </Item>
    <Item>
      <PriceUpdateDate>2025-02-02 13:20:36</PriceUpdateDate>
      <ItemCode>7290012212154</ItemCode>
      <ItemType>1</ItemType>
      <ItemName>מלפפון במלח פרימיום</ItemName>
      <ManufacturerName>לא ידוע</ManufacturerName>
      <ManufactureCountry>לא ידוע</ManufactureCountry>
      <ManufacturerItemDescription>מלפפון במלח פרימיום</ManufacturerItemDescription>
      <UnitQty>יחידה   </UnitQty>
      <Quantity>0.00</Quantity>
      <UnitOfMeasure>יחידה   </UnitOfMeasure>
      <bIsWeighted>0</bIsWeighted>
      <QtyInPackage>לא ידוע</QtyInPackage>
      <ItemPrice>15.90</ItemPrice>
      <UnitOfMeasurePrice>0.0000</UnitOfMeasurePrice>
      <AllowDiscount>1</AllowDiscount>
      <ItemStatus>1</ItemStatus>
      <ItemId>270390</ItemId>
    </Item>
    <Item>
      <PriceUpdateDate>2025-02-03 13:43:36</PriceUpdateDate>
      <ItemCode>7290110323592</ItemCode>
      <ItemType>1</ItemType>
      <ItemName>יוגורט גו לייט אפרסק</ItemName>
      <ManufacturerName>לא ידוע</ManufacturerName>
      <ManufactureCountry>לא ידוע</ManufactureCountry>
      <ManufacturerItemDescription>יוגורט גו לייט אפרסק</ManufacturerItemDescription>
      <UnitQty>לא ידוע</UnitQty>
      <Quantity>200.00</Quantity>
      <UnitOfMeasure>לא ידוע</UnitOfMeasure>
      <bIsWeighted>0</bIsWeighted>
      <QtyInPackage>לא ידוע</QtyInPackage>
      <ItemPrice>7.90</ItemPrice>
      <UnitOfMeasurePrice>0.0395</UnitOfMeasurePrice>
      <AllowDiscount>1</AllowDiscount>
      <ItemStatus>1</ItemStatus>
      <ItemId>226424</ItemId>
    </Item>
    <Item>
      <PriceUpdateDate>2025-02-05 10:04:14</PriceUpdateDate>
      <ItemCode>7290004658946</ItemCode>
      <ItemType>1</ItemType>
      <ItemName>יין שרדונה כרמל .P.C</ItemName>
      <ManufacturerName>קריות זול</ManufacturerName>
      <ManufactureCountry>לא ידוע</ManufactureCountry>
      <ManufacturerItemDescription>יין שרדונה כרמל .P.C</ManufacturerItemDescription>
      <UnitQty>לא ידוע</UnitQty>
      <Quantity>750.00</Quantity>
      <UnitOfMeasure>לא ידוע</UnitOfMeasure>
      <bIsWeighted>0</bIsWeighted>
      <QtyInPackage>לא ידוע</QtyInPackage>
      <ItemPrice>48.90</ItemPrice>
      <UnitOfMeasurePrice>0.0652</UnitOfMeasurePrice>
      <AllowDiscount>1</AllowDiscount>
      <ItemStatus>1</ItemStatus>
      <ItemId>171228</ItemId>
    </Item>
    <Item>
      <PriceUpdateDate>2025-02-05 10:04:14</PriceUpdateDate>
      <ItemCode>7290008802291</ItemCode>
      <ItemType>1</ItemType>
      <ItemName>יין מרלו פרייבט קולק</ItemName>
      <ManufacturerName>קריות זול</ManufacturerName>
      <ManufactureCountry>לא ידוע</ManufactureCountry>
      <ManufacturerItemDescription>יין מרלו פרייבט קולק</ManufacturerItemDescription>
      <UnitQty>לא ידוע</UnitQty>
      <Quantity>750.00</Quantity>
      <UnitOfMeasure>לא ידוע</UnitOfMeasure>
      <bIsWeighted>0</bIsWeighted>
      <QtyInPackage>לא ידוע</QtyInPackage>
      <ItemPrice>48.90</ItemPrice>
      <UnitOfMeasurePrice>0.0652</UnitOfMeasurePrice>
      <AllowDiscount>1</AllowDiscount>
      <ItemStatus>1</ItemStatus>
      <ItemId>171247</ItemId>
    </Item>
    <Item>
      <PriceUpdateDate>2025-02-05 10:04:15</PriceUpdateDate>
      <ItemCode>7290008804332</ItemCode>
      <ItemType>1</ItemType>
      <ItemName>יין שיראז אדום יבש פ</ItemName>
      <ManufacturerName>קריות זול</ManufacturerName>
      <ManufactureCountry>לא ידוע</ManufactureCountry>
      <ManufacturerItemDescription>יין שיראז אדום יבש פ</ManufacturerItemDescription>
      <UnitQty>לא ידוע</UnitQty>
      <Quantity>750.00</Quantity>
      <UnitOfMeasure>לא ידוע</UnitOfMeasure>
      <bIsWeighted>0</bIsWeighted>
      <QtyInPackage>לא ידוע</QtyInPackage>
      <ItemPrice>48.90</ItemPrice>
      <UnitOfMeasurePrice>0.0652</UnitOfMeasurePrice>
      <AllowDiscount>1</AllowDiscount>
      <ItemStatus>1</ItemStatus>
      <ItemId>171261</ItemId>
    </Item>
    <Item>
      <PriceUpdateDate>2025-02-05 10:04:15</PriceUpdateDate>
      <ItemCode>7290018294192</ItemCode>
      <ItemType>1</ItemType>
      <ItemName>בלנד היינן אדום פריי</ItemName>
      <ManufacturerName>קריות זול</ManufacturerName>
      <ManufactureCountry>לא ידוע</ManufactureCountry>
      <ManufacturerItemDescription>בלנד היינן אדום פריי</ManufacturerItemDescription>
      <UnitQty>לא ידוע</UnitQty>
      <Quantity>750.00</Quantity>
      <UnitOfMeasure>לא ידוע</UnitOfMeasure>
      <bIsWeighted>0</bIsWeighted>
      <QtyInPackage>לא ידוע</QtyInPackage>
      <ItemPrice>48.90</ItemPrice>
      <UnitOfMeasurePrice>0.0652</UnitOfMeasurePrice>
      <AllowDiscount>1</AllowDiscount>
      <ItemStatus>1</ItemStatus>
      <ItemId>263617</ItemId>
    </Item>
    <Item>
      <PriceUpdateDate>2025-02-17 10:39:21</PriceUpdateDate>
      <ItemCode>7290013472199</ItemCode>
      <ItemType>1</ItemType>
      <ItemName>ערמונים ויליפוד 100ג</ItemName>
      <ManufacturerName>לא ידוע</ManufacturerName>
      <ManufactureCountry>לא ידוע</ManufactureCountry>
      <ManufacturerItemDescription>ערמונים ויליפוד 100ג</ManufacturerItemDescription>
      <UnitQty>לא ידוע</UnitQty>
      <Quantity>100.00</Quantity>
      <UnitOfMeasure>לא ידוע</UnitOfMeasure>
      <bIsWeighted>0</bIsWeighted>
      <QtyInPackage>לא ידוע</QtyInPackage>
      <ItemPrice>7.50</ItemPrice>
      <UnitOfMeasurePrice>0.0750</UnitOfMeasurePrice>
      <AllowDiscount>1</AllowDiscount>
      <ItemStatus>1</ItemStatus>
      <ItemId>178858</ItemId>
    </Item>
    <Item>
      <PriceUpdateDate>2025-03-02 12:05:16</PriceUpdateDate>
      <ItemCode>7290117266144</ItemCode>
      <ItemType>1</ItemType>
      <ItemName>רסק עגבניות 28%  400</ItemName>
      <ManufacturerName>לא ידוע</ManufacturerName>
      <ManufactureCountry>לא ידוע</ManufactureCountry>
      <ManufacturerItemDescription>רסק עגבניות 28%  400</ManufacturerItemDescription>
      <UnitQty>לא ידוע</UnitQty>
      <Quantity>400.00</Quantity>
      <UnitOfMeasure>לא ידוע</UnitOfMeasure>
      <bIsWeighted>0</bIsWeighted>
      <QtyInPackage>לא ידוע</QtyInPackage>
      <ItemPrice>9.50</ItemPrice>
      <UnitOfMeasurePrice>0.0238</UnitOfMeasurePrice>
      <AllowDiscount>1</AllowDiscount>
      <ItemStatus>1</ItemStatus>
      <ItemId>275442</ItemId>
    </Item>
    <Item>
      <PriceUpdateDate>2025-03-04 15:07:06</PriceUpdateDate>
      <ItemCode>7290002814054</ItemCode>
      <ItemType>1</ItemType>
      <ItemName>אנטרטיק במתז 1 ליטר</ItemName>
      <ManufacturerName>לא ידוע</ManufacturerName>
      <ManufactureCountry>לא ידוע</ManufactureCountry>
      <ManufacturerItemDescription>אנטרטיק במתז 1 ליטר</ManufacturerItemDescription>
      <UnitQty>ליטרים</UnitQty>
      <Quantity>1.00</Quantity>
      <UnitOfMeasure>ליטר    </UnitOfMeasure>
      <bIsWeighted>0</bIsWeighted>
      <QtyInPackage>לא ידוע</QtyInPackage>
      <ItemPrice>15.90</ItemPrice>
      <UnitOfMeasurePrice>15.9000</UnitOfMeasurePrice>
      <AllowDiscount>1</AllowDiscount>
      <ItemStatus>1</ItemStatus>
      <ItemId>227254</ItemId>
    </Item>
    <Item>
      <PriceUpdateDate>2025-03-04 16:20:16</PriceUpdateDate>
      <ItemCode>7290003353330</ItemCode>
      <ItemType>1</ItemType>
      <ItemName>המבורגר אנגוס 500 גר</ItemName>
      <ManufacturerName>לא ידוע</ManufacturerName>
      <ManufactureCountry>לא ידוע</ManufactureCountry>
      <ManufacturerItemDescription>המבורגר אנגוס 500 גר</ManufacturerItemDescription>
      <UnitQty>לא ידוע</UnitQty>
      <Quantity>500.00</Quantity>
      <UnitOfMeasure>לא ידוע</UnitOfMeasure>
      <bIsWeighted>0</bIsWeighted>
      <QtyInPackage>לא ידוע</QtyInPackage>
      <ItemPrice>25.90</ItemPrice>
      <UnitOfMeasurePrice>0.0518</UnitOfMeasurePrice>
      <AllowDiscount>1</AllowDiscount>
      <ItemStatus>1</ItemStatus>
      <ItemId>275567</ItemId>
    </Item>
    <Item>
      <PriceUpdateDate>2025-03-06 15:35:17</PriceUpdateDate>
      <ItemCode>7290014648661</ItemCode>
      <ItemType>1</ItemType>
      <ItemName>לה בל מקלוני אוזניים</ItemName>
      <ManufacturerName>לא ידוע</ManufacturerName>
      <ManufactureCountry>לא ידוע</ManufactureCountry>
      <ManufacturerItemDescription>לה בל מקלוני אוזניים</ManufacturerItemDescription>
      <UnitQty>יחידה   </UnitQty>
      <Quantity>0.00</Quantity>
      <UnitOfMeasure>יחידה   </UnitOfMeasure>
      <bIsWeighted>0</bIsWeighted>
      <QtyInPackage>לא ידוע</QtyInPackage>
      <ItemPrice>5.90</ItemPrice>
      <UnitOfMeasurePrice>0.0000</UnitOfMeasurePrice>
      <AllowDiscount>1</AllowDiscount>
      <ItemStatus>1</ItemStatus>
      <ItemId>275716</ItemId>
    </Item>
    <Item>
      <PriceUpdateDate>2025-03-11 11:35:16</PriceUpdateDate>
      <ItemCode>7290002771395</ItemCode>
      <ItemType>1</ItemType>
      <ItemName>קפה שחור ללא הל 100</ItemName>
      <ManufacturerName>לא ידוע</ManufacturerName>
      <ManufactureCountry>לא ידוע</ManufactureCountry>
      <ManufacturerItemDescription>קפה שחור ללא הל 100</ManufacturerItemDescription>
      <UnitQty>לא ידוע</UnitQty>
      <Quantity>100.00</Quantity>
      <UnitOfMeasure>לא ידוע</UnitOfMeasure>
      <bIsWeighted>0</bIsWeighted>
      <QtyInPackage>לא ידוע</QtyInPackage>
      <ItemPrice>12.90</ItemPrice>
      <UnitOfMeasurePrice>0.1290</UnitOfMeasurePrice>
      <AllowDiscount>1</AllowDiscount>
      <ItemStatus>1</ItemStatus>
      <ItemId>275780</ItemId>
    </Item>
    <Item>
      <PriceUpdateDate>2025-03-16 16:20:15</PriceUpdateDate>
      <ItemCode>7290004768201</ItemCode>
      <ItemType>1</ItemType>
      <ItemName>שומן כבש ארוז 200גר</ItemName>
      <ManufacturerName>לא ידוע</ManufacturerName>
      <ManufactureCountry>לא ידוע</ManufactureCountry>
      <ManufacturerItemDescription>שומן כבש ארוז 200גר</ManufacturerItemDescription>
      <UnitQty>לא ידוע</UnitQty>
      <Quantity>200.00</Quantity>
      <UnitOfMeasure>לא ידוע</UnitOfMeasure>
      <bIsWeighted>0</bIsWeighted>
      <QtyInPackage>לא ידוע</QtyInPackage>
      <ItemPrice>21.90</ItemPrice>
      <UnitOfMeasurePrice>0.1095</UnitOfMeasurePrice>
      <AllowDiscount>1</AllowDiscount>
      <ItemStatus>1</ItemStatus>
      <ItemId>275829</ItemId>
    </Item>
    <Item>
      <PriceUpdateDate>2025-03-25 09:35:17</PriceUpdateDate>
      <ItemCode>7290121804509</ItemCode>
      <ItemType>1</ItemType>
      <ItemName>בקבוק נירוסטה 500 מל</ItemName>
      <ManufacturerName>לא ידוע</ManufacturerName>
      <ManufactureCountry>לא ידוע</ManufactureCountry>
      <ManufacturerItemDescription>בקבוק נירוסטה 500 מל</ManufacturerItemDescription>
      <UnitQty>יחידה   </UnitQty>
      <Quantity>0.00</Quantity>
      <UnitOfMeasure>יחידה   </UnitOfMeasure>
      <bIsWeighted>0</bIsWeighted>
      <QtyInPackage>לא ידוע</QtyInPackage>
      <ItemPrice>39.90</ItemPrice>
      <UnitOfMeasurePrice>0.0000</UnitOfMeasurePrice>
      <AllowDiscount>1</AllowDiscount>
      <ItemStatus>1</ItemStatus>
      <ItemId>277569</ItemId>
    </Item>
    <Item>
      <PriceUpdateDate>2025-04-02 14:41:20</PriceUpdateDate>
      <ItemCode>7290013329653</ItemCode>
      <ItemType>1</ItemType>
      <ItemName>סוכר קנים אורגני כרם</ItemName>
      <ManufacturerName>לא ידוע</ManufacturerName>
      <ManufactureCountry>לא ידוע</ManufactureCountry>
      <ManufacturerItemDescription>סוכר קנים אורגני כרם</ManufacturerItemDescription>
      <UnitQty>לא ידוע</UnitQty>
      <Quantity>1000.00</Quantity>
      <UnitOfMeasure>לא ידוע</UnitOfMeasure>
      <bIsWeighted>0</bIsWeighted>
      <QtyInPackage>לא ידוע</QtyInPackage>
      <ItemPrice>17.90</ItemPrice>
      <UnitOfMeasurePrice>0.0179</UnitOfMeasurePrice>
      <AllowDiscount>1</AllowDiscount>
      <ItemStatus>1</ItemStatus>
      <ItemId>273137</ItemId>
    </Item>
    <Item>
      <PriceUpdateDate>2025-04-11 10:09:30</PriceUpdateDate>
      <ItemCode>7290004064174</ItemCode>
      <ItemType>1</ItemType>
      <ItemName>מלח ההימלאיה דק בצנצ</ItemName>
      <ManufacturerName>לא ידוע</ManufacturerName>
      <ManufactureCountry>לא ידוע</ManufactureCountry>
      <ManufacturerItemDescription>מלח ההימלאיה דק בצנצ</ManufacturerItemDescription>
      <UnitQty>לא ידוע</UnitQty>
      <Quantity>1000.00</Quantity>
      <UnitOfMeasure>לא ידוע</UnitOfMeasure>
      <bIsWeighted>0</bIsWeighted>
      <QtyInPackage>לא ידוע</QtyInPackage>
      <ItemPrice>20.90</ItemPrice>
      <UnitOfMeasurePrice>0.0209</UnitOfMeasurePrice>
      <AllowDiscount>1</AllowDiscount>
      <ItemStatus>1</ItemStatus>
      <ItemId>222328</ItemId>
    </Item>
    <Item>
      <PriceUpdateDate>2025-04-15 13:50:27</PriceUpdateDate>
      <ItemCode>7290013358578</ItemCode>
      <ItemType>1</ItemType>
      <ItemName>אטריות אורז רחבות 40</ItemName>
      <ManufacturerName>לא ידוע</ManufacturerName>
      <ManufactureCountry>לא ידוע</ManufactureCountry>
      <ManufacturerItemDescription>אטריות אורז רחבות 40</ManufacturerItemDescription>
      <UnitQty>לא ידוע</UnitQty>
      <Quantity>400.00</Quantity>
      <UnitOfMeasure>לא ידוע</UnitOfMeasure>
      <bIsWeighted>0</bIsWeighted>
      <QtyInPackage>לא ידוע</QtyInPackage>
      <ItemPrice>12.90</ItemPrice>
      <UnitOfMeasurePrice>0.0323</UnitOfMeasurePrice>
      <AllowDiscount>1</AllowDiscount>
      <ItemStatus>1</ItemStatus>
      <ItemId>257988</ItemId>
    </Item>
    <Item>
      <PriceUpdateDate>2025-04-19 18:04:52</PriceUpdateDate>
      <ItemCode>7290013608673</ItemCode>
      <ItemType>1</ItemType>
      <ItemName>פרימור נקטר תפוחי עץ</ItemName>
      <ManufacturerName>לא ידוע</ManufacturerName>
      <ManufactureCountry>לא ידוע</ManufactureCountry>
      <ManufacturerItemDescription>פרימור נקטר תפוחי עץ</ManufacturerItemDescription>
      <UnitQty>לא ידוע</UnitQty>
      <Quantity>1000.00</Quantity>
      <UnitOfMeasure>לא ידוע</UnitOfMeasure>
      <bIsWeighted>0</bIsWeighted>
      <QtyInPackage>לא ידוע</QtyInPackage>
      <ItemPrice>8.90</ItemPrice>
      <UnitOfMeasurePrice>0.0089</UnitOfMeasurePrice>
      <AllowDiscount>1</AllowDiscount>
      <ItemStatus>1</ItemStatus>
      <ItemId>179763</ItemId>
    </Item>
    <Item>
      <PriceUpdateDate>2025-04-20 06:45:01</PriceUpdateDate>
      <ItemCode>7312040017683</ItemCode>
      <ItemType>1</ItemType>
      <ItemName>אבסולוט וודקה 700 מל</ItemName>
      <ManufacturerName>לא ידוע</ManufacturerName>
      <ManufactureCountry>לא ידוע</ManufactureCountry>
      <ManufacturerItemDescription>אבסולוט וודקה 700 מל</ManufacturerItemDescription>
      <UnitQty>לא ידוע</UnitQty>
      <Quantity>700.00</Quantity>
      <UnitOfMeasure>לא ידוע</UnitOfMeasure>
      <bIsWeighted>0</bIsWeighted>
      <QtyInPackage>לא ידוע</QtyInPackage>
      <ItemPrice>76.90</ItemPrice>
      <UnitOfMeasurePrice>0.1099</UnitOfMeasurePrice>
      <AllowDiscount>1</AllowDiscount>
      <ItemStatus>1</ItemStatus>
      <ItemId>173269</ItemId>
    </Item>
    <Item>
      <PriceUpdateDate>2025-04-20 06:45:03</PriceUpdateDate>
      <ItemCode>7290002026365</ItemCode>
      <ItemType>1</ItemType>
      <ItemName>טבעות בצל 500גר</ItemName>
      <ManufacturerName>לא ידוע</ManufacturerName>
      <ManufactureCountry>לא ידוע</ManufactureCountry>
      <ManufacturerItemDescription>טבעות בצל 500גר</ManufacturerItemDescription>
      <UnitQty>לא ידוע</UnitQty>
      <Quantity>500.00</Quantity>
      <UnitOfMeasure>לא ידוע</UnitOfMeasure>
      <bIsWeighted>0</bIsWeighted>
      <QtyInPackage>לא ידוע</QtyInPackage>
      <ItemPrice>18.90</ItemPrice>
      <UnitOfMeasurePrice>0.0378</UnitOfMeasurePrice>
      <AllowDiscount>1</AllowDiscount>
      <ItemStatus>1</ItemStatus>
      <ItemId>174066</ItemId>
    </Item>
    <Item>
      <PriceUpdateDate>2025-04-20 06:45:08</PriceUpdateDate>
      <ItemCode>7290013389114</ItemCode>
      <ItemType>1</ItemType>
      <ItemName>ניוקי תפוא 500 גר</ItemName>
      <ManufacturerName>לא ידוע</ManufacturerName>
      <ManufactureCountry>לא ידוע</ManufactureCountry>
      <ManufacturerItemDescription>ניוקי תפוא 500 גר</ManufacturerItemDescription>
      <UnitQty>לא ידוע</UnitQty>
      <Quantity>500.00</Quantity>
      <UnitOfMeasure>לא ידוע</UnitOfMeasure>
      <bIsWeighted>0</bIsWeighted>
      <QtyInPackage>לא ידוע</QtyInPackage>
      <ItemPrice>13.90</ItemPrice>
      <UnitOfMeasurePrice>0.0278</UnitOfMeasurePrice>
      <AllowDiscount>1</AllowDiscount>
      <ItemStatus>1</ItemStatus>
      <ItemId>175357</ItemId>
    </Item>
    <Item>
      <PriceUpdateDate>2025-04-20 06:45:08</PriceUpdateDate>
      <ItemCode>7290011587840</ItemCode>
      <ItemType>1</ItemType>
      <ItemName>עגבניות קצוצות בשמן</ItemName>
      <ManufacturerName>לא ידוע</ManufacturerName>
      <ManufactureCountry>לא ידוע</ManufactureCountry>
      <ManufacturerItemDescription>עגבניות קצוצות בשמן</ManufacturerItemDescription>
      <UnitQty>לא ידוע</UnitQty>
      <Quantity>340.00</Quantity>
      <UnitOfMeasure>לא ידוע</UnitOfMeasure>
      <bIsWeighted>0</bIsWeighted>
      <QtyInPackage>לא ידוע</QtyInPackage>
      <ItemPrice>18.90</ItemPrice>
      <UnitOfMeasurePrice>0.0556</UnitOfMeasurePrice>
      <AllowDiscount>1</AllowDiscount>
      <ItemStatus>1</ItemStatus>
      <ItemId>214264</ItemId>
    </Item>
    <Item>
      <PriceUpdateDate>2025-04-20 06:45:10</PriceUpdateDate>
      <ItemCode>7290018380321</ItemCode>
      <ItemType>1</ItemType>
      <ItemName>מזון לחתול עם בשר צי</ItemName>
      <ManufacturerName>לא ידוע</ManufacturerName>
      <ManufactureCountry>לא ידוע</ManufactureCountry>
      <ManufacturerItemDescription>מזון לחתול עם בשר צי</ManufacturerItemDescription>
      <UnitQty>לא ידוע</UnitQty>
      <Quantity>415.00</Quantity>
      <UnitOfMeasure>לא ידוע</UnitOfMeasure>
      <bIsWeighted>0</bIsWeighted>
      <QtyInPackage>לא ידוע</QtyInPackage>
      <ItemPrice>8.90</ItemPrice>
      <UnitOfMeasurePrice>0.0214</UnitOfMeasurePrice>
      <AllowDiscount>1</AllowDiscount>
      <ItemStatus>1</ItemStatus>
      <ItemId>259483</ItemId>
    </Item>
    <Item>
      <PriceUpdateDate>2025-04-20 06:45:10</PriceUpdateDate>
      <ItemCode>7290018380253</ItemCode>
      <ItemType>1</ItemType>
      <ItemName>מזון לכלב עם עוף 415</ItemName>
      <ManufacturerName>לא ידוע</ManufacturerName>
      <ManufactureCountry>לא ידוע</ManufactureCountry>
      <ManufacturerItemDescription>מזון לכלב עם עוף 415</ManufacturerItemDescription>
      <UnitQty>לא ידוע</UnitQty>
      <Quantity>415.00</Quantity>
      <UnitOfMeasure>לא ידוע</UnitOfMeasure>
      <bIsWeighted>0</bIsWeighted>
      <QtyInPackage>לא ידוע</QtyInPackage>
      <ItemPrice>8.90</ItemPrice>
      <UnitOfMeasurePrice>0.0214</UnitOfMeasurePrice>
      <AllowDiscount>1</AllowDiscount>
      <ItemStatus>1</ItemStatus>
      <ItemId>259488</ItemId>
    </Item>
    <Item>
      <PriceUpdateDate>2025-04-20 06:45:10</PriceUpdateDate>
      <ItemCode>7290018972144</ItemCode>
      <ItemType>1</ItemType>
      <ItemName>תומר שניצל תירס 500ג</ItemName>
      <ManufacturerName>לא ידוע</ManufacturerName>
      <ManufactureCountry>לא ידוע</ManufactureCountry>
      <ManufacturerItemDescription>תומר שניצל תירס 500ג</ManufacturerItemDescription>
      <UnitQty>לא ידוע</UnitQty>
      <Quantity>500.00</Quantity>
      <UnitOfMeasure>לא ידוע</UnitOfMeasure>
      <bIsWeighted>0</bIsWeighted>
      <QtyInPackage>לא ידוע</QtyInPackage>
      <ItemPrice>19.90</ItemPrice>
      <UnitOfMeasurePrice>0.0398</UnitOfMeasurePrice>
      <AllowDiscount>1</AllowDiscount>
      <ItemStatus>1</ItemStatus>
      <ItemId>274428</ItemId>
    </Item>
    <Item>
      <PriceUpdateDate>2025-04-20 06:45:18</PriceUpdateDate>
      <ItemCode>7290117263716</ItemCode>
      <ItemType>1</ItemType>
      <ItemName>איטלפיצה פיצה מרגריט</ItemName>
      <ManufacturerName>לא ידוע</ManufacturerName>
      <ManufactureCountry>לא ידוע</ManufactureCountry>
      <ManufacturerItemDescription>איטלפיצה פיצה מרגריט</ManufacturerItemDescription>
      <UnitQty>לא ידוע</UnitQty>
      <Quantity>485.00</Quantity>
      <UnitOfMeasure>לא ידוע</UnitOfMeasure>
      <bIsWeighted>0</bIsWeighted>
      <QtyInPackage>לא ידוע</QtyInPackage>
      <ItemPrice>31.90</ItemPrice>
      <UnitOfMeasurePrice>0.0658</UnitOfMeasurePrice>
      <AllowDiscount>1</AllowDiscount>
      <ItemStatus>1</ItemStatus>
      <ItemId>267387</ItemId>
    </Item>
    <Item>
      <PriceUpdateDate>2025-04-20 07:28:39</PriceUpdateDate>
      <ItemCode>7290121160230</ItemCode>
      <ItemType>1</ItemType>
      <ItemName>מאסטר שף פירורי פנקו</ItemName>
      <ManufacturerName>לא ידוע</ManufacturerName>
      <ManufactureCountry>לא ידוע</ManufactureCountry>
      <ManufacturerItemDescription>מאסטר שף פירורי פנקו</ManufacturerItemDescription>
      <UnitQty>לא ידוע</UnitQty>
      <Quantity>240.00</Quantity>
      <UnitOfMeasure>לא ידוע</UnitOfMeasure>
      <bIsWeighted>0</bIsWeighted>
      <QtyInPackage>לא ידוע</QtyInPackage>
      <ItemPrice>9.90</ItemPrice>
      <UnitOfMeasurePrice>0.0413</UnitOfMeasurePrice>
      <AllowDiscount>1</AllowDiscount>
      <ItemStatus>1</ItemStatus>
      <ItemId>272880</ItemId>
    </Item>
    <Item>
      <PriceUpdateDate>2025-04-20 07:28:41</PriceUpdateDate>
      <ItemCode>8423207206501</ItemCode>
      <ItemType>1</ItemType>
      <ItemName>סלים דליס חטיף דגנים</ItemName>
      <ManufacturerName>לא ידוע</ManufacturerName>
      <ManufactureCountry>לא ידוע</ManufactureCountry>
      <ManufacturerItemDescription>סלים דליס חטיף דגנים</ManufacturerItemDescription>
      <UnitQty>לא ידוע</UnitQty>
      <Quantity>120.00</Quantity>
      <UnitOfMeasure>לא ידוע</UnitOfMeasure>
      <bIsWeighted>0</bIsWeighted>
      <QtyInPackage>לא ידוע</QtyInPackage>
      <ItemPrice>16.90</ItemPrice>
      <UnitOfMeasurePrice>0.1408</UnitOfMeasurePrice>
      <AllowDiscount>1</AllowDiscount>
      <ItemStatus>1</ItemStatus>
      <ItemId>186337</ItemId>
    </Item>
    <Item>
      <PriceUpdateDate>2025-04-20 07:28:41</PriceUpdateDate>
      <ItemCode>8423207210980</ItemCode>
      <ItemType>1</ItemType>
      <ItemName>סלים דליס טופינג קלי</ItemName>
      <ManufacturerName>לא ידוע</ManufacturerName>
      <ManufactureCountry>לא ידוע</ManufactureCountry>
      <ManufacturerItemDescription>סלים דליס טופינג קלי</ManufacturerItemDescription>
      <UnitQty>לא ידוע</UnitQty>
      <Quantity>0.00</Quantity>
      <UnitOfMeasure>לא ידוע</UnitOfMeasure>
      <bIsWeighted>0</bIsWeighted>
      <QtyInPackage>לא ידוע</QtyInPackage>
      <ItemPrice>16.90</ItemPrice>
      <UnitOfMeasurePrice>0.0000</UnitOfMeasurePrice>
      <AllowDiscount>1</AllowDiscount>
      <ItemStatus>1</ItemStatus>
      <ItemId>249246</ItemId>
    </Item>
    <Item>
      <PriceUpdateDate>2025-04-20 07:28:48</PriceUpdateDate>
      <ItemCode>7290008409100</ItemCode>
      <ItemType>1</ItemType>
      <ItemName>אצבעות שניצל שומשום</ItemName>
      <ManufacturerName>קריות זול</ManufacturerName>
      <ManufactureCountry>לא ידוע</ManufactureCountry>
      <ManufacturerItemDescription>אצבעות שניצל שומשום</ManufacturerItemDescription>
      <UnitQty>לא ידוע</UnitQty>
      <Quantity>700.00</Quantity>
      <UnitOfMeasure>לא ידוע</UnitOfMeasure>
      <bIsWeighted>0</bIsWeighted>
      <QtyInPackage>לא ידוע</QtyInPackage>
      <ItemPrice>46.90</ItemPrice>
      <UnitOfMeasurePrice>0.0670</UnitOfMeasurePrice>
      <AllowDiscount>1</AllowDiscount>
      <ItemStatus>1</ItemStatus>
      <ItemId>188500</ItemId>
    </Item>
    <Item>
      <PriceUpdateDate>2025-04-20 07:28:54</PriceUpdateDate>
      <ItemCode>4011800000325</ItemCode>
      <ItemType>1</ItemType>
      <ItemName>קורני פרי פינאטס 120</ItemName>
      <ManufacturerName>לא ידוע</ManufacturerName>
      <ManufactureCountry>לא ידוע</ManufactureCountry>
      <ManufacturerItemDescription>קורני פרי פינאטס 120</ManufacturerItemDescription>
      <UnitQty>לא ידוע</UnitQty>
      <Quantity>0.00</Quantity>
      <UnitOfMeasure>לא ידוע</UnitOfMeasure>
      <bIsWeighted>0</bIsWeighted>
      <QtyInPackage>לא ידוע</QtyInPackage>
      <ItemPrice>19.90</ItemPrice>
      <UnitOfMeasurePrice>0.0000</UnitOfMeasurePrice>
      <AllowDiscount>1</AllowDiscount>
      <ItemStatus>1</ItemStatus>
      <ItemId>271747</ItemId>
    </Item>
    <Item>
      <PriceUpdateDate>2025-04-20 07:29:02</PriceUpdateDate>
      <ItemCode>77975095263</ItemCode>
      <ItemType>1</ItemType>
      <ItemName>שברי בייגל בטעם גבינ</ItemName>
      <ManufacturerName>לא ידוע</ManufacturerName>
      <ManufactureCountry>לא ידוע</ManufactureCountry>
      <ManufacturerItemDescription>שברי בייגל בטעם גבינ</ManufacturerItemDescription>
      <UnitQty>לא ידוע</UnitQty>
      <Quantity>319.00</Quantity>
      <UnitOfMeasure>לא ידוע</UnitOfMeasure>
      <bIsWeighted>0</bIsWeighted>
      <QtyInPackage>לא ידוע</QtyInPackage>
      <ItemPrice>21.90</ItemPrice>
      <UnitOfMeasurePrice>0.0687</UnitOfMeasurePrice>
      <AllowDiscount>1</AllowDiscount>
      <ItemStatus>1</ItemStatus>
      <ItemId>264129</ItemId>
    </Item>
    <Item>
      <PriceUpdateDate>2025-04-20 07:29:09</PriceUpdateDate>
      <ItemCode>7290004064198</ItemCode>
      <ItemType>1</ItemType>
      <ItemName>מטחנת מלח אקסטרא תבל</ItemName>
      <ManufacturerName>לא ידוע</ManufacturerName>
      <ManufactureCountry>לא ידוע</ManufactureCountry>
      <ManufacturerItemDescription>מטחנת מלח אקסטרא תבל</ManufacturerItemDescription>
      <UnitQty>לא ידוע</UnitQty>
      <Quantity>115.00</Quantity>
      <UnitOfMeasure>לא ידוע</UnitOfMeasure>
      <bIsWeighted>0</bIsWeighted>
      <QtyInPackage>לא ידוע</QtyInPackage>
      <ItemPrice>21.90</ItemPrice>
      <UnitOfMeasurePrice>0.1904</UnitOfMeasurePrice>
      <AllowDiscount>1</AllowDiscount>
      <ItemStatus>1</ItemStatus>
      <ItemId>225888</ItemId>
    </Item>
    <Item>
      <PriceUpdateDate>2025-04-20 07:29:09</PriceUpdateDate>
      <ItemCode>7290004064228</ItemCode>
      <ItemType>1</ItemType>
      <ItemName>מטחנת מלח אקסטרא תבל</ItemName>
      <ManufacturerName>לא ידוע</ManufacturerName>
      <ManufactureCountry>לא ידוע</ManufactureCountry>
      <ManufacturerItemDescription>מטחנת מלח אקסטרא תבל</ManufacturerItemDescription>
      <UnitQty>לא ידוע</UnitQty>
      <Quantity>125.00</Quantity>
      <UnitOfMeasure>לא ידוע</UnitOfMeasure>
      <bIsWeighted>0</bIsWeighted>
      <QtyInPackage>לא ידוע</QtyInPackage>
      <ItemPrice>21.90</ItemPrice>
      <UnitOfMeasurePrice>0.1752</UnitOfMeasurePrice>
      <AllowDiscount>1</AllowDiscount>
      <ItemStatus>1</ItemStatus>
      <ItemId>225890</ItemId>
    </Item>
    <Item>
      <PriceUpdateDate>2025-04-20 07:29:10</PriceUpdateDate>
      <ItemCode>7290100700310</ItemCode>
      <ItemType>1</ItemType>
      <ItemName>כוסמת סוגת 1קג</ItemName>
      <ManufacturerName>לא ידוע</ManufacturerName>
      <ManufactureCountry>לא ידוע</ManufactureCountry>
      <ManufacturerItemDescription>כוסמת סוגת 1קג</ManufacturerItemDescription>
      <UnitQty>לא ידוע</UnitQty>
      <Quantity>1000.00</Quantity>
      <UnitOfMeasure>לא ידוע</UnitOfMeasure>
      <bIsWeighted>0</bIsWeighted>
      <QtyInPackage>לא ידוע</QtyInPackage>
      <ItemPrice>19.90</ItemPrice>
      <UnitOfMeasurePrice>0.0199</UnitOfMeasurePrice>
      <AllowDiscount>1</AllowDiscount>
      <ItemStatus>1</ItemStatus>
      <ItemId>192474</ItemId>
    </Item>
    <Item>
      <PriceUpdateDate>2025-04-20 07:29:10</PriceUpdateDate>
      <ItemCode>7290017928494</ItemCode>
      <ItemType>1</ItemType>
      <ItemName>סמאש שבורים בטעם צדר</ItemName>
      <ManufacturerName>לא ידוע</ManufacturerName>
      <ManufactureCountry>לא ידוע</ManufactureCountry>
      <ManufacturerItemDescription>סמאש שבורים בטעם צדר</ManufacturerItemDescription>
      <UnitQty>לא ידוע</UnitQty>
      <Quantity>300.00</Quantity>
      <UnitOfMeasure>לא ידוע</UnitOfMeasure>
      <bIsWeighted>0</bIsWeighted>
      <QtyInPackage>לא ידוע</QtyInPackage>
      <ItemPrice>15.90</ItemPrice>
      <UnitOfMeasurePrice>0.0530</UnitOfMeasurePrice>
      <AllowDiscount>1</AllowDiscount>
      <ItemStatus>1</ItemStatus>
      <ItemId>264971</ItemId>
    </Item>
    <Item>
      <PriceUpdateDate>2025-04-20 07:29:11</PriceUpdateDate>
      <ItemCode>7290100702284</ItemCode>
      <ItemType>1</ItemType>
      <ItemName>קוסקוס מלא סוגת 350</ItemName>
      <ManufacturerName>לא ידוע</ManufacturerName>
      <ManufactureCountry>לא ידוע</ManufactureCountry>
      <ManufacturerItemDescription>קוסקוס מלא סוגת 350</ManufacturerItemDescription>
      <UnitQty>לא ידוע</UnitQty>
      <Quantity>350.00</Quantity>
      <UnitOfMeasure>לא ידוע</UnitOfMeasure>
      <bIsWeighted>0</bIsWeighted>
      <QtyInPackage>לא ידוע</QtyInPackage>
      <ItemPrice>9.90</ItemPrice>
      <UnitOfMeasurePrice>0.0283</UnitOfMeasurePrice>
      <AllowDiscount>1</AllowDiscount>
      <ItemStatus>1</ItemStatus>
      <ItemId>192548</ItemId>
    </Item>
    <Item>
      <PriceUpdateDate>2025-04-20 07:29:12</PriceUpdateDate>
      <ItemCode>7290100702628</ItemCode>
      <ItemType>1</ItemType>
      <ItemName>פתיתים אפויים קוסקוס</ItemName>
      <ManufacturerName>לא ידוע</ManufacturerName>
      <ManufactureCountry>לא ידוע</ManufactureCountry>
      <ManufacturerItemDescription>פתיתים אפויים קוסקוס</ManufacturerItemDescription>
      <UnitQty>לא ידוע</UnitQty>
      <Quantity>500.00</Quantity>
      <UnitOfMeasure>לא ידוע</UnitOfMeasure>
      <bIsWeighted>0</bIsWeighted>
      <QtyInPackage>לא ידוע</QtyInPackage>
      <ItemPrice>9.90</ItemPrice>
      <UnitOfMeasurePrice>0.0198</UnitOfMeasurePrice>
      <AllowDiscount>1</AllowDiscount>
      <ItemStatus>1</ItemStatus>
      <ItemId>192565</ItemId>
    </Item>
    <Item>
      <PriceUpdateDate>2025-04-20 07:29:34</PriceUpdateDate>
      <ItemCode>8002450208007</ItemCode>
      <ItemType>1</ItemType>
      <ItemName>ורדי משקה כהלי מוגז</ItemName>
      <ManufacturerName>לא ידוע</ManufacturerName>
      <ManufactureCountry>לא ידוע</ManufactureCountry>
      <ManufacturerItemDescription>ורדי משקה כהלי מוגז</ManufacturerItemDescription>
      <UnitQty>לא ידוע</UnitQty>
      <Quantity>750.00</Quantity>
      <UnitOfMeasure>לא ידוע</UnitOfMeasure>
      <bIsWeighted>0</bIsWeighted>
      <QtyInPackage>לא ידוע</QtyInPackage>
      <ItemPrice>30.50</ItemPrice>
      <UnitOfMeasurePrice>0.0407</UnitOfMeasurePrice>
      <AllowDiscount>1</AllowDiscount>
      <ItemStatus>1</ItemStatus>
      <ItemId>192778</ItemId>
    </Item>
    <Item>
      <PriceUpdateDate>2025-04-20 07:29:34</PriceUpdateDate>
      <ItemCode>8002450207505</ItemCode>
      <ItemType>1</ItemType>
      <ItemName>ורדי משקה כהלי מוגז</ItemName>
      <ManufacturerName>לא ידוע</ManufacturerName>
      <ManufactureCountry>לא ידוע</ManufactureCountry>
      <ManufacturerItemDescription>ורדי משקה כהלי מוגז</ManufacturerItemDescription>
      <UnitQty>לא ידוע</UnitQty>
      <Quantity>750.00</Quantity>
      <UnitOfMeasure>לא ידוע</UnitOfMeasure>
      <bIsWeighted>0</bIsWeighted>
      <QtyInPackage>לא ידוע</QtyInPackage>
      <ItemPrice>30.50</ItemPrice>
      <UnitOfMeasurePrice>0.0407</UnitOfMeasurePrice>
      <AllowDiscount>1</AllowDiscount>
      <ItemStatus>1</ItemStatus>
      <ItemId>269613</ItemId>
    </Item>
    <Item>
      <PriceUpdateDate>2025-04-20 07:29:35</PriceUpdateDate>
      <ItemCode>7290002053088</ItemCode>
      <ItemType>1</ItemType>
      <ItemName>אטריות ביצים מס`8 20</ItemName>
      <ManufacturerName>לא ידוע</ManufacturerName>
      <ManufactureCountry>לא ידוע</ManufactureCountry>
      <ManufacturerItemDescription>אטריות ביצים מס`8 20</ManufacturerItemDescription>
      <UnitQty>לא ידוע</UnitQty>
      <Quantity>200.00</Quantity>
      <UnitOfMeasure>לא ידוע</UnitOfMeasure>
      <bIsWeighted>0</bIsWeighted>
      <QtyInPackage>לא ידוע</QtyInPackage>
      <ItemPrice>13.90</ItemPrice>
      <UnitOfMeasurePrice>0.0695</UnitOfMeasurePrice>
      <AllowDiscount>1</AllowDiscount>
      <ItemStatus>1</ItemStatus>
      <ItemId>192894</ItemId>
    </Item>
    <Item>
      <PriceUpdateDate>2025-04-20 07:29:35</PriceUpdateDate>
      <ItemCode>7290002053101</ItemCode>
      <ItemType>1</ItemType>
      <ItemName>אטריות ביצים מס 12 2</ItemName>
      <ManufacturerName>קריות זול</ManufacturerName>
      <ManufactureCountry>לא ידוע</ManufactureCountry>
      <ManufacturerItemDescription>אטריות ביצים מס 12 2</ManufacturerItemDescription>
      <UnitQty>לא ידוע</UnitQty>
      <Quantity>200.00</Quantity>
      <UnitOfMeasure>לא ידוע</UnitOfMeasure>
      <bIsWeighted>0</bIsWeighted>
      <QtyInPackage>לא ידוע</QtyInPackage>
      <ItemPrice>13.90</ItemPrice>
      <UnitOfMeasurePrice>0.0695</UnitOfMeasurePrice>
      <AllowDiscount>1</AllowDiscount>
      <ItemStatus>1</ItemStatus>
      <ItemId>192896</ItemId>
    </Item>
    <Item>
      <PriceUpdateDate>2025-04-20 07:29:35</PriceUpdateDate>
      <ItemCode>7290002053118</ItemCode>
      <ItemType>1</ItemType>
      <ItemName>אטריות ביצים מס 14 2</ItemName>
      <ManufacturerName>קריות זול</ManufacturerName>
      <ManufactureCountry>לא ידוע</ManufactureCountry>
      <ManufacturerItemDescription>אטריות ביצים מס 14 2</ManufacturerItemDescription>
      <UnitQty>לא ידוע</UnitQty>
      <Quantity>200.00</Quantity>
      <UnitOfMeasure>לא ידוע</UnitOfMeasure>
      <bIsWeighted>0</bIsWeighted>
      <QtyInPackage>לא ידוע</QtyInPackage>
      <ItemPrice>13.90</ItemPrice>
      <UnitOfMeasurePrice>0.0695</UnitOfMeasurePrice>
      <AllowDiscount>1</AllowDiscount>
      <ItemStatus>1</ItemStatus>
      <ItemId>192897</ItemId>
    </Item>
    <Item>
      <PriceUpdateDate>2025-04-20 07:29:46</PriceUpdateDate>
      <ItemCode>7290003224159</ItemCode>
      <ItemType>1</ItemType>
      <ItemName>בלינצס בשר מאמא מרי</ItemName>
      <ManufacturerName>לא ידוע</ManufacturerName>
      <ManufactureCountry>לא ידוע</ManufactureCountry>
      <ManufacturerItemDescription>בלינצס בשר מאמא מרי</ManufacturerItemDescription>
      <UnitQty>לא ידוע</UnitQty>
      <Quantity>700.00</Quantity>
      <UnitOfMeasure>לא ידוע</UnitOfMeasure>
      <bIsWeighted>0</bIsWeighted>
      <QtyInPackage>לא ידוע</QtyInPackage>
      <ItemPrice>25.90</ItemPrice>
      <UnitOfMeasurePrice>0.0370</UnitOfMeasurePrice>
      <AllowDiscount>1</AllowDiscount>
      <ItemStatus>1</ItemStatus>
      <ItemId>197989</ItemId>
    </Item>
    <Item>
      <PriceUpdateDate>2025-04-20 07:29:46</PriceUpdateDate>
      <ItemCode>7290003224142</ItemCode>
      <ItemType>1</ItemType>
      <ItemName>בלינצס תפו"א+ פטריות</ItemName>
      <ManufacturerName>לא ידוע</ManufacturerName>
      <ManufactureCountry>לא ידוע</ManufactureCountry>
      <ManufacturerItemDescription>בלינצס תפו"א+ פטריות</ManufacturerItemDescription>
      <UnitQty>לא ידוע</UnitQty>
      <Quantity>700.00</Quantity>
      <UnitOfMeasure>לא ידוע</UnitOfMeasure>
      <bIsWeighted>0</bIsWeighted>
      <QtyInPackage>לא ידוע</QtyInPackage>
      <ItemPrice>24.90</ItemPrice>
      <UnitOfMeasurePrice>0.0356</UnitOfMeasurePrice>
      <AllowDiscount>1</AllowDiscount>
      <ItemStatus>1</ItemStatus>
      <ItemId>229477</ItemId>
    </Item>
    <Item>
      <PriceUpdateDate>2025-04-20 07:29:46</PriceUpdateDate>
      <ItemCode>7290013156914</ItemCode>
      <ItemType>1</ItemType>
      <ItemName>כעך טוניסאי 350 גרם</ItemName>
      <ManufacturerName>לא ידוע</ManufacturerName>
      <ManufactureCountry>לא ידוע</ManufactureCountry>
      <ManufacturerItemDescription>כעך טוניסאי 350 גרם</ManufacturerItemDescription>
      <UnitQty>לא ידוע</UnitQty>
      <Quantity>350.00</Quantity>
      <UnitOfMeasure>לא ידוע</UnitOfMeasure>
      <bIsWeighted>0</bIsWeighted>
      <QtyInPackage>לא ידוע</QtyInPackage>
      <ItemPrice>20.90</ItemPrice>
      <UnitOfMeasurePrice>0.0597</UnitOfMeasurePrice>
      <AllowDiscount>1</AllowDiscount>
      <ItemStatus>1</ItemStatus>
      <ItemId>259182</ItemId>
    </Item>
    <Item>
      <PriceUpdateDate>2025-04-20 07:30:12</PriceUpdateDate>
      <ItemCode>7290112197597</ItemCode>
      <ItemType>1</ItemType>
      <ItemName>טרו ריבת פירות יער 2</ItemName>
      <ManufacturerName>לא ידוע</ManufacturerName>
      <ManufactureCountry>לא ידוע</ManufactureCountry>
      <ManufacturerItemDescription>טרו ריבת פירות יער 2</ManufacturerItemDescription>
      <UnitQty>לא ידוע</UnitQty>
      <Quantity>250.00</Quantity>
      <UnitOfMeasure>לא ידוע</UnitOfMeasure>
      <bIsWeighted>0</bIsWeighted>
      <QtyInPackage>לא ידוע</QtyInPackage>
      <ItemPrice>20.90</ItemPrice>
      <UnitOfMeasurePrice>0.0836</UnitOfMeasurePrice>
      <AllowDiscount>1</AllowDiscount>
      <ItemStatus>1</ItemStatus>
      <ItemId>265115</ItemId>
    </Item>
    <Item>
      <PriceUpdateDate>2025-04-20 07:31:18</PriceUpdateDate>
      <ItemCode>7290010153510</ItemCode>
      <ItemType>1</ItemType>
      <ItemName>בורגול מיה 500 גר</ItemName>
      <ManufacturerName>לא ידוע</ManufacturerName>
      <ManufactureCountry>לא ידוע</ManufactureCountry>
      <ManufacturerItemDescription>בורגול מיה 500 גר</ManufacturerItemDescription>
      <UnitQty>לא ידוע</UnitQty>
      <Quantity>500.00</Quantity>
      <UnitOfMeasure>לא ידוע</UnitOfMeasure>
      <bIsWeighted>0</bIsWeighted>
      <QtyInPackage>לא ידוע</QtyInPackage>
      <ItemPrice>9.90</ItemPrice>
      <UnitOfMeasurePrice>0.0198</UnitOfMeasurePrice>
      <AllowDiscount>1</AllowDiscount>
      <ItemStatus>1</ItemStatus>
      <ItemId>202836</ItemId>
    </Item>
    <Item>
      <PriceUpdateDate>2025-04-20 07:31:21</PriceUpdateDate>
      <ItemCode>7290006775023</ItemCode>
      <ItemType>1</ItemType>
      <ItemName>עוגת אנגלית 450גר</ItemName>
      <ManufacturerName>לא ידוע</ManufacturerName>
      <ManufactureCountry>לא ידוע</ManufactureCountry>
      <ManufacturerItemDescription>עוגת אנגלית 450גר</ManufacturerItemDescription>
      <UnitQty>לא ידוע</UnitQty>
      <Quantity>450.00</Quantity>
      <UnitOfMeasure>לא ידוע</UnitOfMeasure>
      <bIsWeighted>0</bIsWeighted>
      <QtyInPackage>לא ידוע</QtyInPackage>
      <ItemPrice>13.50</ItemPrice>
      <UnitOfMeasurePrice>0.0300</UnitOfMeasurePrice>
      <AllowDiscount>1</AllowDiscount>
      <ItemStatus>1</ItemStatus>
      <ItemId>203370</ItemId>
    </Item>
    <Item>
      <PriceUpdateDate>2025-04-20 07:31:21</PriceUpdateDate>
      <ItemCode>7290006775030</ItemCode>
      <ItemType>1</ItemType>
      <ItemName>עוגת שוקולד 450גר</ItemName>
      <ManufacturerName>לא ידוע</ManufacturerName>
      <ManufactureCountry>לא ידוע</ManufactureCountry>
      <ManufacturerItemDescription>עוגת שוקולד 450גר</ManufacturerItemDescription>
      <UnitQty>לא ידוע</UnitQty>
      <Quantity>450.00</Quantity>
      <UnitOfMeasure>לא ידוע</UnitOfMeasure>
      <bIsWeighted>0</bIsWeighted>
      <QtyInPackage>לא ידוע</QtyInPackage>
      <ItemPrice>13.50</ItemPrice>
      <UnitOfMeasurePrice>0.0300</UnitOfMeasurePrice>
      <AllowDiscount>1</AllowDiscount>
      <ItemStatus>1</ItemStatus>
      <ItemId>203371</ItemId>
    </Item>
    <Item>
      <PriceUpdateDate>2025-04-20 07:31:22</PriceUpdateDate>
      <ItemCode>7290013927200</ItemCode>
      <ItemType>1</ItemType>
      <ItemName>עוגת שוקולד צ'יפס עש</ItemName>
      <ManufacturerName>לא ידוע</ManufacturerName>
      <ManufactureCountry>לא ידוע</ManufactureCountry>
      <ManufacturerItemDescription>עוגת שוקולד צ'יפס עש</ManufacturerItemDescription>
      <UnitQty>לא ידוע</UnitQty>
      <Quantity>400.00</Quantity>
      <UnitOfMeasure>לא ידוע</UnitOfMeasure>
      <bIsWeighted>0</bIsWeighted>
      <QtyInPackage>לא ידוע</QtyInPackage>
      <ItemPrice>15.90</ItemPrice>
      <UnitOfMeasurePrice>0.0398</UnitOfMeasurePrice>
      <AllowDiscount>1</AllowDiscount>
      <ItemStatus>1</ItemStatus>
      <ItemId>203432</ItemId>
    </Item>
    <Item>
      <PriceUpdateDate>2025-04-20 07:31:23</PriceUpdateDate>
      <ItemCode>884912102102</ItemCode>
      <ItemType>1</ItemType>
      <ItemName>דגני פוסט בלובלרי מו</ItemName>
      <ManufacturerName>לא ידוע</ManufacturerName>
      <ManufactureCountry>לא ידוע</ManufactureCountry>
      <ManufacturerItemDescription>דגני פוסט בלובלרי מו</ManufacturerItemDescription>
      <UnitQty>לא ידוע</UnitQty>
      <Quantity>382.00</Quantity>
      <UnitOfMeasure>לא ידוע</UnitOfMeasure>
      <bIsWeighted>0</bIsWeighted>
      <QtyInPackage>לא ידוע</QtyInPackage>
      <ItemPrice>30.90</ItemPrice>
      <UnitOfMeasurePrice>0.0809</UnitOfMeasurePrice>
      <AllowDiscount>1</AllowDiscount>
      <ItemStatus>1</ItemStatus>
      <ItemId>262420</ItemId>
    </Item>
    <Item>
      <PriceUpdateDate>2025-04-20 07:31:25</PriceUpdateDate>
      <ItemCode>5010029221084</ItemCode>
      <ItemType>1</ItemType>
      <ItemName>וויטביקס פרוטאין קרא</ItemName>
      <ManufacturerName>לא ידוע</ManufacturerName>
      <ManufactureCountry>לא ידוע</ManufactureCountry>
      <ManufacturerItemDescription>וויטביקס פרוטאין קרא</ManufacturerItemDescription>
      <UnitQty>לא ידוע</UnitQty>
      <Quantity>450.00</Quantity>
      <UnitOfMeasure>לא ידוע</UnitOfMeasure>
      <bIsWeighted>0</bIsWeighted>
      <QtyInPackage>לא ידוע</QtyInPackage>
      <ItemPrice>29.90</ItemPrice>
      <UnitOfMeasurePrice>0.0664</UnitOfMeasurePrice>
      <AllowDiscount>1</AllowDiscount>
      <ItemStatus>1</ItemStatus>
      <ItemId>224993</ItemId>
    </Item>
    <Item>
      <PriceUpdateDate>2025-04-20 07:31:38</PriceUpdateDate>
      <ItemCode>7290017871974</ItemCode>
      <ItemType>1</ItemType>
      <ItemName>ג'לי בטעם תות שדה 25</ItemName>
      <ManufacturerName>קריות זול</ManufacturerName>
      <ManufactureCountry>לא ידוע</ManufactureCountry>
      <ManufacturerItemDescription>ג'לי בטעם תות שדה 25</ManufacturerItemDescription>
      <UnitQty>לא ידוע</UnitQty>
      <Quantity>25.00</Quantity>
      <UnitOfMeasure>לא ידוע</UnitOfMeasure>
      <bIsWeighted>0</bIsWeighted>
      <QtyInPackage>לא ידוע</QtyInPackage>
      <ItemPrice>14.90</ItemPrice>
      <UnitOfMeasurePrice>0.5960</UnitOfMeasurePrice>
      <AllowDiscount>1</AllowDiscount>
      <ItemStatus>1</ItemStatus>
      <ItemId>247851</ItemId>
    </Item>
    <Item>
      <PriceUpdateDate>2025-04-20 07:31:39</PriceUpdateDate>
      <ItemCode>7290119500581</ItemCode>
      <ItemType>1</ItemType>
      <ItemName>טוסו שוקולד חלב עם א</ItemName>
      <ManufacturerName>לא ידוע</ManufacturerName>
      <ManufactureCountry>לא ידוע</ManufactureCountry>
      <ManufacturerItemDescription>טוסו שוקולד חלב עם א</ManufacturerItemDescription>
      <UnitQty>לא ידוע</UnitQty>
      <Quantity>100.00</Quantity>
      <UnitOfMeasure>לא ידוע</UnitOfMeasure>
      <bIsWeighted>0</bIsWeighted>
      <QtyInPackage>לא ידוע</QtyInPackage>
      <ItemPrice>18.90</ItemPrice>
      <UnitOfMeasurePrice>0.1890</UnitOfMeasurePrice>
      <AllowDiscount>1</AllowDiscount>
      <ItemStatus>1</ItemStatus>
      <ItemId>275066</ItemId>
    </Item>
    <Item>
      <PriceUpdateDate>2025-04-20 07:31:39</PriceUpdateDate>
      <ItemCode>7290119500536</ItemCode>
      <ItemType>1</ItemType>
      <ItemName>טוסו שוקולד מריר תפו</ItemName>
      <ManufacturerName>לא ידוע</ManufacturerName>
      <ManufactureCountry>לא ידוע</ManufactureCountry>
      <ManufacturerItemDescription>טוסו שוקולד מריר תפו</ManufacturerItemDescription>
      <UnitQty>לא ידוע</UnitQty>
      <Quantity>100.00</Quantity>
      <UnitOfMeasure>לא ידוע</UnitOfMeasure>
      <bIsWeighted>0</bIsWeighted>
      <QtyInPackage>לא ידוע</QtyInPackage>
      <ItemPrice>18.90</ItemPrice>
      <UnitOfMeasurePrice>0.1890</UnitOfMeasurePrice>
      <AllowDiscount>1</AllowDiscount>
      <ItemStatus>1</ItemStatus>
      <ItemId>275069</ItemId>
    </Item>
    <Item>
      <PriceUpdateDate>2025-04-20 07:31:57</PriceUpdateDate>
      <ItemCode>7290110110369</ItemCode>
      <ItemType>1</ItemType>
      <ItemName>בירה קרלסברג לומה בק</ItemName>
      <ManufacturerName>קריות זול</ManufacturerName>
      <ManufactureCountry>לא ידוע</ManufactureCountry>
      <ManufacturerItemDescription>בירה קרלסברג לומה בק</ManufacturerItemDescription>
      <UnitQty>לא ידוע</UnitQty>
      <Quantity>1980.00</Quantity>
      <UnitOfMeasure>לא ידוע</UnitOfMeasure>
      <bIsWeighted>0</bIsWeighted>
      <QtyInPackage>לא ידוע</QtyInPackage>
      <ItemPrice>42.90</ItemPrice>
      <UnitOfMeasurePrice>0.0217</UnitOfMeasurePrice>
      <AllowDiscount>1</AllowDiscount>
      <ItemStatus>1</ItemStatus>
      <ItemId>248420</ItemId>
    </Item>
    <Item>
      <PriceUpdateDate>2025-04-20 07:32:08</PriceUpdateDate>
      <ItemCode>7290018333969</ItemCode>
      <ItemType>1</ItemType>
      <ItemName>מאגדת חטיף גרנולה רפ</ItemName>
      <ManufacturerName>לא ידוע</ManufacturerName>
      <ManufactureCountry>לא ידוע</ManufactureCountry>
      <ManufacturerItemDescription>מאגדת חטיף גרנולה רפ</ManufacturerItemDescription>
      <UnitQty>לא ידוע</UnitQty>
      <Quantity>150.00</Quantity>
      <UnitOfMeasure>לא ידוע</UnitOfMeasure>
      <bIsWeighted>0</bIsWeighted>
      <QtyInPackage>לא ידוע</QtyInPackage>
      <ItemPrice>19.90</ItemPrice>
      <UnitOfMeasurePrice>0.1327</UnitOfMeasurePrice>
      <AllowDiscount>1</AllowDiscount>
      <ItemStatus>1</ItemStatus>
      <ItemId>267304</ItemId>
    </Item>
    <Item>
      <PriceUpdateDate>2025-04-20 07:32:08</PriceUpdateDate>
      <ItemCode>7290018333976</ItemCode>
      <ItemType>1</ItemType>
      <ItemName>מאגדת חטיף רפאלס קשי</ItemName>
      <ManufacturerName>לא ידוע</ManufacturerName>
      <ManufactureCountry>לא ידוע</ManufactureCountry>
      <ManufacturerItemDescription>מאגדת חטיף רפאלס קשי</ManufacturerItemDescription>
      <UnitQty>לא ידוע</UnitQty>
      <Quantity>150.00</Quantity>
      <UnitOfMeasure>לא ידוע</UnitOfMeasure>
      <bIsWeighted>0</bIsWeighted>
      <QtyInPackage>לא ידוע</QtyInPackage>
      <ItemPrice>19.90</ItemPrice>
      <UnitOfMeasurePrice>0.1327</UnitOfMeasurePrice>
      <AllowDiscount>1</AllowDiscount>
      <ItemStatus>1</ItemStatus>
      <ItemId>267305</ItemId>
    </Item>
    <Item>
      <PriceUpdateDate>2025-04-20 07:32:12</PriceUpdateDate>
      <ItemCode>80050278</ItemCode>
      <ItemType>1</ItemType>
      <ItemName>פררו רושר 3 יחידות</ItemName>
      <ManufacturerName>קריות זול</ManufacturerName>
      <ManufactureCountry>לא ידוע</ManufactureCountry>
      <ManufacturerItemDescription>פררו רושר 3 יחידות</ManufacturerItemDescription>
      <UnitQty>לא ידוע</UnitQty>
      <Quantity>37.50</Quantity>
      <UnitOfMeasure>לא ידוע</UnitOfMeasure>
      <bIsWeighted>0</bIsWeighted>
      <QtyInPackage>לא ידוע</QtyInPackage>
      <ItemPrice>9.90</ItemPrice>
      <UnitOfMeasurePrice>0.2640</UnitOfMeasurePrice>
      <AllowDiscount>1</AllowDiscount>
      <ItemStatus>1</ItemStatus>
      <ItemId>213982</ItemId>
    </Item>
    <Item>
      <PriceUpdateDate>2025-04-20 07:34:06</PriceUpdateDate>
      <ItemCode>4820171040027</ItemCode>
      <ItemType>1</ItemType>
      <ItemName>צנימים מיני 120 גרם</ItemName>
      <ManufacturerName>לא ידוע</ManufacturerName>
      <ManufactureCountry>לא ידוע</ManufactureCountry>
      <ManufacturerItemDescription>צנימים מיני 120 גרם</ManufacturerItemDescription>
      <UnitQty>לא ידוע</UnitQty>
      <Quantity>120.00</Quantity>
      <UnitOfMeasure>לא ידוע</UnitOfMeasure>
      <bIsWeighted>0</bIsWeighted>
      <QtyInPackage>לא ידוע</QtyInPackage>
      <ItemPrice>7.90</ItemPrice>
      <UnitOfMeasurePrice>0.0658</UnitOfMeasurePrice>
      <AllowDiscount>1</AllowDiscount>
      <ItemStatus>1</ItemStatus>
      <ItemId>274206</ItemId>
    </Item>
    <Item>
      <PriceUpdateDate>2025-04-20 07:36:42</PriceUpdateDate>
      <ItemCode>7290011501570</ItemCode>
      <ItemType>1</ItemType>
      <ItemName>מיץ שזיפים 946מל</ItemName>
      <ManufacturerName>לא ידוע</ManufacturerName>
      <ManufactureCountry>לא ידוע</ManufactureCountry>
      <ManufacturerItemDescription>מיץ שזיפים 946מל</ManufacturerItemDescription>
      <UnitQty>לא ידוע</UnitQty>
      <Quantity>946.00</Quantity>
      <UnitOfMeasure>לא ידוע</UnitOfMeasure>
      <bIsWeighted>0</bIsWeighted>
      <QtyInPackage>לא ידוע</QtyInPackage>
      <ItemPrice>27.20</ItemPrice>
      <UnitOfMeasurePrice>0.0288</UnitOfMeasurePrice>
      <AllowDiscount>1</AllowDiscount>
      <ItemStatus>1</ItemStatus>
      <ItemId>200830</ItemId>
    </Item>
    <Item>
      <PriceUpdateDate>2025-04-20 07:37:19</PriceUpdateDate>
      <ItemCode>7290000069739</ItemCode>
      <ItemType>1</ItemType>
      <ItemName>חטיפי קרקר שומשום 30</ItemName>
      <ManufacturerName>לא ידוע</ManufacturerName>
      <ManufactureCountry>לא ידוע</ManufactureCountry>
      <ManufacturerItemDescription>חטיפי קרקר שומשום 30</ManufacturerItemDescription>
      <UnitQty>לא ידוע</UnitQty>
      <Quantity>300.00</Quantity>
      <UnitOfMeasure>לא ידוע</UnitOfMeasure>
      <bIsWeighted>0</bIsWeighted>
      <QtyInPackage>לא ידוע</QtyInPackage>
      <ItemPrice>16.90</ItemPrice>
      <UnitOfMeasurePrice>0.0563</UnitOfMeasurePrice>
      <AllowDiscount>1</AllowDiscount>
      <ItemStatus>1</ItemStatus>
      <ItemId>176439</ItemId>
    </Item>
    <Item>
      <PriceUpdateDate>2025-04-20 07:37:25</PriceUpdateDate>
      <ItemCode>7290106572065</ItemCode>
      <ItemType>1</ItemType>
      <ItemName>חטיפי פרכיות טורטיה</ItemName>
      <ManufacturerName>לא ידוע</ManufacturerName>
      <ManufactureCountry>לא ידוע</ManufactureCountry>
      <ManufacturerItemDescription>חטיפי פרכיות טורטיה</ManufacturerItemDescription>
      <UnitQty>לא ידוע</UnitQty>
      <Quantity>60.00</Quantity>
      <UnitOfMeasure>לא ידוע</UnitOfMeasure>
      <bIsWeighted>0</bIsWeighted>
      <QtyInPackage>לא ידוע</QtyInPackage>
      <ItemPrice>10.90</ItemPrice>
      <UnitOfMeasurePrice>0.1817</UnitOfMeasurePrice>
      <AllowDiscount>1</AllowDiscount>
      <ItemStatus>1</ItemStatus>
      <ItemId>177980</ItemId>
    </Item>
    <Item>
      <PriceUpdateDate>2025-04-20 07:37:28</PriceUpdateDate>
      <ItemCode>7290111566752</ItemCode>
      <ItemType>1</ItemType>
      <ItemName>טבעול שניצל תירס 99</ItemName>
      <ManufacturerName>קריות זול</ManufacturerName>
      <ManufactureCountry>לא ידוע</ManufactureCountry>
      <ManufacturerItemDescription>טבעול שניצל תירס 99</ManufacturerItemDescription>
      <UnitQty>לא ידוע</UnitQty>
      <Quantity>693.00</Quantity>
      <UnitOfMeasure>לא ידוע</UnitOfMeasure>
      <bIsWeighted>0</bIsWeighted>
      <QtyInPackage>לא ידוע</QtyInPackage>
      <ItemPrice>41.90</ItemPrice>
      <UnitOfMeasurePrice>0.0605</UnitOfMeasurePrice>
      <AllowDiscount>1</AllowDiscount>
      <ItemStatus>1</ItemStatus>
      <ItemId>223592</ItemId>
    </Item>
    <Item>
      <PriceUpdateDate>2025-04-20 07:37:32</PriceUpdateDate>
      <ItemCode>7290112967572</ItemCode>
      <ItemType>1</ItemType>
      <ItemName>רוטב ברבקיו אוסם 290</ItemName>
      <ManufacturerName>לא ידוע</ManufacturerName>
      <ManufactureCountry>לא ידוע</ManufactureCountry>
      <ManufacturerItemDescription>רוטב ברבקיו אוסם 290</ManufacturerItemDescription>
      <UnitQty>לא ידוע</UnitQty>
      <Quantity>290.00</Quantity>
      <UnitOfMeasure>לא ידוע</UnitOfMeasure>
      <bIsWeighted>0</bIsWeighted>
      <QtyInPackage>לא ידוע</QtyInPackage>
      <ItemPrice>16.90</ItemPrice>
      <UnitOfMeasurePrice>0.0583</UnitOfMeasurePrice>
      <AllowDiscount>1</AllowDiscount>
      <ItemStatus>1</ItemStatus>
      <ItemId>234903</ItemId>
    </Item>
    <Item>
      <PriceUpdateDate>2025-04-20 07:37:39</PriceUpdateDate>
      <ItemCode>7290118424932</ItemCode>
      <ItemType>1</ItemType>
      <ItemName>חטיפי קרקר פיטנס טין</ItemName>
      <ManufacturerName>לא ידוע</ManufacturerName>
      <ManufactureCountry>לא ידוע</ManufactureCountry>
      <ManufacturerItemDescription>חטיפי קרקר פיטנס טין</ManufacturerItemDescription>
      <UnitQty>לא ידוע</UnitQty>
      <Quantity>150.00</Quantity>
      <UnitOfMeasure>לא ידוע</UnitOfMeasure>
      <bIsWeighted>0</bIsWeighted>
      <QtyInPackage>לא ידוע</QtyInPackage>
      <ItemPrice>15.90</ItemPrice>
      <UnitOfMeasurePrice>0.1060</UnitOfMeasurePrice>
      <AllowDiscount>1</AllowDiscount>
      <ItemStatus>1</ItemStatus>
      <ItemId>272299</ItemId>
    </Item>
    <Item>
      <PriceUpdateDate>2025-04-20 07:37:45</PriceUpdateDate>
      <ItemCode>7290109580890</ItemCode>
      <ItemType>1</ItemType>
      <ItemName>בשר מפורק 240 גרם</ItemName>
      <ManufacturerName>לא ידוע</ManufacturerName>
      <ManufactureCountry>לא ידוע</ManufactureCountry>
      <ManufacturerItemDescription>בשר מפורק 240 גרם</ManufacturerItemDescription>
      <UnitQty>לא ידוע</UnitQty>
      <Quantity>240.00</Quantity>
      <UnitOfMeasure>לא ידוע</UnitOfMeasure>
      <bIsWeighted>0</bIsWeighted>
      <QtyInPackage>לא ידוע</QtyInPackage>
      <ItemPrice>37.90</ItemPrice>
      <UnitOfMeasurePrice>0.1579</UnitOfMeasurePrice>
      <AllowDiscount>1</AllowDiscount>
      <ItemStatus>1</ItemStatus>
      <ItemId>271136</ItemId>
    </Item>
    <Item>
      <PriceUpdateDate>2025-04-20 11:50:15</PriceUpdateDate>
      <ItemCode>8718951561267</ItemCode>
      <ItemType>1</ItemType>
      <ItemName>פלמוליב סבון ידיים ח</ItemName>
      <ManufacturerName>לא ידוע</ManufacturerName>
      <ManufactureCountry>לא ידוע</ManufactureCountry>
      <ManufacturerItemDescription>פלמוליב סבון ידיים ח</ManufacturerItemDescription>
      <UnitQty>לא ידוע</UnitQty>
      <Quantity>300.00</Quantity>
      <UnitOfMeasure>לא ידוע</UnitOfMeasure>
      <bIsWeighted>0</bIsWeighted>
      <QtyInPackage>לא ידוע</QtyInPackage>
      <ItemPrice>14.90</ItemPrice>
      <UnitOfMeasurePrice>0.0497</UnitOfMeasurePrice>
      <AllowDiscount>1</AllowDiscount>
      <ItemStatus>1</ItemStatus>
      <ItemId>277860</ItemId>
    </Item>
    <Item>
      <PriceUpdateDate>2025-04-28 15:05:16</PriceUpdateDate>
      <ItemCode>5054563205667</ItemCode>
      <ItemType>1</ItemType>
      <ItemName>משחת אקווה פרש לשיני</ItemName>
      <ManufacturerName>לא ידוע</ManufacturerName>
      <ManufactureCountry>לא ידוע</ManufactureCountry>
      <ManufacturerItemDescription>משחת אקווה פרש לשיני</ManufacturerItemDescription>
      <UnitQty>לא ידוע</UnitQty>
      <Quantity>50.00</Quantity>
      <UnitOfMeasure>לא ידוע</UnitOfMeasure>
      <bIsWeighted>0</bIsWeighted>
      <QtyInPackage>לא ידוע</QtyInPackage>
      <ItemPrice>13.90</ItemPrice>
      <UnitOfMeasurePrice>0.2780</UnitOfMeasurePrice>
      <AllowDiscount>1</AllowDiscount>
      <ItemStatus>1</ItemStatus>
      <ItemId>277971</ItemId>
    </Item>
    <Item>
      <PriceUpdateDate>2025-05-04 11:24:39</PriceUpdateDate>
      <ItemCode>7290018972373</ItemCode>
      <ItemType>1</ItemType>
      <ItemName>אדממה פולי סויה מוקפ</ItemName>
      <ManufacturerName>לא ידוע</ManufacturerName>
      <ManufactureCountry>לא ידוע</ManufactureCountry>
      <ManufacturerItemDescription>אדממה פולי סויה מוקפ</ManufacturerItemDescription>
      <UnitQty>לא ידוע</UnitQty>
      <Quantity>450.00</Quantity>
      <UnitOfMeasure>לא ידוע</UnitOfMeasure>
      <bIsWeighted>0</bIsWeighted>
      <QtyInPackage>לא ידוע</QtyInPackage>
      <ItemPrice>12.90</ItemPrice>
      <UnitOfMeasurePrice>0.0287</UnitOfMeasurePrice>
      <AllowDiscount>1</AllowDiscount>
      <ItemStatus>1</ItemStatus>
      <ItemId>269354</ItemId>
    </Item>
    <Item>
      <PriceUpdateDate>2025-05-04 13:21:36</PriceUpdateDate>
      <ItemCode>8850206280049</ItemCode>
      <ItemType>1</ItemType>
      <ItemName>רוטב צ'ילי מיו חריף</ItemName>
      <ManufacturerName>לא ידוע</ManufacturerName>
      <ManufactureCountry>לא ידוע</ManufactureCountry>
      <ManufacturerItemDescription>רוטב צ'ילי מיו חריף</ManufacturerItemDescription>
      <UnitQty>לא ידוע</UnitQty>
      <Quantity>250.00</Quantity>
      <UnitOfMeasure>לא ידוע</UnitOfMeasure>
      <bIsWeighted>0</bIsWeighted>
      <QtyInPackage>לא ידוע</QtyInPackage>
      <ItemPrice>20.90</ItemPrice>
      <UnitOfMeasurePrice>0.0836</UnitOfMeasurePrice>
      <AllowDiscount>1</AllowDiscount>
      <ItemStatus>1</ItemStatus>
      <ItemId>265687</ItemId>
    </Item>
    <Item>
      <PriceUpdateDate>2025-05-05 08:06:31</PriceUpdateDate>
      <ItemCode>7290013268983</ItemCode>
      <ItemType>1</ItemType>
      <ItemName>מקסימה מרכך כביסה מר</ItemName>
      <ManufacturerName>לא ידוע</ManufacturerName>
      <ManufactureCountry>לא ידוע</ManufactureCountry>
      <ManufacturerItemDescription>מקסימה מרכך כביסה מר</ManufacturerItemDescription>
      <UnitQty>לא ידוע</UnitQty>
      <Quantity>1000.00</Quantity>
      <UnitOfMeasure>לא ידוע</UnitOfMeasure>
      <bIsWeighted>0</bIsWeighted>
      <QtyInPackage>לא ידוע</QtyInPackage>
      <ItemPrice>20.90</ItemPrice>
      <UnitOfMeasurePrice>0.0209</UnitOfMeasurePrice>
      <AllowDiscount>1</AllowDiscount>
      <ItemStatus>1</ItemStatus>
      <ItemId>259457</ItemId>
    </Item>
    <Item>
      <PriceUpdateDate>2025-05-05 08:30:45</PriceUpdateDate>
      <ItemCode>7290013268037</ItemCode>
      <ItemType>1</ItemType>
      <ItemName>סנו מקסימה פצ'ולי סג</ItemName>
      <ManufacturerName>לא ידוע</ManufacturerName>
      <ManufactureCountry>לא ידוע</ManufactureCountry>
      <ManufacturerItemDescription>סנו מקסימה פצ'ולי סג</ManufacturerItemDescription>
      <UnitQty>לא ידוע</UnitQty>
      <Quantity>1000.00</Quantity>
      <UnitOfMeasure>לא ידוע</UnitOfMeasure>
      <bIsWeighted>0</bIsWeighted>
      <QtyInPackage>לא ידוע</QtyInPackage>
      <ItemPrice>20.90</ItemPrice>
      <UnitOfMeasurePrice>0.0209</UnitOfMeasurePrice>
      <AllowDiscount>1</AllowDiscount>
      <ItemStatus>1</ItemStatus>
      <ItemId>181025</ItemId>
    </Item>
    <Item>
      <PriceUpdateDate>2025-05-05 13:42:55</PriceUpdateDate>
      <ItemCode>7290002211501</ItemCode>
      <ItemType>1</ItemType>
      <ItemName>קמח תופח מנופה טחנת</ItemName>
      <ManufacturerName>לא ידוע</ManufacturerName>
      <ManufactureCountry>לא ידוע</ManufactureCountry>
      <ManufacturerItemDescription>קמח תופח מנופה טחנת</ManufacturerItemDescription>
      <UnitQty>לא ידוע</UnitQty>
      <Quantity>1000.00</Quantity>
      <UnitOfMeasure>לא ידוע</UnitOfMeasure>
      <bIsWeighted>0</bIsWeighted>
      <QtyInPackage>לא ידוע</QtyInPackage>
      <ItemPrice>11.90</ItemPrice>
      <UnitOfMeasurePrice>0.0119</UnitOfMeasurePrice>
      <AllowDiscount>1</AllowDiscount>
      <ItemStatus>1</ItemStatus>
      <ItemId>262925</ItemId>
    </Item>
    <Item>
      <PriceUpdateDate>2025-05-05 14:51:34</PriceUpdateDate>
      <ItemCode>7290106577572</ItemCode>
      <ItemType>1</ItemType>
      <ItemName>מטבוחה צבר 400גרם</ItemName>
      <ManufacturerName>לא ידוע</ManufacturerName>
      <ManufactureCountry>לא ידוע</ManufactureCountry>
      <ManufacturerItemDescription>מטבוחה צבר 400גרם</ManufacturerItemDescription>
      <UnitQty>לא ידוע</UnitQty>
      <Quantity>400.00</Quantity>
      <UnitOfMeasure>לא ידוע</UnitOfMeasure>
      <bIsWeighted>0</bIsWeighted>
      <QtyInPackage>לא ידוע</QtyInPackage>
      <ItemPrice>17.90</ItemPrice>
      <UnitOfMeasurePrice>0.0447</UnitOfMeasurePrice>
      <AllowDiscount>1</AllowDiscount>
      <ItemStatus>1</ItemStatus>
      <ItemId>178075</ItemId>
    </Item>
    <Item>
      <PriceUpdateDate>2025-05-05 15:05:17</PriceUpdateDate>
      <ItemCode>7290019603474</ItemCode>
      <ItemType>1</ItemType>
      <ItemName>נטיפים בטעם שוקולד 2</ItemName>
      <ManufacturerName>לא ידוע</ManufacturerName>
      <ManufactureCountry>לא ידוע</ManufactureCountry>
      <ManufacturerItemDescription>נטיפים בטעם שוקולד 2</ManufacturerItemDescription>
      <UnitQty>לא ידוע</UnitQty>
      <Quantity>250.00</Quantity>
      <UnitOfMeasure>לא ידוע</UnitOfMeasure>
      <bIsWeighted>0</bIsWeighted>
      <QtyInPackage>לא ידוע</QtyInPackage>
      <ItemPrice>14.90</ItemPrice>
      <UnitOfMeasurePrice>0.0596</UnitOfMeasurePrice>
      <AllowDiscount>1</AllowDiscount>
      <ItemStatus>1</ItemStatus>
      <ItemId>274058</ItemId>
    </Item>
    <Item>
      <PriceUpdateDate>2025-05-13 08:07:55</PriceUpdateDate>
      <ItemCode>14761056</ItemCode>
      <ItemType>1</ItemType>
      <ItemName>מעדן שוקולד חלב יולו</ItemName>
      <ManufacturerName>לא ידוע</ManufacturerName>
      <ManufactureCountry>לא ידוע</ManufactureCountry>
      <ManufacturerItemDescription>מעדן שוקולד חלב יולו</ManufacturerItemDescription>
      <UnitQty>לא ידוע</UnitQty>
      <Quantity>123.00</Quantity>
      <UnitOfMeasure>לא ידוע</UnitOfMeasure>
      <bIsWeighted>0</bIsWeighted>
      <QtyInPackage>לא ידוע</QtyInPackage>
      <ItemPrice>6.60</ItemPrice>
      <UnitOfMeasurePrice>0.0537</UnitOfMeasurePrice>
      <AllowDiscount>1</AllowDiscount>
      <ItemStatus>1</ItemStatus>
      <ItemId>267199</ItemId>
    </Item>
    <Item>
      <PriceUpdateDate>2025-05-13 08:07:57</PriceUpdateDate>
      <ItemCode>7290000040462</ItemCode>
      <ItemType>1</ItemType>
      <ItemName>מותכת טוסטי אמריקאי</ItemName>
      <ManufacturerName>קריות זול</ManufacturerName>
      <ManufactureCountry>לא ידוע</ManufactureCountry>
      <ManufacturerItemDescription>מותכת טוסטי אמריקאי</ManufacturerItemDescription>
      <UnitQty>לא ידוע</UnitQty>
      <Quantity>200.00</Quantity>
      <UnitOfMeasure>לא ידוע</UnitOfMeasure>
      <bIsWeighted>0</bIsWeighted>
      <QtyInPackage>לא ידוע</QtyInPackage>
      <ItemPrice>26.50</ItemPrice>
      <UnitOfMeasurePrice>0.1325</UnitOfMeasurePrice>
      <AllowDiscount>1</AllowDiscount>
      <ItemStatus>1</ItemStatus>
      <ItemId>188762</ItemId>
    </Item>
    <Item>
      <PriceUpdateDate>2025-05-13 08:08:00</PriceUpdateDate>
      <ItemCode>7290004126872</ItemCode>
      <ItemType>1</ItemType>
      <ItemName>שוקו תנובה בקבוק 250</ItemName>
      <ManufacturerName>קריות זול</ManufacturerName>
      <ManufactureCountry>לא ידוע</ManufactureCountry>
      <ManufacturerItemDescription>שוקו תנובה בקבוק 250</ManufacturerItemDescription>
      <UnitQty>לא ידוע</UnitQty>
      <Quantity>250.00</Quantity>
      <UnitOfMeasure>לא ידוע</UnitOfMeasure>
      <bIsWeighted>0</bIsWeighted>
      <QtyInPackage>לא ידוע</QtyInPackage>
      <ItemPrice>8.70</ItemPrice>
      <UnitOfMeasurePrice>0.0348</UnitOfMeasurePrice>
      <AllowDiscount>1</AllowDiscount>
      <ItemStatus>1</ItemStatus>
      <ItemId>189463</ItemId>
    </Item>
    <Item>
      <PriceUpdateDate>2025-05-13 08:08:00</PriceUpdateDate>
      <ItemCode>7290004129767</ItemCode>
      <ItemType>1</ItemType>
      <ItemName>יופלה לבן מאגדת שמינ</ItemName>
      <ManufacturerName>קריות זול</ManufacturerName>
      <ManufactureCountry>לא ידוע</ManufactureCountry>
      <ManufacturerItemDescription>יופלה לבן מאגדת שמינ</ManufacturerItemDescription>
      <UnitQty>לא ידוע</UnitQty>
      <Quantity>1200.00</Quantity>
      <UnitOfMeasure>לא ידוע</UnitOfMeasure>
      <bIsWeighted>0</bIsWeighted>
      <QtyInPackage>לא ידוע</QtyInPackage>
      <ItemPrice>23.90</ItemPrice>
      <UnitOfMeasurePrice>0.0199</UnitOfMeasurePrice>
      <AllowDiscount>1</AllowDiscount>
      <ItemStatus>1</ItemStatus>
      <ItemId>189538</ItemId>
    </Item>
    <Item>
      <PriceUpdateDate>2025-05-13 08:08:01</PriceUpdateDate>
      <ItemCode>7290014761056</ItemCode>
      <ItemType>1</ItemType>
      <ItemName>מעדן שוקולד חלב יולו</ItemName>
      <ManufacturerName>לא ידוע</ManufacturerName>
      <ManufactureCountry>לא ידוע</ManufactureCountry>
      <ManufacturerItemDescription>מעדן שוקולד חלב יולו</ManufacturerItemDescription>
      <UnitQty>לא ידוע</UnitQty>
      <Quantity>123.00</Quantity>
      <UnitOfMeasure>לא ידוע</UnitOfMeasure>
      <bIsWeighted>0</bIsWeighted>
      <QtyInPackage>לא ידוע</QtyInPackage>
      <ItemPrice>6.60</ItemPrice>
      <UnitOfMeasurePrice>0.0537</UnitOfMeasurePrice>
      <AllowDiscount>1</AllowDiscount>
      <ItemStatus>1</ItemStatus>
      <ItemId>190084</ItemId>
    </Item>
    <Item>
      <PriceUpdateDate>2025-05-13 10:20:16</PriceUpdateDate>
      <ItemCode>7290019627456</ItemCode>
      <ItemType>1</ItemType>
      <ItemName>ניילון נצמד 150/45 ש</ItemName>
      <ManufacturerName>לא ידוע</ManufacturerName>
      <ManufactureCountry>לא ידוע</ManufactureCountry>
      <ManufacturerItemDescription>ניילון נצמד 150/45 ש</ManufacturerItemDescription>
      <UnitQty>יחידה   </UnitQty>
      <Quantity>0.00</Quantity>
      <UnitOfMeasure>יחידה   </UnitOfMeasure>
      <bIsWeighted>0</bIsWeighted>
      <QtyInPackage>לא ידוע</QtyInPackage>
      <ItemPrice>22.90</ItemPrice>
      <UnitOfMeasurePrice>0.0000</UnitOfMeasurePrice>
      <AllowDiscount>1</AllowDiscount>
      <ItemStatus>1</ItemStatus>
      <ItemId>278150</ItemId>
    </Item>
    <Item>
      <PriceUpdateDate>2025-05-16 07:33:20</PriceUpdateDate>
      <ItemCode>80518532743</ItemCode>
      <ItemType>1</ItemType>
      <ItemName>בלוני גומי רמה 3</ItemName>
      <ManufacturerName>לא ידוע</ManufacturerName>
      <ManufactureCountry>לא ידוע</ManufactureCountry>
      <ManufacturerItemDescription>בלוני גומי רמה 3</ManufacturerItemDescription>
      <UnitQty>יחידה   </UnitQty>
      <Quantity>0.00</Quantity>
      <UnitOfMeasure>יחידה   </UnitOfMeasure>
      <bIsWeighted>0</bIsWeighted>
      <QtyInPackage>לא ידוע</QtyInPackage>
      <ItemPrice>14.90</ItemPrice>
      <UnitOfMeasurePrice>0.0000</UnitOfMeasurePrice>
      <AllowDiscount>1</AllowDiscount>
      <ItemStatus>1</ItemStatus>
      <ItemId>186598</ItemId>
    </Item>
    <Item>
      <PriceUpdateDate>2025-05-18 16:12:31</PriceUpdateDate>
      <ItemCode>7290110113926</ItemCode>
      <ItemType>1</ItemType>
      <ItemName>פאנטה ZERO אורנג' בק</ItemName>
      <ManufacturerName>קריות זול</ManufacturerName>
      <ManufactureCountry>לא ידוע</ManufactureCountry>
      <ManufacturerItemDescription>פאנטה ZERO אורנג' בק</ManufacturerItemDescription>
      <UnitQty>לא ידוע</UnitQty>
      <Quantity>500.00</Quantity>
      <UnitOfMeasure>לא ידוע</UnitOfMeasure>
      <bIsWeighted>0</bIsWeighted>
      <QtyInPackage>לא ידוע</QtyInPackage>
      <ItemPrice>7.90</ItemPrice>
      <UnitOfMeasurePrice>0.0158</UnitOfMeasurePrice>
      <AllowDiscount>1</AllowDiscount>
      <ItemStatus>1</ItemStatus>
      <ItemId>250611</ItemId>
    </Item>
    <Item>
      <PriceUpdateDate>2025-05-18 16:12:34</PriceUpdateDate>
      <ItemCode>7290110117900</ItemCode>
      <ItemType>1</ItemType>
      <ItemName>סודה לימון מארז 4*25</ItemName>
      <ManufacturerName>קריות זול</ManufacturerName>
      <ManufactureCountry>לא ידוע</ManufactureCountry>
      <ManufacturerItemDescription>סודה לימון מארז 4*25</ManufacturerItemDescription>
      <UnitQty>יחידה   </UnitQty>
      <Quantity>0.00</Quantity>
      <UnitOfMeasure>יחידה   </UnitOfMeasure>
      <bIsWeighted>0</bIsWeighted>
      <QtyInPackage>לא ידוע</QtyInPackage>
      <ItemPrice>15.70</ItemPrice>
      <UnitOfMeasurePrice>0.0000</UnitOfMeasurePrice>
      <AllowDiscount>1</AllowDiscount>
      <ItemStatus>1</ItemStatus>
      <ItemId>275564</ItemId>
    </Item>
    <Item>
      <PriceUpdateDate>2025-05-18 16:12:34</PriceUpdateDate>
      <ItemCode>7290110117917</ItemCode>
      <ItemType>1</ItemType>
      <ItemName>סודה מארז תפוח נענע</ItemName>
      <ManufacturerName>קריות זול</ManufacturerName>
      <ManufactureCountry>לא ידוע</ManufactureCountry>
      <ManufacturerItemDescription>סודה מארז תפוח נענע</ManufacturerItemDescription>
      <UnitQty>יחידה   </UnitQty>
      <Quantity>0.00</Quantity>
      <UnitOfMeasure>יחידה   </UnitOfMeasure>
      <bIsWeighted>0</bIsWeighted>
      <QtyInPackage>לא ידוע</QtyInPackage>
      <ItemPrice>15.70</ItemPrice>
      <UnitOfMeasurePrice>0.0000</UnitOfMeasurePrice>
      <AllowDiscount>1</AllowDiscount>
      <ItemStatus>1</ItemStatus>
      <ItemId>275565</ItemId>
    </Item>
    <Item>
      <PriceUpdateDate>2025-05-19 11:28:12</PriceUpdateDate>
      <ItemCode>7290013153395</ItemCode>
      <ItemType>1</ItemType>
      <ItemName>פריגת סחוט רימונים 1</ItemName>
      <ManufacturerName>לא ידוע</ManufacturerName>
      <ManufactureCountry>לא ידוע</ManufactureCountry>
      <ManufacturerItemDescription>פריגת סחוט רימונים 1</ManufacturerItemDescription>
      <UnitQty>לא ידוע</UnitQty>
      <Quantity>1000.00</Quantity>
      <UnitOfMeasure>לא ידוע</UnitOfMeasure>
      <bIsWeighted>0</bIsWeighted>
      <QtyInPackage>לא ידוע</QtyInPackage>
      <ItemPrice>28.20</ItemPrice>
      <UnitOfMeasurePrice>0.0282</UnitOfMeasurePrice>
      <AllowDiscount>1</AllowDiscount>
      <ItemStatus>1</ItemStatus>
      <ItemId>228901</ItemId>
    </Item>
    <Item>
      <PriceUpdateDate>2025-05-20 14:35:16</PriceUpdateDate>
      <ItemCode>8000350003029</ItemCode>
      <ItemType>1</ItemType>
      <ItemName>חטיף אלף עלים במילוי</ItemName>
      <ManufacturerName>לא ידוע</ManufacturerName>
      <ManufactureCountry>לא ידוע</ManufactureCountry>
      <ManufacturerItemDescription>חטיף אלף עלים במילוי</ManufacturerItemDescription>
      <UnitQty>יחידה   </UnitQty>
      <Quantity>0.00</Quantity>
      <UnitOfMeasure>יחידה   </UnitOfMeasure>
      <bIsWeighted>0</bIsWeighted>
      <QtyInPackage>לא ידוע</QtyInPackage>
      <ItemPrice>4.90</ItemPrice>
      <UnitOfMeasurePrice>0.0000</UnitOfMeasurePrice>
      <AllowDiscount>1</AllowDiscount>
      <ItemStatus>1</ItemStatus>
      <ItemId>278265</ItemId>
    </Item>
    <Item>
      <PriceUpdateDate>2025-05-23 06:52:56</PriceUpdateDate>
      <ItemCode>87666052888</ItemCode>
      <ItemType>1</ItemType>
      <ItemName>רוטב סרירצ'ה צ'ילי ו</ItemName>
      <ManufacturerName>לא ידוע</ManufacturerName>
      <ManufactureCountry>לא ידוע</ManufactureCountry>
      <ManufacturerItemDescription>רוטב סרירצ'ה צ'ילי ו</ManufacturerItemDescription>
      <UnitQty>לא ידוע</UnitQty>
      <Quantity>455.00</Quantity>
      <UnitOfMeasure>לא ידוע</UnitOfMeasure>
      <bIsWeighted>0</bIsWeighted>
      <QtyInPackage>לא ידוע</QtyInPackage>
      <ItemPrice>24.90</ItemPrice>
      <UnitOfMeasurePrice>0.0547</UnitOfMeasurePrice>
      <AllowDiscount>1</AllowDiscount>
      <ItemStatus>1</ItemStatus>
      <ItemId>274969</ItemId>
    </Item>
    <Item>
      <PriceUpdateDate>2025-05-27 13:16:33</PriceUpdateDate>
      <ItemCode>7290112492531</ItemCode>
      <ItemType>1</ItemType>
      <ItemName>מרכך לשיער רגיל 700</ItemName>
      <ManufacturerName>לא ידוע</ManufacturerName>
      <ManufactureCountry>לא ידוע</ManufactureCountry>
      <ManufacturerItemDescription>מרכך לשיער רגיל 700</ManufacturerItemDescription>
      <UnitQty>לא ידוע</UnitQty>
      <Quantity>700.00</Quantity>
      <UnitOfMeasure>לא ידוע</UnitOfMeasure>
      <bIsWeighted>0</bIsWeighted>
      <QtyInPackage>לא ידוע</QtyInPackage>
      <ItemPrice>16.90</ItemPrice>
      <UnitOfMeasurePrice>0.0241</UnitOfMeasurePrice>
      <AllowDiscount>1</AllowDiscount>
      <ItemStatus>1</ItemStatus>
      <ItemId>234800</ItemId>
    </Item>
    <Item>
      <PriceUpdateDate>2025-05-27 13:16:34</PriceUpdateDate>
      <ItemCode>7290112495167</ItemCode>
      <ItemType>1</ItemType>
      <ItemName>נשנושים משולש שומשום</ItemName>
      <ManufacturerName>קריות זול</ManufacturerName>
      <ManufactureCountry>לא ידוע</ManufactureCountry>
      <ManufacturerItemDescription>נשנושים משולש שומשום</ManufacturerItemDescription>
      <UnitQty>לא ידוע</UnitQty>
      <Quantity>300.00</Quantity>
      <UnitOfMeasure>לא ידוע</UnitOfMeasure>
      <bIsWeighted>0</bIsWeighted>
      <QtyInPackage>לא ידוע</QtyInPackage>
      <ItemPrice>20.90</ItemPrice>
      <UnitOfMeasurePrice>0.0697</UnitOfMeasurePrice>
      <AllowDiscount>1</AllowDiscount>
      <ItemStatus>1</ItemStatus>
      <ItemId>234370</ItemId>
    </Item>
    <Item>
      <PriceUpdateDate>2025-05-29 12:50:15</PriceUpdateDate>
      <ItemCode>7290020216953</ItemCode>
      <ItemType>1</ItemType>
      <ItemName>לחם פרו  אנג'ל 500 ג</ItemName>
      <ManufacturerName>לא ידוע</ManufacturerName>
      <ManufactureCountry>לא ידוע</ManufactureCountry>
      <ManufacturerItemDescription>לחם פרו  אנג'ל 500 ג</ManufacturerItemDescription>
      <UnitQty>לא ידוע</UnitQty>
      <Quantity>500.00</Quantity>
      <UnitOfMeasure>לא ידוע</UnitOfMeasure>
      <bIsWeighted>0</bIsWeighted>
      <QtyInPackage>לא ידוע</QtyInPackage>
      <ItemPrice>23.90</ItemPrice>
      <UnitOfMeasurePrice>0.0478</UnitOfMeasurePrice>
      <AllowDiscount>1</AllowDiscount>
      <ItemStatus>1</ItemStatus>
      <ItemId>278413</ItemId>
    </Item>
    <Item>
      <PriceUpdateDate>2025-06-04 10:21:41</PriceUpdateDate>
      <ItemCode>7290011530471</ItemCode>
      <ItemType>1</ItemType>
      <ItemName>פולי סויה אדממה -1 ק</ItemName>
      <ManufacturerName>לא ידוע</ManufacturerName>
      <ManufactureCountry>לא ידוע</ManufactureCountry>
      <ManufacturerItemDescription>פולי סויה אדממה -1 ק</ManufacturerItemDescription>
      <UnitQty>לא ידוע</UnitQty>
      <Quantity>1000.00</Quantity>
      <UnitOfMeasure>לא ידוע</UnitOfMeasure>
      <bIsWeighted>0</bIsWeighted>
      <QtyInPackage>לא ידוע</QtyInPackage>
      <ItemPrice>17.90</ItemPrice>
      <UnitOfMeasurePrice>0.0179</UnitOfMeasurePrice>
      <AllowDiscount>1</AllowDiscount>
      <ItemStatus>1</ItemStatus>
      <ItemId>273521</ItemId>
    </Item>
    <Item>
      <PriceUpdateDate>2025-06-04 10:25:08</PriceUpdateDate>
      <ItemCode>7290003029372</ItemCode>
      <ItemType>1</ItemType>
      <ItemName>משקה חלב בטעם בננה י</ItemName>
      <ManufacturerName>קריות זול</ManufacturerName>
      <ManufactureCountry>לא ידוע</ManufactureCountry>
      <ManufacturerItemDescription>משקה חלב בטעם בננה י</ManufacturerItemDescription>
      <UnitQty>לא ידוע</UnitQty>
      <Quantity>1000.00</Quantity>
      <UnitOfMeasure>לא ידוע</UnitOfMeasure>
      <bIsWeighted>0</bIsWeighted>
      <QtyInPackage>לא ידוע</QtyInPackage>
      <ItemPrice>13.90</ItemPrice>
      <UnitOfMeasurePrice>0.0139</UnitOfMeasurePrice>
      <AllowDiscount>1</AllowDiscount>
      <ItemStatus>1</ItemStatus>
      <ItemId>195733</ItemId>
    </Item>
    <Item>
      <PriceUpdateDate>2025-06-04 10:25:09</PriceUpdateDate>
      <ItemCode>7290005839313</ItemCode>
      <ItemType>1</ItemType>
      <ItemName>מילקי טופ מגולגלת 14</ItemName>
      <ManufacturerName>קריות זול</ManufacturerName>
      <ManufactureCountry>לא ידוע</ManufactureCountry>
      <ManufacturerItemDescription>מילקי טופ מגולגלת 14</ManufacturerItemDescription>
      <UnitQty>לא ידוע</UnitQty>
      <Quantity>142.00</Quantity>
      <UnitOfMeasure>לא ידוע</UnitOfMeasure>
      <bIsWeighted>0</bIsWeighted>
      <QtyInPackage>לא ידוע</QtyInPackage>
      <ItemPrice>5.60</ItemPrice>
      <UnitOfMeasurePrice>0.0394</UnitOfMeasurePrice>
      <AllowDiscount>1</AllowDiscount>
      <ItemStatus>1</ItemStatus>
      <ItemId>195840</ItemId>
    </Item>
    <Item>
      <PriceUpdateDate>2025-06-04 10:25:11</PriceUpdateDate>
      <ItemCode>7290110564742</ItemCode>
      <ItemType>1</ItemType>
      <ItemName>משקה קפה קר בסיגנון</ItemName>
      <ManufacturerName>לא ידוע</ManufacturerName>
      <ManufactureCountry>לא ידוע</ManufactureCountry>
      <ManufacturerItemDescription>משקה קפה קר בסיגנון</ManufacturerItemDescription>
      <UnitQty>לא ידוע</UnitQty>
      <Quantity>230.00</Quantity>
      <UnitOfMeasure>לא ידוע</UnitOfMeasure>
      <bIsWeighted>0</bIsWeighted>
      <QtyInPackage>לא ידוע</QtyInPackage>
      <ItemPrice>9.80</ItemPrice>
      <UnitOfMeasurePrice>0.0426</UnitOfMeasurePrice>
      <AllowDiscount>1</AllowDiscount>
      <ItemStatus>1</ItemStatus>
      <ItemId>226873</ItemId>
    </Item>
    <Item>
      <PriceUpdateDate>2025-06-04 11:20:46</PriceUpdateDate>
      <ItemCode>8000500269169</ItemCode>
      <ItemType>1</ItemType>
      <ItemName>קינדר קארדס חמישייה</ItemName>
      <ManufacturerName>קריות זול</ManufacturerName>
      <ManufactureCountry>לא ידוע</ManufactureCountry>
      <ManufacturerItemDescription>קינדר קארדס חמישייה</ManufacturerItemDescription>
      <UnitQty>לא ידוע</UnitQty>
      <Quantity>128.00</Quantity>
      <UnitOfMeasure>לא ידוע</UnitOfMeasure>
      <bIsWeighted>0</bIsWeighted>
      <QtyInPackage>לא ידוע</QtyInPackage>
      <ItemPrice>19.90</ItemPrice>
      <UnitOfMeasurePrice>0.1555</UnitOfMeasurePrice>
      <AllowDiscount>1</AllowDiscount>
      <ItemStatus>1</ItemStatus>
      <ItemId>263113</ItemId>
    </Item>
    <Item>
      <PriceUpdateDate>2025-06-05 11:50:16</PriceUpdateDate>
      <ItemCode>8718951689756</ItemCode>
      <ItemType>1</ItemType>
      <ItemName>קולגייט משחת שיניים</ItemName>
      <ManufacturerName>לא ידוע</ManufacturerName>
      <ManufactureCountry>לא ידוע</ManufactureCountry>
      <ManufacturerItemDescription>קולגייט משחת שיניים</ManufacturerItemDescription>
      <UnitQty>לא ידוע</UnitQty>
      <Quantity>100.00</Quantity>
      <UnitOfMeasure>לא ידוע</UnitOfMeasure>
      <bIsWeighted>0</bIsWeighted>
      <QtyInPackage>לא ידוע</QtyInPackage>
      <ItemPrice>22.90</ItemPrice>
      <UnitOfMeasurePrice>0.2290</UnitOfMeasurePrice>
      <AllowDiscount>1</AllowDiscount>
      <ItemStatus>1</ItemStatus>
      <ItemId>278440</ItemId>
    </Item>
    <Item>
      <PriceUpdateDate>2025-06-13 12:34:03</PriceUpdateDate>
      <ItemCode>7290003402809</ItemCode>
      <ItemType>1</ItemType>
      <ItemName>ריזס לבן 39 גרם</ItemName>
      <ManufacturerName>לא ידוע</ManufacturerName>
      <ManufactureCountry>לא ידוע</ManufactureCountry>
      <ManufacturerItemDescription>ריזס לבן 39 גרם</ManufacturerItemDescription>
      <UnitQty>לא ידוע</UnitQty>
      <Quantity>39.00</Quantity>
      <UnitOfMeasure>לא ידוע</UnitOfMeasure>
      <bIsWeighted>0</bIsWeighted>
      <QtyInPackage>לא ידוע</QtyInPackage>
      <ItemPrice>9.90</ItemPrice>
      <UnitOfMeasurePrice>0.2538</UnitOfMeasurePrice>
      <AllowDiscount>1</AllowDiscount>
      <ItemStatus>1</ItemStatus>
      <ItemId>259231</ItemId>
    </Item>
    <Item>
      <PriceUpdateDate>2025-06-13 12:34:05</PriceUpdateDate>
      <ItemCode>80001911</ItemCode>
      <ItemType>1</ItemType>
      <ItemName>גרדנה אגוז לבן 38 גר</ItemName>
      <ManufacturerName>לא ידוע</ManufacturerName>
      <ManufactureCountry>לא ידוע</ManufactureCountry>
      <ManufacturerItemDescription>גרדנה אגוז לבן 38 גר</ManufacturerItemDescription>
      <UnitQty>לא ידוע</UnitQty>
      <Quantity>38.00</Quantity>
      <UnitOfMeasure>לא ידוע</UnitOfMeasure>
      <bIsWeighted>0</bIsWeighted>
      <QtyInPackage>לא ידוע</QtyInPackage>
      <ItemPrice>5.90</ItemPrice>
      <UnitOfMeasurePrice>0.1553</UnitOfMeasurePrice>
      <AllowDiscount>1</AllowDiscount>
      <ItemStatus>1</ItemStatus>
      <ItemId>253089</ItemId>
    </Item>
    <Item>
      <PriceUpdateDate>2025-06-13 12:34:06</PriceUpdateDate>
      <ItemCode>80926481</ItemCode>
      <ItemType>1</ItemType>
      <ItemName>מסטיק מנטוס פיור פרש</ItemName>
      <ManufacturerName>לא ידוע</ManufacturerName>
      <ManufactureCountry>לא ידוע</ManufactureCountry>
      <ManufacturerItemDescription>מסטיק מנטוס פיור פרש</ManufacturerItemDescription>
      <UnitQty>לא ידוע</UnitQty>
      <Quantity>90.00</Quantity>
      <UnitOfMeasure>לא ידוע</UnitOfMeasure>
      <bIsWeighted>0</bIsWeighted>
      <QtyInPackage>לא ידוע</QtyInPackage>
      <ItemPrice>21.90</ItemPrice>
      <UnitOfMeasurePrice>0.2433</UnitOfMeasurePrice>
      <AllowDiscount>1</AllowDiscount>
      <ItemStatus>1</ItemStatus>
      <ItemId>226308</ItemId>
    </Item>
    <Item>
      <PriceUpdateDate>2025-06-13 12:37:29</PriceUpdateDate>
      <ItemCode>7290011498368</ItemCode>
      <ItemType>1</ItemType>
      <ItemName>חמאת פיסטוק 200 גרם</ItemName>
      <ManufacturerName>לא ידוע</ManufacturerName>
      <ManufactureCountry>לא ידוע</ManufactureCountry>
      <ManufacturerItemDescription>חמאת פיסטוק 200 גרם</ManufacturerItemDescription>
      <UnitQty>לא ידוע</UnitQty>
      <Quantity>200.00</Quantity>
      <UnitOfMeasure>לא ידוע</UnitOfMeasure>
      <bIsWeighted>0</bIsWeighted>
      <QtyInPackage>לא ידוע</QtyInPackage>
      <ItemPrice>55.90</ItemPrice>
      <UnitOfMeasurePrice>0.2795</UnitOfMeasurePrice>
      <AllowDiscount>1</AllowDiscount>
      <ItemStatus>1</ItemStatus>
      <ItemId>272486</ItemId>
    </Item>
    <Item>
      <PriceUpdateDate>2025-06-16 15:28:34</PriceUpdateDate>
      <ItemCode>7290010237579</ItemCode>
      <ItemType>1</ItemType>
      <ItemName>סבן אפ בקבוק 500 מ"ל</ItemName>
      <ManufacturerName>לא ידוע</ManufacturerName>
      <ManufactureCountry>לא ידוע</ManufactureCountry>
      <ManufacturerItemDescription>סבן אפ בקבוק 500 מ"ל</ManufacturerItemDescription>
      <UnitQty>לא ידוע</UnitQty>
      <Quantity>500.00</Quantity>
      <UnitOfMeasure>לא ידוע</UnitOfMeasure>
      <bIsWeighted>0</bIsWeighted>
      <QtyInPackage>לא ידוע</QtyInPackage>
      <ItemPrice>7.90</ItemPrice>
      <UnitOfMeasurePrice>0.0158</UnitOfMeasurePrice>
      <AllowDiscount>1</AllowDiscount>
      <ItemStatus>1</ItemStatus>
      <ItemId>173151</ItemId>
    </Item>
    <Item>
      <PriceUpdateDate>2025-06-16 15:28:34</PriceUpdateDate>
      <ItemCode>7290000327037</ItemCode>
      <ItemType>1</ItemType>
      <ItemName>מירינדה פחית צרה 6*3</ItemName>
      <ManufacturerName>לא ידוע</ManufacturerName>
      <ManufactureCountry>לא ידוע</ManufactureCountry>
      <ManufacturerItemDescription>מירינדה פחית צרה 6*3</ManufacturerItemDescription>
      <UnitQty>לא ידוע</UnitQty>
      <Quantity>1980.00</Quantity>
      <UnitOfMeasure>לא ידוע</UnitOfMeasure>
      <bIsWeighted>0</bIsWeighted>
      <QtyInPackage>לא ידוע</QtyInPackage>
      <ItemPrice>22.90</ItemPrice>
      <UnitOfMeasurePrice>0.0116</UnitOfMeasurePrice>
      <AllowDiscount>1</AllowDiscount>
      <ItemStatus>1</ItemStatus>
      <ItemId>267226</ItemId>
    </Item>
    <Item>
      <PriceUpdateDate>2025-06-17 11:35:16</PriceUpdateDate>
      <ItemCode>7290118427605</ItemCode>
      <ItemType>1</ItemType>
      <ItemName>מנה חמה ווק נודלס בר</ItemName>
      <ManufacturerName>קריות זול</ManufacturerName>
      <ManufactureCountry>לא ידוע</ManufactureCountry>
      <ManufacturerItemDescription>מנה חמה ווק נודלס בר</ManufacturerItemDescription>
      <UnitQty>לא ידוע</UnitQty>
      <Quantity>70.00</Quantity>
      <UnitOfMeasure>לא ידוע</UnitOfMeasure>
      <bIsWeighted>0</bIsWeighted>
      <QtyInPackage>לא ידוע</QtyInPackage>
      <ItemPrice>16.90</ItemPrice>
      <UnitOfMeasurePrice>0.2414</UnitOfMeasurePrice>
      <AllowDiscount>1</AllowDiscount>
      <ItemStatus>1</ItemStatus>
      <ItemId>278532</ItemId>
    </Item>
    <Item>
      <PriceUpdateDate>2025-06-17 11:50:15</PriceUpdateDate>
      <ItemCode>7290118427667</ItemCode>
      <ItemType>1</ItemType>
      <ItemName>מנה חמה ווק אורז בסג</ItemName>
      <ManufacturerName>קריות זול</ManufacturerName>
      <ManufactureCountry>לא ידוע</ManufactureCountry>
      <ManufacturerItemDescription>מנה חמה ווק אורז בסג</ManufacturerItemDescription>
      <UnitQty>לא ידוע</UnitQty>
      <Quantity>70.00</Quantity>
      <UnitOfMeasure>לא ידוע</UnitOfMeasure>
      <bIsWeighted>0</bIsWeighted>
      <QtyInPackage>לא ידוע</QtyInPackage>
      <ItemPrice>14.90</ItemPrice>
      <UnitOfMeasurePrice>0.2129</UnitOfMeasurePrice>
      <AllowDiscount>1</AllowDiscount>
      <ItemStatus>1</ItemStatus>
      <ItemId>278536</ItemId>
    </Item>
    <Item>
      <PriceUpdateDate>2025-06-18 10:17:31</PriceUpdateDate>
      <ItemCode>7290111568961</ItemCode>
      <ItemType>1</ItemType>
      <ItemName>בייגלה טבעות מלח אסם</ItemName>
      <ManufacturerName>לא ידוע</ManufacturerName>
      <ManufactureCountry>לא ידוע</ManufactureCountry>
      <ManufacturerItemDescription>בייגלה טבעות מלח אסם</ManufacturerItemDescription>
      <UnitQty>לא ידוע</UnitQty>
      <Quantity>400.00</Quantity>
      <UnitOfMeasure>לא ידוע</UnitOfMeasure>
      <bIsWeighted>0</bIsWeighted>
      <QtyInPackage>לא ידוע</QtyInPackage>
      <ItemPrice>16.90</ItemPrice>
      <UnitOfMeasurePrice>0.0422</UnitOfMeasurePrice>
      <AllowDiscount>1</AllowDiscount>
      <ItemStatus>1</ItemStatus>
      <ItemId>225033</ItemId>
    </Item>
    <Item>
      <PriceUpdateDate>2025-06-18 10:17:32</PriceUpdateDate>
      <ItemCode>7290115208245</ItemCode>
      <ItemType>1</ItemType>
      <ItemName>פיטנס בייגלה סלק 150</ItemName>
      <ManufacturerName>לא ידוע</ManufacturerName>
      <ManufactureCountry>לא ידוע</ManufactureCountry>
      <ManufacturerItemDescription>פיטנס בייגלה סלק 150</ManufacturerItemDescription>
      <UnitQty>לא ידוע</UnitQty>
      <Quantity>150.00</Quantity>
      <UnitOfMeasure>לא ידוע</UnitOfMeasure>
      <bIsWeighted>0</bIsWeighted>
      <QtyInPackage>לא ידוע</QtyInPackage>
      <ItemPrice>14.90</ItemPrice>
      <UnitOfMeasurePrice>0.0993</UnitOfMeasurePrice>
      <AllowDiscount>1</AllowDiscount>
      <ItemStatus>1</ItemStatus>
      <ItemId>267118</ItemId>
    </Item>
    <Item>
      <PriceUpdateDate>2025-06-23 10:52:26</PriceUpdateDate>
      <ItemCode>7290000554006</ItemCode>
      <ItemType>1</ItemType>
      <ItemName>קאשקבל מחלבות גד</ItemName>
      <ManufacturerName>לא ידוע</ManufacturerName>
      <ManufactureCountry>ישראל</ManufactureCountry>
      <ManufacturerItemDescription>קאשקבל מחלבות גד</ManufacturerItemDescription>
      <UnitQty>קילוגרמים</UnitQty>
      <Quantity>1.00</Quantity>
      <UnitOfMeasure>ק"ג</UnitOfMeasure>
      <bIsWeighted>1</bIsWeighted>
      <QtyInPackage>לא ידוע</QtyInPackage>
      <ItemPrice>169.00</ItemPrice>
      <UnitOfMeasurePrice>169.0000</UnitOfMeasurePrice>
      <AllowDiscount>1</AllowDiscount>
      <ItemStatus>1</ItemStatus>
      <ItemId>171523</ItemId>
    </Item>
    <Item>
      <PriceUpdateDate>2025-06-23 10:52:26</PriceUpdateDate>
      <ItemCode>7290004480363</ItemCode>
      <ItemType>1</ItemType>
      <ItemName>קאשקבל מחלבות גד</ItemName>
      <ManufacturerName>לא ידוע</ManufacturerName>
      <ManufactureCountry>ישראל</ManufactureCountry>
      <ManufacturerItemDescription>קאשקבל מחלבות גד</ManufacturerItemDescription>
      <UnitQty>קילוגרמים</UnitQty>
      <Quantity>1.00</Quantity>
      <UnitOfMeasure>ק"ג</UnitOfMeasure>
      <bIsWeighted>1</bIsWeighted>
      <QtyInPackage>לא ידוע</QtyInPackage>
      <ItemPrice>169.00</ItemPrice>
      <UnitOfMeasurePrice>169.0000</UnitOfMeasurePrice>
      <AllowDiscount>1</AllowDiscount>
      <ItemStatus>1</ItemStatus>
      <ItemId>261626</ItemId>
    </Item>
    <Item>
      <PriceUpdateDate>2025-06-23 10:52:30</PriceUpdateDate>
      <ItemCode>7290011499327</ItemCode>
      <ItemType>1</ItemType>
      <ItemName>בולגרית בקר מעודנת 2</ItemName>
      <ManufacturerName>לא ידוע</ManufacturerName>
      <ManufactureCountry>לא ידוע</ManufactureCountry>
      <ManufacturerItemDescription>בולגרית בקר מעודנת 2</ManufacturerItemDescription>
      <UnitQty>לא ידוע</UnitQty>
      <Quantity>250.00</Quantity>
      <UnitOfMeasure>לא ידוע</UnitOfMeasure>
      <bIsWeighted>0</bIsWeighted>
      <QtyInPackage>לא ידוע</QtyInPackage>
      <ItemPrice>30.90</ItemPrice>
      <UnitOfMeasurePrice>0.1236</UnitOfMeasurePrice>
      <AllowDiscount>1</AllowDiscount>
      <ItemStatus>1</ItemStatus>
      <ItemId>171672</ItemId>
    </Item>
    <Item>
      <PriceUpdateDate>2025-06-24 09:42:02</PriceUpdateDate>
      <ItemCode>7290019635208</ItemCode>
      <ItemType>1</ItemType>
      <ItemName>קממבר צרפתי 130 גרם</ItemName>
      <ManufacturerName>קריות זול</ManufacturerName>
      <ManufactureCountry>לא ידוע</ManufactureCountry>
      <ManufacturerItemDescription>קממבר צרפתי 130 גרם</ManufacturerItemDescription>
      <UnitQty>לא ידוע</UnitQty>
      <Quantity>130.00</Quantity>
      <UnitOfMeasure>לא ידוע</UnitOfMeasure>
      <bIsWeighted>0</bIsWeighted>
      <QtyInPackage>לא ידוע</QtyInPackage>
      <ItemPrice>23.90</ItemPrice>
      <UnitOfMeasurePrice>0.1838</UnitOfMeasurePrice>
      <AllowDiscount>1</AllowDiscount>
      <ItemStatus>1</ItemStatus>
      <ItemId>273085</ItemId>
    </Item>
    <Item>
      <PriceUpdateDate>2025-06-25 10:35:15</PriceUpdateDate>
      <ItemCode>7290010922147</ItemCode>
      <ItemType>1</ItemType>
      <ItemName>המבורגר משפחתי מארז</ItemName>
      <ManufacturerName>לא ידוע</ManufacturerName>
      <ManufactureCountry>לא ידוע</ManufactureCountry>
      <ManufacturerItemDescription>המבורגר משפחתי מארז</ManufacturerItemDescription>
      <UnitQty>לא ידוע</UnitQty>
      <Quantity>15000.00</Quantity>
      <UnitOfMeasure>לא ידוע</UnitOfMeasure>
      <bIsWeighted>0</bIsWeighted>
      <QtyInPackage>לא ידוע</QtyInPackage>
      <ItemPrice>67.90</ItemPrice>
      <UnitOfMeasurePrice>0.0045</UnitOfMeasurePrice>
      <AllowDiscount>1</AllowDiscount>
      <ItemStatus>1</ItemStatus>
      <ItemId>278612</ItemId>
    </Item>
    <Item>
      <PriceUpdateDate>2025-07-06 12:37:01</PriceUpdateDate>
      <ItemCode>7290019790310</ItemCode>
      <ItemType>1</ItemType>
      <ItemName>חלומי 24% 200 גרם</ItemName>
      <ManufacturerName>לא ידוע</ManufacturerName>
      <ManufactureCountry>לא ידוע</ManufactureCountry>
      <ManufacturerItemDescription>חלומי 24% 200 גרם</ManufacturerItemDescription>
      <UnitQty>לא ידוע</UnitQty>
      <Quantity>200.00</Quantity>
      <UnitOfMeasure>לא ידוע</UnitOfMeasure>
      <bIsWeighted>0</bIsWeighted>
      <QtyInPackage>לא ידוע</QtyInPackage>
      <ItemPrice>26.90</ItemPrice>
      <UnitOfMeasurePrice>0.1345</UnitOfMeasurePrice>
      <AllowDiscount>1</AllowDiscount>
      <ItemStatus>1</ItemStatus>
      <ItemId>275846</ItemId>
    </Item>
    <Item>
      <PriceUpdateDate>2025-07-06 12:50:51</PriceUpdateDate>
      <ItemCode>80432402931</ItemCode>
      <ItemType>1</ItemType>
      <ItemName>וויסקי שיבאס 700 מ"ל</ItemName>
      <ManufacturerName>לא ידוע</ManufacturerName>
      <ManufactureCountry>לא ידוע</ManufactureCountry>
      <ManufacturerItemDescription>וויסקי שיבאס 700 מ"ל</ManufacturerItemDescription>
      <UnitQty>לא ידוע</UnitQty>
      <Quantity>700.00</Quantity>
      <UnitOfMeasure>לא ידוע</UnitOfMeasure>
      <bIsWeighted>0</bIsWeighted>
      <QtyInPackage>לא ידוע</QtyInPackage>
      <ItemPrice>152.90</ItemPrice>
      <UnitOfMeasurePrice>0.2184</UnitOfMeasurePrice>
      <AllowDiscount>1</AllowDiscount>
      <ItemStatus>1</ItemStatus>
      <ItemId>172869</ItemId>
    </Item>
    <Item>
      <PriceUpdateDate>2025-07-07 10:05:23</PriceUpdateDate>
      <ItemCode>7290019400042</ItemCode>
      <ItemType>1</ItemType>
      <ItemName>סוכריות גלי נחשים מס</ItemName>
      <ManufacturerName>פריטי המותג של יאיר</ManufacturerName>
      <ManufactureCountry>לא ידוע</ManufactureCountry>
      <ManufacturerItemDescription>סוכריות גלי נחשים מס</ManufacturerItemDescription>
      <UnitQty>לא ידוע</UnitQty>
      <Quantity>200.00</Quantity>
      <UnitOfMeasure>לא ידוע</UnitOfMeasure>
      <bIsWeighted>0</bIsWeighted>
      <QtyInPackage>לא ידוע</QtyInPackage>
      <ItemPrice>13.90</ItemPrice>
      <UnitOfMeasurePrice>0.0695</UnitOfMeasurePrice>
      <AllowDiscount>1</AllowDiscount>
      <ItemStatus>1</ItemStatus>
      <ItemId>266086</ItemId>
    </Item>
    <Item>
      <PriceUpdateDate>2025-07-14 09:35:16</PriceUpdateDate>
      <ItemCode>7290005230738</ItemCode>
      <ItemType>1</ItemType>
      <ItemName>צל.גדול לבן 125*8קלס</ItemName>
      <ManufacturerName>לא ידוע</ManufacturerName>
      <ManufactureCountry>לא ידוע</ManufactureCountry>
      <ManufacturerItemDescription>צל.גדול לבן 125*8קלס</ManufacturerItemDescription>
      <UnitQty>יחידה   </UnitQty>
      <Quantity>0.00</Quantity>
      <UnitOfMeasure>יחידה   </UnitOfMeasure>
      <bIsWeighted>0</bIsWeighted>
      <QtyInPackage>לא ידוע</QtyInPackage>
      <ItemPrice>44.90</ItemPrice>
      <UnitOfMeasurePrice>0.0000</UnitOfMeasurePrice>
      <AllowDiscount>1</AllowDiscount>
      <ItemStatus>1</ItemStatus>
      <ItemId>278806</ItemId>
    </Item>
    <Item>
      <PriceUpdateDate>2025-07-15 10:05:16</PriceUpdateDate>
      <ItemCode>7290121750035</ItemCode>
      <ItemType>1</ItemType>
      <ItemName>נר נשמה ל-7 ימים עלמ</ItemName>
      <ManufacturerName>לא ידוע</ManufacturerName>
      <ManufactureCountry>לא ידוע</ManufactureCountry>
      <ManufacturerItemDescription>נר נשמה ל-7 ימים עלמ</ManufacturerItemDescription>
      <UnitQty>לא ידוע</UnitQty>
      <Quantity>1.00</Quantity>
      <UnitOfMeasure>לא ידוע</UnitOfMeasure>
      <bIsWeighted>0</bIsWeighted>
      <QtyInPackage>לא ידוע</QtyInPackage>
      <ItemPrice>10.90</ItemPrice>
      <UnitOfMeasurePrice>10.9000</UnitOfMeasurePrice>
      <AllowDiscount>1</AllowDiscount>
      <ItemStatus>1</ItemStatus>
      <ItemId>278873</ItemId>
    </Item>
    <Item>
      <PriceUpdateDate>2025-07-17 09:52:30</PriceUpdateDate>
      <ItemCode>7290008345583</ItemCode>
      <ItemType>1</ItemType>
      <ItemName>איקרה ביתית ורודה 30</ItemName>
      <ManufacturerName>קריות זול</ManufacturerName>
      <ManufactureCountry>לא ידוע</ManufactureCountry>
      <ManufacturerItemDescription>איקרה ביתית ורודה 30</ManufacturerItemDescription>
      <UnitQty>לא ידוע</UnitQty>
      <Quantity>300.00</Quantity>
      <UnitOfMeasure>לא ידוע</UnitOfMeasure>
      <bIsWeighted>0</bIsWeighted>
      <QtyInPackage>לא ידוע</QtyInPackage>
      <ItemPrice>22.90</ItemPrice>
      <UnitOfMeasurePrice>0.0763</UnitOfMeasurePrice>
      <AllowDiscount>1</AllowDiscount>
      <ItemStatus>1</ItemStatus>
      <ItemId>253459</ItemId>
    </Item>
    <Item>
      <PriceUpdateDate>2025-07-17 09:52:40</PriceUpdateDate>
      <ItemCode>4860019001414</ItemCode>
      <ItemType>1</ItemType>
      <ItemName>בורגומי מים מינרלים</ItemName>
      <ManufacturerName>לא ידוע</ManufacturerName>
      <ManufactureCountry>לא ידוע</ManufactureCountry>
      <ManufacturerItemDescription>בורגומי מים מינרלים</ManufacturerItemDescription>
      <UnitQty>לא ידוע</UnitQty>
      <Quantity>500.00</Quantity>
      <UnitOfMeasure>לא ידוע</UnitOfMeasure>
      <bIsWeighted>0</bIsWeighted>
      <QtyInPackage>לא ידוע</QtyInPackage>
      <ItemPrice>12.90</ItemPrice>
      <UnitOfMeasurePrice>0.0258</UnitOfMeasurePrice>
      <AllowDiscount>1</AllowDiscount>
      <ItemStatus>1</ItemStatus>
      <ItemId>195363</ItemId>
    </Item>
    <Item>
      <PriceUpdateDate>2025-07-17 10:03:42</PriceUpdateDate>
      <ItemCode>7290008464604</ItemCode>
      <ItemType>1</ItemType>
      <ItemName>בירה היינקן הולנד פח</ItemName>
      <ManufacturerName>קריות זול</ManufacturerName>
      <ManufactureCountry>לא ידוע</ManufactureCountry>
      <ManufacturerItemDescription>בירה היינקן הולנד פח</ManufacturerItemDescription>
      <UnitQty>לא ידוע</UnitQty>
      <Quantity>500.00</Quantity>
      <UnitOfMeasure>לא ידוע</UnitOfMeasure>
      <bIsWeighted>0</bIsWeighted>
      <QtyInPackage>לא ידוע</QtyInPackage>
      <ItemPrice>13.90</ItemPrice>
      <UnitOfMeasurePrice>0.0278</UnitOfMeasurePrice>
      <AllowDiscount>1</AllowDiscount>
      <ItemStatus>1</ItemStatus>
      <ItemId>173130</ItemId>
    </Item>
    <Item>
      <PriceUpdateDate>2025-07-20 12:59:34</PriceUpdateDate>
      <ItemCode>7290113193000</ItemCode>
      <ItemType>1</ItemType>
      <ItemName>פלפל שיפקונית 230 גר</ItemName>
      <ManufacturerName>לא ידוע</ManufacturerName>
      <ManufactureCountry>לא ידוע</ManufactureCountry>
      <ManufacturerItemDescription>פלפל שיפקונית 230 גר</ManufacturerItemDescription>
      <UnitQty>לא ידוע</UnitQty>
      <Quantity>230.00</Quantity>
      <UnitOfMeasure>לא ידוע</UnitOfMeasure>
      <bIsWeighted>0</bIsWeighted>
      <QtyInPackage>לא ידוע</QtyInPackage>
      <ItemPrice>14.90</ItemPrice>
      <UnitOfMeasurePrice>0.0648</UnitOfMeasurePrice>
      <AllowDiscount>1</AllowDiscount>
      <ItemStatus>1</ItemStatus>
      <ItemId>248404</ItemId>
    </Item>
    <Item>
      <PriceUpdateDate>2025-08-03 10:25:09</PriceUpdateDate>
      <ItemCode>7290018975848</ItemCode>
      <ItemType>1</ItemType>
      <ItemName>אורז בסמטי לבן אורגנ</ItemName>
      <ManufacturerName>לא ידוע</ManufacturerName>
      <ManufactureCountry>לא ידוע</ManufactureCountry>
      <ManufacturerItemDescription>אורז בסמטי לבן אורגנ</ManufacturerItemDescription>
      <UnitQty>לא ידוע</UnitQty>
      <Quantity>500.00</Quantity>
      <UnitOfMeasure>לא ידוע</UnitOfMeasure>
      <bIsWeighted>0</bIsWeighted>
      <QtyInPackage>לא ידוע</QtyInPackage>
      <ItemPrice>12.90</ItemPrice>
      <UnitOfMeasurePrice>0.0258</UnitOfMeasurePrice>
      <AllowDiscount>1</AllowDiscount>
      <ItemStatus>1</ItemStatus>
      <ItemId>273201</ItemId>
    </Item>
    <Item>
      <PriceUpdateDate>2025-08-03 11:05:15</PriceUpdateDate>
      <ItemCode>7290005938641</ItemCode>
      <ItemType>1</ItemType>
      <ItemName>ממרח פטריות אגוזי מל</ItemName>
      <ManufacturerName>לא ידוע</ManufacturerName>
      <ManufactureCountry>לא ידוע</ManufactureCountry>
      <ManufacturerItemDescription>ממרח פטריות אגוזי מל</ManufacturerItemDescription>
      <UnitQty>לא ידוע</UnitQty>
      <Quantity>220.00</Quantity>
      <UnitOfMeasure>לא ידוע</UnitOfMeasure>
      <bIsWeighted>0</bIsWeighted>
      <QtyInPackage>לא ידוע</QtyInPackage>
      <ItemPrice>22.90</ItemPrice>
      <UnitOfMeasurePrice>0.1041</UnitOfMeasurePrice>
      <AllowDiscount>1</AllowDiscount>
      <ItemStatus>1</ItemStatus>
      <ItemId>279159</ItemId>
    </Item>
    <Item>
      <PriceUpdateDate>2025-08-03 15:34:00</PriceUpdateDate>
      <ItemCode>7290100859162</ItemCode>
      <ItemType>1</ItemType>
      <ItemName>שוקולד מריר60% עלית</ItemName>
      <ManufacturerName>לא ידוע</ManufacturerName>
      <ManufactureCountry>לא ידוע</ManufactureCountry>
      <ManufacturerItemDescription>שוקולד מריר60% עלית</ManufacturerItemDescription>
      <UnitQty>לא ידוע</UnitQty>
      <Quantity>200.00</Quantity>
      <UnitOfMeasure>לא ידוע</UnitOfMeasure>
      <bIsWeighted>0</bIsWeighted>
      <QtyInPackage>לא ידוע</QtyInPackage>
      <ItemPrice>23.90</ItemPrice>
      <UnitOfMeasurePrice>0.1195</UnitOfMeasurePrice>
      <AllowDiscount>1</AllowDiscount>
      <ItemStatus>1</ItemStatus>
      <ItemId>209015</ItemId>
    </Item>
    <Item>
      <PriceUpdateDate>2025-08-03 15:34:02</PriceUpdateDate>
      <ItemCode>7290107951623</ItemCode>
      <ItemType>1</ItemType>
      <ItemName>שוקולד פרה בלונדי קר</ItemName>
      <ManufacturerName>לא ידוע</ManufacturerName>
      <ManufactureCountry>לא ידוע</ManufactureCountry>
      <ManufacturerItemDescription>שוקולד פרה בלונדי קר</ManufacturerItemDescription>
      <UnitQty>לא ידוע</UnitQty>
      <Quantity>100.00</Quantity>
      <UnitOfMeasure>לא ידוע</UnitOfMeasure>
      <bIsWeighted>0</bIsWeighted>
      <QtyInPackage>לא ידוע</QtyInPackage>
      <ItemPrice>12.90</ItemPrice>
      <UnitOfMeasurePrice>0.1290</UnitOfMeasurePrice>
      <AllowDiscount>1</AllowDiscount>
      <ItemStatus>1</ItemStatus>
      <ItemId>222226</ItemId>
    </Item>
    <Item>
      <PriceUpdateDate>2025-08-03 15:34:04</PriceUpdateDate>
      <ItemCode>7290112344786</ItemCode>
      <ItemType>1</ItemType>
      <ItemName>קפה פלטינום קלאסיק ע</ItemName>
      <ManufacturerName>לא ידוע</ManufacturerName>
      <ManufactureCountry>לא ידוע</ManufactureCountry>
      <ManufacturerItemDescription>קפה פלטינום קלאסיק ע</ManufacturerItemDescription>
      <UnitQty>לא ידוע</UnitQty>
      <Quantity>200.00</Quantity>
      <UnitOfMeasure>לא ידוע</UnitOfMeasure>
      <bIsWeighted>0</bIsWeighted>
      <QtyInPackage>לא ידוע</QtyInPackage>
      <ItemPrice>37.90</ItemPrice>
      <UnitOfMeasurePrice>0.1895</UnitOfMeasurePrice>
      <AllowDiscount>1</AllowDiscount>
      <ItemStatus>1</ItemStatus>
      <ItemId>239922</ItemId>
    </Item>
    <Item>
      <PriceUpdateDate>2025-08-03 15:34:05</PriceUpdateDate>
      <ItemCode>7290119377107</ItemCode>
      <ItemType>1</ItemType>
      <ItemName>משפחתית מיני טעמי 35</ItemName>
      <ManufacturerName>לא ידוע</ManufacturerName>
      <ManufactureCountry>לא ידוע</ManufactureCountry>
      <ManufacturerItemDescription>משפחתית מיני טעמי 35</ManufacturerItemDescription>
      <UnitQty>לא ידוע</UnitQty>
      <Quantity>357.00</Quantity>
      <UnitOfMeasure>לא ידוע</UnitOfMeasure>
      <bIsWeighted>0</bIsWeighted>
      <QtyInPackage>לא ידוע</QtyInPackage>
      <ItemPrice>36.90</ItemPrice>
      <UnitOfMeasurePrice>0.1034</UnitOfMeasurePrice>
      <AllowDiscount>1</AllowDiscount>
      <ItemStatus>1</ItemStatus>
      <ItemId>272099</ItemId>
    </Item>
    <Item>
      <PriceUpdateDate>2025-08-03 15:39:23</PriceUpdateDate>
      <ItemCode>7290014218932</ItemCode>
      <ItemType>1</ItemType>
      <ItemName>חטיפי פיצה בתוספת זי</ItemName>
      <ManufacturerName>קריות זול</ManufacturerName>
      <ManufactureCountry>לא ידוע</ManufactureCountry>
      <ManufacturerItemDescription>חטיפי פיצה בתוספת זי</ManufacturerItemDescription>
      <UnitQty>לא ידוע</UnitQty>
      <Quantity>710.00</Quantity>
      <UnitOfMeasure>לא ידוע</UnitOfMeasure>
      <bIsWeighted>0</bIsWeighted>
      <QtyInPackage>לא ידוע</QtyInPackage>
      <ItemPrice>38.90</ItemPrice>
      <UnitOfMeasurePrice>0.0548</UnitOfMeasurePrice>
      <AllowDiscount>1</AllowDiscount>
      <ItemStatus>1</ItemStatus>
      <ItemId>227227</ItemId>
    </Item>
    <Item>
      <PriceUpdateDate>2025-08-03 15:39:33</PriceUpdateDate>
      <ItemCode>8718951700857</ItemCode>
      <ItemType>1</ItemType>
      <ItemName>קולגייט מברשת טוטאל</ItemName>
      <ManufacturerName>לא ידוע</ManufacturerName>
      <ManufactureCountry>לא ידוע</ManufactureCountry>
      <ManufacturerItemDescription>קולגייט מברשת טוטאל</ManufacturerItemDescription>
      <UnitQty>יחידה   </UnitQty>
      <Quantity>0.00</Quantity>
      <UnitOfMeasure>יחידה   </UnitOfMeasure>
      <bIsWeighted>0</bIsWeighted>
      <QtyInPackage>לא ידוע</QtyInPackage>
      <ItemPrice>39.90</ItemPrice>
      <UnitOfMeasurePrice>0.0000</UnitOfMeasurePrice>
      <AllowDiscount>1</AllowDiscount>
      <ItemStatus>1</ItemStatus>
      <ItemId>278502</ItemId>
    </Item>
    <Item>
      <PriceUpdateDate>2025-08-04 13:05:17</PriceUpdateDate>
      <ItemCode>7290020239044</ItemCode>
      <ItemType>1</ItemType>
      <ItemName>חטיפי בורקיטס גבינות</ItemName>
      <ManufacturerName>לא ידוע</ManufacturerName>
      <ManufactureCountry>לא ידוע</ManufactureCountry>
      <ManufacturerItemDescription>חטיפי בורקיטס גבינות</ManufacturerItemDescription>
      <UnitQty>לא ידוע</UnitQty>
      <Quantity>770.00</Quantity>
      <UnitOfMeasure>לא ידוע</UnitOfMeasure>
      <bIsWeighted>0</bIsWeighted>
      <QtyInPackage>לא ידוע</QtyInPackage>
      <ItemPrice>33.90</ItemPrice>
      <UnitOfMeasurePrice>0.0440</UnitOfMeasurePrice>
      <AllowDiscount>1</AllowDiscount>
      <ItemStatus>1</ItemStatus>
      <ItemId>279193</ItemId>
    </Item>
    <Item>
      <PriceUpdateDate>2025-08-06 08:05:16</PriceUpdateDate>
      <ItemCode>7290111348044</ItemCode>
      <ItemType>1</ItemType>
      <ItemName>מגבת נייר בגליל אורך</ItemName>
      <ManufacturerName>לא ידוע</ManufacturerName>
      <ManufactureCountry>לא ידוע</ManufactureCountry>
      <ManufacturerItemDescription>מגבת נייר בגליל אורך</ManufacturerItemDescription>
      <UnitQty>יחידה   </UnitQty>
      <Quantity>0.00</Quantity>
      <UnitOfMeasure>יחידה   </UnitOfMeasure>
      <bIsWeighted>0</bIsWeighted>
      <QtyInPackage>לא ידוע</QtyInPackage>
      <ItemPrice>22.90</ItemPrice>
      <UnitOfMeasurePrice>0.0000</UnitOfMeasurePrice>
      <AllowDiscount>1</AllowDiscount>
      <ItemStatus>1</ItemStatus>
      <ItemId>279206</ItemId>
    </Item>
    <Item>
      <PriceUpdateDate>2025-08-10 12:23:56</PriceUpdateDate>
      <ItemCode>7290003353927</ItemCode>
      <ItemType>1</ItemType>
      <ItemName>המבורגר בקר 500 גר ת</ItemName>
      <ManufacturerName>לא ידוע</ManufacturerName>
      <ManufactureCountry>לא ידוע</ManufactureCountry>
      <ManufacturerItemDescription>המבורגר בקר 500 גר ת</ManufacturerItemDescription>
      <UnitQty>לא ידוע</UnitQty>
      <Quantity>500.00</Quantity>
      <UnitOfMeasure>לא ידוע</UnitOfMeasure>
      <bIsWeighted>0</bIsWeighted>
      <QtyInPackage>לא ידוע</QtyInPackage>
      <ItemPrice>32.90</ItemPrice>
      <UnitOfMeasurePrice>0.0658</UnitOfMeasurePrice>
      <AllowDiscount>1</AllowDiscount>
      <ItemStatus>1</ItemStatus>
      <ItemId>275571</ItemId>
    </Item>
    <Item>
      <PriceUpdateDate>2025-08-11 14:35:16</PriceUpdateDate>
      <ItemCode>7290008351171</ItemCode>
      <ItemType>1</ItemType>
      <ItemName>גרעיני תירס קפוא מתו</ItemName>
      <ManufacturerName>לא ידוע</ManufacturerName>
      <ManufactureCountry>לא ידוע</ManufactureCountry>
      <ManufacturerItemDescription>גרעיני תירס קפוא מתו</ManufacturerItemDescription>
      <UnitQty>לא ידוע</UnitQty>
      <Quantity>800.00</Quantity>
      <UnitOfMeasure>לא ידוע</UnitOfMeasure>
      <bIsWeighted>0</bIsWeighted>
      <QtyInPackage>לא ידוע</QtyInPackage>
      <ItemPrice>13.90</ItemPrice>
      <UnitOfMeasurePrice>0.0174</UnitOfMeasurePrice>
      <AllowDiscount>1</AllowDiscount>
      <ItemStatus>1</ItemStatus>
      <ItemId>279255</ItemId>
    </Item>
    <Item>
      <PriceUpdateDate>2025-08-19 11:20:15</PriceUpdateDate>
      <ItemCode>7290019635529</ItemCode>
      <ItemType>1</ItemType>
      <ItemName>גבינת שמנת ניו יורק</ItemName>
      <ManufacturerName>לא ידוע</ManufacturerName>
      <ManufactureCountry>לא ידוע</ManufactureCountry>
      <ManufacturerItemDescription>גבינת שמנת ניו יורק</ManufacturerItemDescription>
      <UnitQty>לא ידוע</UnitQty>
      <Quantity>200.00</Quantity>
      <UnitOfMeasure>לא ידוע</UnitOfMeasure>
      <bIsWeighted>0</bIsWeighted>
      <QtyInPackage>לא ידוע</QtyInPackage>
      <ItemPrice>18.90</ItemPrice>
      <UnitOfMeasurePrice>0.0945</UnitOfMeasurePrice>
      <AllowDiscount>1</AllowDiscount>
      <ItemStatus>1</ItemStatus>
      <ItemId>279317</ItemId>
    </Item>
    <Item>
      <PriceUpdateDate>2025-09-02 10:16:01</PriceUpdateDate>
      <ItemCode>7290003154005</ItemCode>
      <ItemType>1</ItemType>
      <ItemName>שוקולד צ'יפס 150גרם</ItemName>
      <ManufacturerName>לא ידוע</ManufacturerName>
      <ManufactureCountry>לא ידוע</ManufactureCountry>
      <ManufacturerItemDescription>שוקולד צ'יפס 150גרם</ManufacturerItemDescription>
      <UnitQty>לא ידוע</UnitQty>
      <Quantity>150.00</Quantity>
      <UnitOfMeasure>לא ידוע</UnitOfMeasure>
      <bIsWeighted>0</bIsWeighted>
      <QtyInPackage>לא ידוע</QtyInPackage>
      <ItemPrice>22.90</ItemPrice>
      <UnitOfMeasurePrice>0.1527</UnitOfMeasurePrice>
      <AllowDiscount>1</AllowDiscount>
      <ItemStatus>1</ItemStatus>
      <ItemId>272560</ItemId>
    </Item>
    <Item>
      <PriceUpdateDate>2025-09-02 10:16:35</PriceUpdateDate>
      <ItemCode>7290000104690</ItemCode>
      <ItemType>1</ItemType>
      <ItemName>גרעיני תירס סנפרוסט</ItemName>
      <ManufacturerName>קריות זול</ManufacturerName>
      <ManufactureCountry>לא ידוע</ManufactureCountry>
      <ManufacturerItemDescription>גרעיני תירס סנפרוסט</ManufacturerItemDescription>
      <UnitQty>לא ידוע</UnitQty>
      <Quantity>800.00</Quantity>
      <UnitOfMeasure>לא ידוע</UnitOfMeasure>
      <bIsWeighted>0</bIsWeighted>
      <QtyInPackage>לא ידוע</QtyInPackage>
      <ItemPrice>23.90</ItemPrice>
      <UnitOfMeasurePrice>0.0299</UnitOfMeasurePrice>
      <AllowDiscount>1</AllowDiscount>
      <ItemStatus>1</ItemStatus>
      <ItemId>188301</ItemId>
    </Item>
    <Item>
      <PriceUpdateDate>2025-09-14 10:50:16</PriceUpdateDate>
      <ItemCode>796520972315</ItemCode>
      <ItemType>1</ItemType>
      <ItemName>טופו במרקם קשה 1.2 ק</ItemName>
      <ManufacturerName>לא ידוע</ManufacturerName>
      <ManufactureCountry>לא ידוע</ManufactureCountry>
      <ManufacturerItemDescription>טופו במרקם קשה 1.2 ק</ManufacturerItemDescription>
      <UnitQty>לא ידוע</UnitQty>
      <Quantity>1200.00</Quantity>
      <UnitOfMeasure>לא ידוע</UnitOfMeasure>
      <bIsWeighted>0</bIsWeighted>
      <QtyInPackage>לא ידוע</QtyInPackage>
      <ItemPrice>33.90</ItemPrice>
      <UnitOfMeasurePrice>0.0282</UnitOfMeasurePrice>
      <AllowDiscount>1</AllowDiscount>
      <ItemStatus>1</ItemStatus>
      <ItemId>279528</ItemId>
    </Item>
    <Item>
      <PriceUpdateDate>2025-09-16 12:20:15</PriceUpdateDate>
      <ItemCode>7290002035343</ItemCode>
      <ItemType>1</ItemType>
      <ItemName>הרינג כבוש 300 גרם א</ItemName>
      <ManufacturerName>לא ידוע</ManufacturerName>
      <ManufactureCountry>לא ידוע</ManufactureCountry>
      <ManufacturerItemDescription>הרינג כבוש 300 גרם א</ManufacturerItemDescription>
      <UnitQty>לא ידוע</UnitQty>
      <Quantity>300.00</Quantity>
      <UnitOfMeasure>לא ידוע</UnitOfMeasure>
      <bIsWeighted>0</bIsWeighted>
      <QtyInPackage>לא ידוע</QtyInPackage>
      <ItemPrice>34.90</ItemPrice>
      <UnitOfMeasurePrice>0.1163</UnitOfMeasurePrice>
      <AllowDiscount>1</AllowDiscount>
      <ItemStatus>1</ItemStatus>
      <ItemId>279595</ItemId>
    </Item>
    <Item>
      <PriceUpdateDate>2025-10-15 11:05:15</PriceUpdateDate>
      <ItemCode>4009300011040</ItemCode>
      <ItemType>1</ItemType>
      <ItemName>פומפדור תה ירוק תפוח</ItemName>
      <ManufacturerName>לא ידוע</ManufacturerName>
      <ManufactureCountry>לא ידוע</ManufactureCountry>
      <ManufacturerItemDescription>פומפדור תה ירוק תפוח</ManufacturerItemDescription>
      <UnitQty>יחידה   </UnitQty>
      <Quantity>0.00</Quantity>
      <UnitOfMeasure>יחידה   </UnitOfMeasure>
      <bIsWeighted>0</bIsWeighted>
      <QtyInPackage>לא ידוע</QtyInPackage>
      <ItemPrice>20.90</ItemPrice>
      <UnitOfMeasurePrice>0.0000</UnitOfMeasurePrice>
      <AllowDiscount>1</AllowDiscount>
      <ItemStatus>1</ItemStatus>
      <ItemId>279709</ItemId>
    </Item>
    <Item>
      <PriceUpdateDate>2025-10-19 09:20:17</PriceUpdateDate>
      <ItemCode>54881017855</ItemCode>
      <ItemType>1</ItemType>
      <ItemName>תה שחור צאי אחמד תה</ItemName>
      <ManufacturerName>לא ידוע</ManufacturerName>
      <ManufactureCountry>לא ידוע</ManufactureCountry>
      <ManufacturerItemDescription>תה שחור צאי אחמד תה</ManufacturerItemDescription>
      <UnitQty>יחידה   </UnitQty>
      <Quantity>0.00</Quantity>
      <UnitOfMeasure>יחידה   </UnitOfMeasure>
      <bIsWeighted>0</bIsWeighted>
      <QtyInPackage>לא ידוע</QtyInPackage>
      <ItemPrice>13.90</ItemPrice>
      <UnitOfMeasurePrice>0.0000</UnitOfMeasurePrice>
      <AllowDiscount>1</AllowDiscount>
      <ItemStatus>1</ItemStatus>
      <ItemId>279769</ItemId>
    </Item>
    <Item>
      <PriceUpdateDate>2025-10-23 12:05:15</PriceUpdateDate>
      <ItemCode>7290119382835</ItemCode>
      <ItemType>1</ItemType>
      <ItemName>סו מאץ' ש.חלב במילוי</ItemName>
      <ManufacturerName>קריות זול</ManufacturerName>
      <ManufactureCountry>ישראל</ManufactureCountry>
      <ManufacturerItemDescription>סו מאץ' ש.חלב במילוי</ManufacturerItemDescription>
      <UnitQty>לא ידוע</UnitQty>
      <Quantity>149.00</Quantity>
      <UnitOfMeasure>לא ידוע</UnitOfMeasure>
      <bIsWeighted>0</bIsWeighted>
      <QtyInPackage>לא ידוע</QtyInPackage>
      <ItemPrice>16.90</ItemPrice>
      <UnitOfMeasurePrice>0.1134</UnitOfMeasurePrice>
      <AllowDiscount>1</AllowDiscount>
      <ItemStatus>1</ItemStatus>
      <ItemId>279880</ItemId>
    </Item>
    <Item>
      <PriceUpdateDate>2025-10-23 15:12:18</PriceUpdateDate>
      <ItemCode>7290117901182</ItemCode>
      <ItemType>1</ItemType>
      <ItemName>בוטן קליפה קלוי ששון</ItemName>
      <ManufacturerName>לא ידוע</ManufacturerName>
      <ManufactureCountry>לא ידוע</ManufactureCountry>
      <ManufacturerItemDescription>בוטן קליפה קלוי ששון</ManufacturerItemDescription>
      <UnitQty>לא ידוע</UnitQty>
      <Quantity>350.00</Quantity>
      <UnitOfMeasure>לא ידוע</UnitOfMeasure>
      <bIsWeighted>0</bIsWeighted>
      <QtyInPackage>לא ידוע</QtyInPackage>
      <ItemPrice>12.90</ItemPrice>
      <UnitOfMeasurePrice>0.0369</UnitOfMeasurePrice>
      <AllowDiscount>1</AllowDiscount>
      <ItemStatus>1</ItemStatus>
      <ItemId>262333</ItemId>
    </Item>
    <Item>
      <PriceUpdateDate>2025-10-28 15:00:51</PriceUpdateDate>
      <ItemCode>7290013358431</ItemCode>
      <ItemType>1</ItemType>
      <ItemName>קרוטונים לסלט עגבניו</ItemName>
      <ManufacturerName>לא ידוע</ManufacturerName>
      <ManufactureCountry>לא ידוע</ManufactureCountry>
      <ManufacturerItemDescription>קרוטונים לסלט עגבניו</ManufacturerItemDescription>
      <UnitQty>לא ידוע</UnitQty>
      <Quantity>200.00</Quantity>
      <UnitOfMeasure>לא ידוע</UnitOfMeasure>
      <bIsWeighted>0</bIsWeighted>
      <QtyInPackage>לא ידוע</QtyInPackage>
      <ItemPrice>16.90</ItemPrice>
      <UnitOfMeasurePrice>0.0845</UnitOfMeasurePrice>
      <AllowDiscount>1</AllowDiscount>
      <ItemStatus>1</ItemStatus>
      <ItemId>185843</ItemId>
    </Item>
    <Item>
      <PriceUpdateDate>2025-10-28 15:00:52</PriceUpdateDate>
      <ItemCode>7290114604895</ItemCode>
      <ItemType>1</ItemType>
      <ItemName>ממרח ספייסי לחיץ מאס</ItemName>
      <ManufacturerName>לא ידוע</ManufacturerName>
      <ManufactureCountry>לא ידוע</ManufactureCountry>
      <ManufacturerItemDescription>ממרח ספייסי לחיץ מאס</ManufacturerItemDescription>
      <UnitQty>לא ידוע</UnitQty>
      <Quantity>446.00</Quantity>
      <UnitOfMeasure>לא ידוע</UnitOfMeasure>
      <bIsWeighted>0</bIsWeighted>
      <QtyInPackage>לא ידוע</QtyInPackage>
      <ItemPrice>20.90</ItemPrice>
      <UnitOfMeasurePrice>0.0469</UnitOfMeasurePrice>
      <AllowDiscount>1</AllowDiscount>
      <ItemStatus>1</ItemStatus>
      <ItemId>264322</ItemId>
    </Item>
    <Item>
      <PriceUpdateDate>2025-10-28 15:00:53</PriceUpdateDate>
      <ItemCode>8710502064814</ItemCode>
      <ItemType>1</ItemType>
      <ItemName>עוגיות שוקולד ציפס ר</ItemName>
      <ManufacturerName>לא ידוע</ManufacturerName>
      <ManufactureCountry>לא ידוע</ManufactureCountry>
      <ManufacturerItemDescription>עוגיות שוקולד ציפס ר</ManufacturerItemDescription>
      <UnitQty>לא ידוע</UnitQty>
      <Quantity>175.00</Quantity>
      <UnitOfMeasure>לא ידוע</UnitOfMeasure>
      <bIsWeighted>0</bIsWeighted>
      <QtyInPackage>לא ידוע</QtyInPackage>
      <ItemPrice>16.90</ItemPrice>
      <UnitOfMeasurePrice>0.0966</UnitOfMeasurePrice>
      <AllowDiscount>1</AllowDiscount>
      <ItemStatus>1</ItemStatus>
      <ItemId>186371</ItemId>
    </Item>
    <Item>
      <PriceUpdateDate>2025-10-29 10:53:06</PriceUpdateDate>
      <ItemCode>4820005198597</ItemCode>
      <ItemType>1</ItemType>
      <ItemName>מילניום פייבוריט ברו</ItemName>
      <ManufacturerName>לא ידוע</ManufacturerName>
      <ManufactureCountry>לא ידוע</ManufactureCountry>
      <ManufacturerItemDescription>מילניום פייבוריט ברו</ManufacturerItemDescription>
      <UnitQty>לא ידוע</UnitQty>
      <Quantity>100.00</Quantity>
      <UnitOfMeasure>לא ידוע</UnitOfMeasure>
      <bIsWeighted>0</bIsWeighted>
      <QtyInPackage>לא ידוע</QtyInPackage>
      <ItemPrice>14.50</ItemPrice>
      <UnitOfMeasurePrice>0.1450</UnitOfMeasurePrice>
      <AllowDiscount>1</AllowDiscount>
      <ItemStatus>1</ItemStatus>
      <ItemId>275609</ItemId>
    </Item>
    <Item>
      <PriceUpdateDate>2025-11-03 12:50:18</PriceUpdateDate>
      <ItemCode>8935001729228</ItemCode>
      <ItemType>1</ItemType>
      <ItemName>מסטיק מנטוס פיור פרש</ItemName>
      <ManufacturerName>לא ידוע</ManufacturerName>
      <ManufactureCountry>לא ידוע</ManufactureCountry>
      <ManufacturerItemDescription>מסטיק מנטוס פיור פרש</ManufacturerItemDescription>
      <UnitQty>לא ידוע</UnitQty>
      <Quantity>60.00</Quantity>
      <UnitOfMeasure>לא ידוע</UnitOfMeasure>
      <bIsWeighted>0</bIsWeighted>
      <QtyInPackage>לא ידוע</QtyInPackage>
      <ItemPrice>14.90</ItemPrice>
      <UnitOfMeasurePrice>0.2483</UnitOfMeasurePrice>
      <AllowDiscount>1</AllowDiscount>
      <ItemStatus>1</ItemStatus>
      <ItemId>279963</ItemId>
    </Item>
    <Item>
      <PriceUpdateDate>2025-11-03 12:50:18</PriceUpdateDate>
      <ItemCode>8935001729259</ItemCode>
      <ItemType>1</ItemType>
      <ItemName>מסטיק מנטוס פיור פרש</ItemName>
      <ManufacturerName>לא ידוע</ManufacturerName>
      <ManufactureCountry>לא ידוע</ManufactureCountry>
      <ManufacturerItemDescription>מסטיק מנטוס פיור פרש</ManufacturerItemDescription>
      <UnitQty>לא ידוע</UnitQty>
      <Quantity>60.00</Quantity>
      <UnitOfMeasure>לא ידוע</UnitOfMeasure>
      <bIsWeighted>0</bIsWeighted>
      <QtyInPackage>לא ידוע</QtyInPackage>
      <ItemPrice>14.90</ItemPrice>
      <UnitOfMeasurePrice>0.2483</UnitOfMeasurePrice>
      <AllowDiscount>1</AllowDiscount>
      <ItemStatus>1</ItemStatus>
      <ItemId>279964</ItemId>
    </Item>
    <Item>
      <PriceUpdateDate>2025-11-04 14:20:15</PriceUpdateDate>
      <ItemCode>8714789733296</ItemCode>
      <ItemType>1</ItemType>
      <ItemName>פלמוליב נטורלס תחליב</ItemName>
      <ManufacturerName>לא ידוע</ManufacturerName>
      <ManufactureCountry>לא ידוע</ManufactureCountry>
      <ManufacturerItemDescription>פלמוליב נטורלס תחליב</ManufacturerItemDescription>
      <UnitQty>לא ידוע</UnitQty>
      <Quantity>750.00</Quantity>
      <UnitOfMeasure>לא ידוע</UnitOfMeasure>
      <bIsWeighted>0</bIsWeighted>
      <QtyInPackage>לא ידוע</QtyInPackage>
      <ItemPrice>27.90</ItemPrice>
      <UnitOfMeasurePrice>0.0372</UnitOfMeasurePrice>
      <AllowDiscount>1</AllowDiscount>
      <ItemStatus>1</ItemStatus>
      <ItemId>279993</ItemId>
    </Item>
    <Item>
      <PriceUpdateDate>2025-11-06 09:41:52</PriceUpdateDate>
      <ItemCode>4009300019251</ItemCode>
      <ItemType>1</ItemType>
      <ItemName>פומפדור חליטת חורף ט</ItemName>
      <ManufacturerName>קריות זול</ManufacturerName>
      <ManufactureCountry>לא ידוע</ManufactureCountry>
      <ManufacturerItemDescription>פומפדור חליטת חורף ט</ManufacturerItemDescription>
      <UnitQty>יחידה   </UnitQty>
      <Quantity>0.00</Quantity>
      <UnitOfMeasure>יחידה   </UnitOfMeasure>
      <bIsWeighted>0</bIsWeighted>
      <QtyInPackage>לא ידוע</QtyInPackage>
      <ItemPrice>16.90</ItemPrice>
      <UnitOfMeasurePrice>0.0000</UnitOfMeasurePrice>
      <AllowDiscount>1</AllowDiscount>
      <ItemStatus>1</ItemStatus>
      <ItemId>273308</ItemId>
    </Item>
    <Item>
      <PriceUpdateDate>2025-11-11 10:16:49</PriceUpdateDate>
      <ItemCode>7290112963918</ItemCode>
      <ItemType>1</ItemType>
      <ItemName>פיטנס קרקר דק רוזמרי</ItemName>
      <ManufacturerName>לא ידוע</ManufacturerName>
      <ManufactureCountry>לא ידוע</ManufactureCountry>
      <ManufacturerItemDescription>פיטנס קרקר דק רוזמרי</ManufacturerItemDescription>
      <UnitQty>לא ידוע</UnitQty>
      <Quantity>140.00</Quantity>
      <UnitOfMeasure>לא ידוע</UnitOfMeasure>
      <bIsWeighted>0</bIsWeighted>
      <QtyInPackage>לא ידוע</QtyInPackage>
      <ItemPrice>15.50</ItemPrice>
      <UnitOfMeasurePrice>0.1107</UnitOfMeasurePrice>
      <AllowDiscount>1</AllowDiscount>
      <ItemStatus>1</ItemStatus>
      <ItemId>231565</ItemId>
    </Item>
    <Item>
      <PriceUpdateDate>2025-11-23 11:35:16</PriceUpdateDate>
      <ItemCode>7290119382293</ItemCode>
      <ItemType>1</ItemType>
      <ItemName>סוכריות מאסט לל"ס בט</ItemName>
      <ManufacturerName>קריות זול</ManufacturerName>
      <ManufactureCountry>לא ידוע</ManufactureCountry>
      <ManufacturerItemDescription>סוכריות מאסט לל"ס בט</ManufacturerItemDescription>
      <UnitQty>לא ידוע</UnitQty>
      <Quantity>80.00</Quantity>
      <UnitOfMeasure>לא ידוע</UnitOfMeasure>
      <bIsWeighted>0</bIsWeighted>
      <QtyInPackage>לא ידוע</QtyInPackage>
      <ItemPrice>10.90</ItemPrice>
      <UnitOfMeasurePrice>0.1363</UnitOfMeasurePrice>
      <AllowDiscount>1</AllowDiscount>
      <ItemStatus>1</ItemStatus>
      <ItemId>280201</ItemId>
    </Item>
    <Item>
      <PriceUpdateDate>2025-11-25 10:35:17</PriceUpdateDate>
      <ItemCode>7290117907429</ItemCode>
      <ItemType>1</ItemType>
      <ItemName>ניילון נצמד 150 מטר</ItemName>
      <ManufacturerName>לא ידוע</ManufacturerName>
      <ManufactureCountry>לא ידוע</ManufactureCountry>
      <ManufacturerItemDescription>ניילון נצמד 150 מטר</ManufacturerItemDescription>
      <UnitQty>יחידה   </UnitQty>
      <Quantity>0.00</Quantity>
      <UnitOfMeasure>יחידה   </UnitOfMeasure>
      <bIsWeighted>0</bIsWeighted>
      <QtyInPackage>לא ידוע</QtyInPackage>
      <ItemPrice>19.90</ItemPrice>
      <UnitOfMeasurePrice>0.0000</UnitOfMeasurePrice>
      <AllowDiscount>1</AllowDiscount>
      <ItemStatus>1</ItemStatus>
      <ItemId>280241</ItemId>
    </Item>
    <Item>
      <PriceUpdateDate>2025-11-25 16:51:59</PriceUpdateDate>
      <ItemCode>7290107342049</ItemCode>
      <ItemType>1</ItemType>
      <ItemName>כוס טרמית STAN פרימי</ItemName>
      <ManufacturerName>לא ידוע</ManufacturerName>
      <ManufactureCountry>לא ידוע</ManufactureCountry>
      <ManufacturerItemDescription>כוס טרמית STAN פרימי</ManufacturerItemDescription>
      <UnitQty>יחידה   </UnitQty>
      <Quantity>0.00</Quantity>
      <UnitOfMeasure>יחידה   </UnitOfMeasure>
      <bIsWeighted>0</bIsWeighted>
      <QtyInPackage>לא ידוע</QtyInPackage>
      <ItemPrice>79.90</ItemPrice>
      <UnitOfMeasurePrice>0.0000</UnitOfMeasurePrice>
      <AllowDiscount>1</AllowDiscount>
      <ItemStatus>1</ItemStatus>
      <ItemId>279693</ItemId>
    </Item>
    <Item>
      <PriceUpdateDate>2025-11-27 12:20:16</PriceUpdateDate>
      <ItemCode>7290020297082</ItemCode>
      <ItemType>1</ItemType>
      <ItemName>בייגלה שטוח חלבון קר</ItemName>
      <ManufacturerName>לא ידוע</ManufacturerName>
      <ManufactureCountry>לא ידוע</ManufactureCountry>
      <ManufacturerItemDescription>בייגלה שטוח חלבון קר</ManufacturerItemDescription>
      <UnitQty>לא ידוע</UnitQty>
      <Quantity>50.00</Quantity>
      <UnitOfMeasure>לא ידוע</UnitOfMeasure>
      <bIsWeighted>0</bIsWeighted>
      <QtyInPackage>לא ידוע</QtyInPackage>
      <ItemPrice>14.90</ItemPrice>
      <UnitOfMeasurePrice>0.2980</UnitOfMeasurePrice>
      <AllowDiscount>1</AllowDiscount>
      <ItemStatus>1</ItemStatus>
      <ItemId>280275</ItemId>
    </Item>
    <Item>
      <PriceUpdateDate>2025-12-01 06:44:26</PriceUpdateDate>
      <ItemCode>7290000116204</ItemCode>
      <ItemType>1</ItemType>
      <ItemName>מרק דגש זך בטעם עוף</ItemName>
      <ManufacturerName>קריות זול</ManufacturerName>
      <ManufactureCountry>לא ידוע</ManufactureCountry>
      <ManufacturerItemDescription>מרק דגש זך בטעם עוף</ManufacturerItemDescription>
      <UnitQty>לא ידוע</UnitQty>
      <Quantity>1000.00</Quantity>
      <UnitOfMeasure>לא ידוע</UnitOfMeasure>
      <bIsWeighted>0</bIsWeighted>
      <QtyInPackage>לא ידוע</QtyInPackage>
      <ItemPrice>23.90</ItemPrice>
      <UnitOfMeasurePrice>0.0239</UnitOfMeasurePrice>
      <AllowDiscount>1</AllowDiscount>
      <ItemStatus>1</ItemStatus>
      <ItemId>182134</ItemId>
    </Item>
    <Item>
      <PriceUpdateDate>2025-12-01 09:15:07</PriceUpdateDate>
      <ItemCode>4760093401776</ItemCode>
      <ItemType>1</ItemType>
      <ItemName>*מבצע* סוכר לבן בקוב</ItemName>
      <ManufacturerName>לא ידוע</ManufacturerName>
      <ManufactureCountry>לא ידוע</ManufactureCountry>
      <ManufacturerItemDescription>*מבצע* סוכר לבן בקוב</ManufacturerItemDescription>
      <UnitQty>לא ידוע</UnitQty>
      <Quantity>500.00</Quantity>
      <UnitOfMeasure>לא ידוע</UnitOfMeasure>
      <bIsWeighted>0</bIsWeighted>
      <QtyInPackage>לא ידוע</QtyInPackage>
      <ItemPrice>10.80</ItemPrice>
      <UnitOfMeasurePrice>0.0216</UnitOfMeasurePrice>
      <AllowDiscount>1</AllowDiscount>
      <ItemStatus>1</ItemStatus>
      <ItemId>274205</ItemId>
    </Item>
    <Item>
      <PriceUpdateDate>2025-12-07 14:34:23</PriceUpdateDate>
      <ItemCode>7290011498986</ItemCode>
      <ItemType>1</ItemType>
      <ItemName>מארז חטיפי תמר במילו</ItemName>
      <ManufacturerName>לא ידוע</ManufacturerName>
      <ManufactureCountry>לא ידוע</ManufactureCountry>
      <ManufacturerItemDescription>מארז חטיפי תמר במילו</ManufacturerItemDescription>
      <UnitQty>לא ידוע</UnitQty>
      <Quantity>150.00</Quantity>
      <UnitOfMeasure>לא ידוע</UnitOfMeasure>
      <bIsWeighted>0</bIsWeighted>
      <QtyInPackage>לא ידוע</QtyInPackage>
      <ItemPrice>21.90</ItemPrice>
      <UnitOfMeasurePrice>0.1460</UnitOfMeasurePrice>
      <AllowDiscount>1</AllowDiscount>
      <ItemStatus>1</ItemStatus>
      <ItemId>272348</ItemId>
    </Item>
    <Item>
      <PriceUpdateDate>2025-12-08 19:47:48</PriceUpdateDate>
      <ItemCode>7290020172013</ItemCode>
      <ItemType>1</ItemType>
      <ItemName>בטטה (8דק')</ItemName>
      <ManufacturerName>לא ידוע</ManufacturerName>
      <ManufactureCountry>ישראל</ManufactureCountry>
      <ManufacturerItemDescription>בטטה (8דק')</ManufacturerItemDescription>
      <UnitQty>יחידה   </UnitQty>
      <Quantity>0.00</Quantity>
      <UnitOfMeasure>יחידה   </UnitOfMeasure>
      <bIsWeighted>0</bIsWeighted>
      <QtyInPackage>לא ידוע</QtyInPackage>
      <ItemPrice>4.90</ItemPrice>
      <UnitOfMeasurePrice>0.0000</UnitOfMeasurePrice>
      <AllowDiscount>1</AllowDiscount>
      <ItemStatus>1</ItemStatus>
      <ItemId>274964</ItemId>
    </Item>
    <Item>
      <PriceUpdateDate>2025-12-21 12:50:17</PriceUpdateDate>
      <ItemCode>7290001598320</ItemCode>
      <ItemType>1</ItemType>
      <ItemName>לחמניות קלות  קמח מל</ItemName>
      <ManufacturerName>לא ידוע</ManufacturerName>
      <ManufactureCountry>לא ידוע</ManufactureCountry>
      <ManufacturerItemDescription>לחמניות קלות  קמח מל</ManufacturerItemDescription>
      <UnitQty>לא ידוע</UnitQty>
      <Quantity>420.00</Quantity>
      <UnitOfMeasure>לא ידוע</UnitOfMeasure>
      <bIsWeighted>0</bIsWeighted>
      <QtyInPackage>לא ידוע</QtyInPackage>
      <ItemPrice>19.90</ItemPrice>
      <UnitOfMeasurePrice>0.0474</UnitOfMeasurePrice>
      <AllowDiscount>1</AllowDiscount>
      <ItemStatus>1</ItemStatus>
      <ItemId>280624</ItemId>
    </Item>
    <Item>
      <PriceUpdateDate>2025-12-23 15:14:33</PriceUpdateDate>
      <ItemCode>7290006681003</ItemCode>
      <ItemType>1</ItemType>
      <ItemName>קרמיסימו תות לימון ס</ItemName>
      <ManufacturerName>קריות זול</ManufacturerName>
      <ManufactureCountry>לא ידוע</ManufactureCountry>
      <ManufacturerItemDescription>קרמיסימו תות לימון ס</ManufacturerItemDescription>
      <UnitQty>לא ידוע</UnitQty>
      <Quantity>1330.00</Quantity>
      <UnitOfMeasure>לא ידוע</UnitOfMeasure>
      <bIsWeighted>0</bIsWeighted>
      <QtyInPackage>לא ידוע</QtyInPackage>
      <ItemPrice>28.90</ItemPrice>
      <UnitOfMeasurePrice>0.0217</UnitOfMeasurePrice>
      <AllowDiscount>1</AllowDiscount>
      <ItemStatus>1</ItemStatus>
      <ItemId>187615</ItemId>
    </Item>
    <Item>
      <PriceUpdateDate>2025-12-23 15:14:33</PriceUpdateDate>
      <ItemCode>7290011081492</ItemCode>
      <ItemType>1</ItemType>
      <ItemName>קרמיסימו שלושה שוקול</ItemName>
      <ManufacturerName>קריות זול</ManufacturerName>
      <ManufactureCountry>לא ידוע</ManufactureCountry>
      <ManufacturerItemDescription>קרמיסימו שלושה שוקול</ManufacturerItemDescription>
      <UnitQty>לא ידוע</UnitQty>
      <Quantity>1330.00</Quantity>
      <UnitOfMeasure>לא ידוע</UnitOfMeasure>
      <bIsWeighted>0</bIsWeighted>
      <QtyInPackage>לא ידוע</QtyInPackage>
      <ItemPrice>28.90</ItemPrice>
      <UnitOfMeasurePrice>0.0217</UnitOfMeasurePrice>
      <AllowDiscount>1</AllowDiscount>
      <ItemStatus>1</ItemStatus>
      <ItemId>187664</ItemId>
    </Item>
    <Item>
      <PriceUpdateDate>2025-12-23 15:14:35</PriceUpdateDate>
      <ItemCode>7290112499837</ItemCode>
      <ItemType>1</ItemType>
      <ItemName>שלגון מגנום דואט נוג</ItemName>
      <ManufacturerName>לא ידוע</ManufacturerName>
      <ManufactureCountry>לא ידוע</ManufactureCountry>
      <ManufacturerItemDescription>שלגון מגנום דואט נוג</ManufacturerItemDescription>
      <UnitQty>לא ידוע</UnitQty>
      <Quantity>90.00</Quantity>
      <UnitOfMeasure>לא ידוע</UnitOfMeasure>
      <bIsWeighted>0</bIsWeighted>
      <QtyInPackage>לא ידוע</QtyInPackage>
      <ItemPrice>15.50</ItemPrice>
      <UnitOfMeasurePrice>0.1722</UnitOfMeasurePrice>
      <AllowDiscount>1</AllowDiscount>
      <ItemStatus>1</ItemStatus>
      <ItemId>239039</ItemId>
    </Item>
  </Items>
</Root>