<Root>
  <XmlDocVersion>19</XmlDocVersion>
  <ChainId>7290876100000</ChainId>
  <SubChainId>1</SubChainId>
  <StoreId>013</StoreId>
  <BikoretNo>7</BikoretNo>
  <DllVerNo>9.4.0.50</DllVerNo>
  <Items Count="315">
    <Item>
      <PriceUpdateDate>2015-10-11 10:06:29</PriceUpdateDate>
      <ItemCode>7290000201832</ItemCode>
      <ItemType>1</ItemType>
      <ItemName>טיטולים פרימיום פרימ</ItemName>
      <ManufacturerName>לא ידוע</ManufacturerName>
      <ManufactureCountry>לא ידוע</ManufactureCountry>
      <ManufacturerItemDescription>טיטולים פרימיום פרימ</ManufacturerItemDescription>
      <UnitQty>יחידה   </UnitQty>
      <Quantity>0.00</Quantity>
      <UnitOfMeasure>יחידה   </UnitOfMeasure>
      <bIsWeighted>0</bIsWeighted>
      <QtyInPackage>לא ידוע</QtyInPackage>
      <ItemPrice>34.90</ItemPrice>
      <UnitOfMeasurePrice>0.0000</UnitOfMeasurePrice>
      <AllowDiscount>1</AllowDiscount>
      <ItemStatus>1</ItemStatus>
      <ItemId>100974</ItemId>
    </Item>
    <Item>
      <PriceUpdateDate>2016-04-17 17:59:20</PriceUpdateDate>
      <ItemCode>6945305614047</ItemCode>
      <ItemType>1</ItemType>
      <ItemName>רביעיית מתלים ניקל</ItemName>
      <ManufacturerName>לא ידוע</ManufacturerName>
      <ManufactureCountry>לא ידוע</ManufactureCountry>
      <ManufacturerItemDescription>רביעיית מתלים ניקל</ManufacturerItemDescription>
      <UnitQty>יחידה   </UnitQty>
      <Quantity>0.00</Quantity>
      <UnitOfMeasure>יחידה   </UnitOfMeasure>
      <bIsWeighted>0</bIsWeighted>
      <QtyInPackage>לא ידוע</QtyInPackage>
      <ItemPrice>9.90</ItemPrice>
      <UnitOfMeasurePrice>0.0000</UnitOfMeasurePrice>
      <AllowDiscount>1</AllowDiscount>
      <ItemStatus>1</ItemStatus>
      <ItemId>104171</ItemId>
    </Item>
    <Item>
      <PriceUpdateDate>2016-04-17 17:59:24</PriceUpdateDate>
      <ItemCode>7290011514273</ItemCode>
      <ItemType>1</ItemType>
      <ItemName>וואקום ירח סגור</ItemName>
      <ManufacturerName>לא ידוע</ManufacturerName>
      <ManufactureCountry>לא ידוע</ManufactureCountry>
      <ManufacturerItemDescription>וואקום ירח סגור</ManufacturerItemDescription>
      <UnitQty>יחידה   </UnitQty>
      <Quantity>0.00</Quantity>
      <UnitOfMeasure>יחידה   </UnitOfMeasure>
      <bIsWeighted>0</bIsWeighted>
      <QtyInPackage>לא ידוע</QtyInPackage>
      <ItemPrice>9.90</ItemPrice>
      <UnitOfMeasurePrice>0.0000</UnitOfMeasurePrice>
      <AllowDiscount>1</AllowDiscount>
      <ItemStatus>1</ItemStatus>
      <ItemId>104183</ItemId>
    </Item>
    <Item>
      <PriceUpdateDate>2019-03-31 08:08:07</PriceUpdateDate>
      <ItemCode>7702018852475</ItemCode>
      <ItemType>1</ItemType>
      <ItemName>סכיני גילוח פיוז'ן 4</ItemName>
      <ManufacturerName>לא ידוע</ManufacturerName>
      <ManufactureCountry>לא ידוע</ManufactureCountry>
      <ManufacturerItemDescription>סכיני גילוח פיוז'ן 4</ManufacturerItemDescription>
      <UnitQty>יחידה   </UnitQty>
      <Quantity>0.00</Quantity>
      <UnitOfMeasure>יחידה   </UnitOfMeasure>
      <bIsWeighted>0</bIsWeighted>
      <QtyInPackage>לא ידוע</QtyInPackage>
      <ItemPrice>95.90</ItemPrice>
      <UnitOfMeasurePrice>0.0000</UnitOfMeasurePrice>
      <AllowDiscount>1</AllowDiscount>
      <ItemStatus>1</ItemStatus>
      <ItemId>126326</ItemId>
    </Item>
    <Item>
      <PriceUpdateDate>2022-04-27 14:21:48</PriceUpdateDate>
      <ItemCode>6315280312069</ItemCode>
      <ItemType>1</ItemType>
      <ItemName>טוסטר 2 פרוסות נירוס</ItemName>
      <ManufacturerName>לא ידוע</ManufacturerName>
      <ManufactureCountry>לא ידוע</ManufactureCountry>
      <ManufacturerItemDescription>טוסטר 2 פרוסות נירוס</ManufacturerItemDescription>
      <UnitQty>יחידה   </UnitQty>
      <Quantity>0.00</Quantity>
      <UnitOfMeasure>יחידה   </UnitOfMeasure>
      <bIsWeighted>0</bIsWeighted>
      <QtyInPackage>לא ידוע</QtyInPackage>
      <ItemPrice>89.00</ItemPrice>
      <UnitOfMeasurePrice>0.0000</UnitOfMeasurePrice>
      <AllowDiscount>1</AllowDiscount>
      <ItemStatus>1</ItemStatus>
      <ItemId>171221</ItemId>
    </Item>
    <Item>
      <PriceUpdateDate>2022-12-16 07:44:29</PriceUpdateDate>
      <ItemCode>7290116853666</ItemCode>
      <ItemType>1</ItemType>
      <ItemName>כף הגשה מרובעת מעץ</ItemName>
      <ManufacturerName>לא ידוע</ManufacturerName>
      <ManufactureCountry>לא ידוע</ManufactureCountry>
      <ManufacturerItemDescription>כף הגשה מרובעת מעץ</ManufacturerItemDescription>
      <UnitQty>יחידה   </UnitQty>
      <Quantity>0.00</Quantity>
      <UnitOfMeasure>יחידה   </UnitOfMeasure>
      <bIsWeighted>0</bIsWeighted>
      <QtyInPackage>לא ידוע</QtyInPackage>
      <ItemPrice>9.90</ItemPrice>
      <UnitOfMeasurePrice>0.0000</UnitOfMeasurePrice>
      <AllowDiscount>1</AllowDiscount>
      <ItemStatus>1</ItemStatus>
      <ItemId>173685</ItemId>
    </Item>
    <Item>
      <PriceUpdateDate>2022-12-22 13:28:07</PriceUpdateDate>
      <ItemCode>7290112357069</ItemCode>
      <ItemType>1</ItemType>
      <ItemName>מחית עגבניות איטלקיו</ItemName>
      <ManufacturerName>לא ידוע</ManufacturerName>
      <ManufactureCountry>לא ידוע</ManufactureCountry>
      <ManufacturerItemDescription>מחית עגבניות איטלקיו</ManufacturerItemDescription>
      <UnitQty>לא ידוע</UnitQty>
      <Quantity>500.00</Quantity>
      <UnitOfMeasure>100 גרם</UnitOfMeasure>
      <bIsWeighted>0</bIsWeighted>
      <QtyInPackage>לא ידוע</QtyInPackage>
      <ItemPrice>8.50</ItemPrice>
      <UnitOfMeasurePrice>0.0170</UnitOfMeasurePrice>
      <AllowDiscount>1</AllowDiscount>
      <ItemStatus>1</ItemStatus>
      <ItemId>147207</ItemId>
    </Item>
    <Item>
      <PriceUpdateDate>2023-01-04 08:32:42</PriceUpdateDate>
      <ItemCode>7290011480547</ItemCode>
      <ItemType>1</ItemType>
      <ItemName>בצל ירוק מהדרין</ItemName>
      <ManufacturerName>לא ידוע</ManufacturerName>
      <ManufactureCountry>ישראל</ManufactureCountry>
      <ManufacturerItemDescription>בצל ירוק מהדרין</ManufacturerItemDescription>
      <UnitQty>יחידה   </UnitQty>
      <Quantity>0.00</Quantity>
      <UnitOfMeasure>יחידה   </UnitOfMeasure>
      <bIsWeighted>0</bIsWeighted>
      <QtyInPackage>לא ידוע</QtyInPackage>
      <ItemPrice>5.90</ItemPrice>
      <UnitOfMeasurePrice>0.0000</UnitOfMeasurePrice>
      <AllowDiscount>1</AllowDiscount>
      <ItemStatus>1</ItemStatus>
      <ItemId>132907</ItemId>
    </Item>
    <Item>
      <PriceUpdateDate>2023-01-04 11:16:57</PriceUpdateDate>
      <ItemCode>7290002507277</ItemCode>
      <ItemType>1</ItemType>
      <ItemName>קציצות דג דלידג 700</ItemName>
      <ManufacturerName>לא ידוע</ManufacturerName>
      <ManufactureCountry>לא ידוע</ManufactureCountry>
      <ManufacturerItemDescription>קציצות דג דלידג 700</ManufacturerItemDescription>
      <UnitQty>לא ידוע</UnitQty>
      <Quantity>700.00</Quantity>
      <UnitOfMeasure>100 גרם</UnitOfMeasure>
      <bIsWeighted>0</bIsWeighted>
      <QtyInPackage>לא ידוע</QtyInPackage>
      <ItemPrice>29.90</ItemPrice>
      <UnitOfMeasurePrice>0.0427</UnitOfMeasurePrice>
      <AllowDiscount>1</AllowDiscount>
      <ItemStatus>1</ItemStatus>
      <ItemId>173886</ItemId>
    </Item>
    <Item>
      <PriceUpdateDate>2023-05-11 15:50:00</PriceUpdateDate>
      <ItemCode>7290112338877</ItemCode>
      <ItemType>1</ItemType>
      <ItemName>סקי תות 3% דנונה 125</ItemName>
      <ManufacturerName>לא ידוע</ManufacturerName>
      <ManufactureCountry>לא ידוע</ManufactureCountry>
      <ManufacturerItemDescription>סקי תות 3% דנונה 125</ManufacturerItemDescription>
      <UnitQty>לא ידוע</UnitQty>
      <Quantity>125.00</Quantity>
      <UnitOfMeasure>100 גרם</UnitOfMeasure>
      <bIsWeighted>0</bIsWeighted>
      <QtyInPackage>לא ידוע</QtyInPackage>
      <ItemPrice>4.50</ItemPrice>
      <UnitOfMeasurePrice>0.0360</UnitOfMeasurePrice>
      <AllowDiscount>1</AllowDiscount>
      <ItemStatus>1</ItemStatus>
      <ItemId>125764</ItemId>
    </Item>
    <Item>
      <PriceUpdateDate>2023-06-08 13:29:00</PriceUpdateDate>
      <ItemCode>7290110555788</ItemCode>
      <ItemType>1</ItemType>
      <ItemName>קפוצ'ינו פחית בטעם ו</ItemName>
      <ManufacturerName>לא ידוע</ManufacturerName>
      <ManufactureCountry>לא ידוע</ManufactureCountry>
      <ManufacturerItemDescription>קפוצ'ינו פחית בטעם ו</ManufacturerItemDescription>
      <UnitQty>לא ידוע</UnitQty>
      <Quantity>200.00</Quantity>
      <UnitOfMeasure>100 גרם</UnitOfMeasure>
      <bIsWeighted>0</bIsWeighted>
      <QtyInPackage>לא ידוע</QtyInPackage>
      <ItemPrice>26.90</ItemPrice>
      <UnitOfMeasurePrice>0.1345</UnitOfMeasurePrice>
      <AllowDiscount>1</AllowDiscount>
      <ItemStatus>1</ItemStatus>
      <ItemId>172627</ItemId>
    </Item>
    <Item>
      <PriceUpdateDate>2023-07-26 10:06:48</PriceUpdateDate>
      <ItemCode>6315280312779</ItemCode>
      <ItemType>1</ItemType>
      <ItemName>טוסטר וופל בלגי בנטו</ItemName>
      <ManufacturerName>לא ידוע</ManufacturerName>
      <ManufactureCountry>לא ידוע</ManufactureCountry>
      <ManufacturerItemDescription>טוסטר וופל בלגי בנטו</ManufacturerItemDescription>
      <UnitQty>יחידה   </UnitQty>
      <Quantity>0.00</Quantity>
      <UnitOfMeasure>יחידה   </UnitOfMeasure>
      <bIsWeighted>0</bIsWeighted>
      <QtyInPackage>לא ידוע</QtyInPackage>
      <ItemPrice>99.00</ItemPrice>
      <UnitOfMeasurePrice>0.0000</UnitOfMeasurePrice>
      <AllowDiscount>1</AllowDiscount>
      <ItemStatus>1</ItemStatus>
      <ItemId>176416</ItemId>
    </Item>
    <Item>
      <PriceUpdateDate>2023-08-25 09:12:46</PriceUpdateDate>
      <ItemCode>7290000235363</ItemCode>
      <ItemType>1</ItemType>
      <ItemName>קרנץ אגוז ודבש</ItemName>
      <ManufacturerName>לא ידוע</ManufacturerName>
      <ManufactureCountry>לא ידוע</ManufactureCountry>
      <ManufacturerItemDescription>קרנץ אגוז ודבש</ManufacturerItemDescription>
      <UnitQty>יחידה   </UnitQty>
      <Quantity>0.00</Quantity>
      <UnitOfMeasure>יחידה   </UnitOfMeasure>
      <bIsWeighted>0</bIsWeighted>
      <QtyInPackage>לא ידוע</QtyInPackage>
      <ItemPrice>14.99</ItemPrice>
      <UnitOfMeasurePrice>0.0000</UnitOfMeasurePrice>
      <AllowDiscount>1</AllowDiscount>
      <ItemStatus>1</ItemStatus>
      <ItemId>177432</ItemId>
    </Item>
    <Item>
      <PriceUpdateDate>2023-11-08 11:24:12</PriceUpdateDate>
      <ItemCode>7290016246018</ItemCode>
      <ItemType>1</ItemType>
      <ItemName>בארכה מיקס פינוקיות</ItemName>
      <ManufacturerName>לא ידוע</ManufacturerName>
      <ManufactureCountry>לא ידוע</ManufactureCountry>
      <ManufacturerItemDescription>בארכה מיקס פינוקיות</ManufacturerItemDescription>
      <UnitQty>לא ידוע</UnitQty>
      <Quantity>200.00</Quantity>
      <UnitOfMeasure>100 גרם</UnitOfMeasure>
      <bIsWeighted>0</bIsWeighted>
      <QtyInPackage>לא ידוע</QtyInPackage>
      <ItemPrice>15.90</ItemPrice>
      <UnitOfMeasurePrice>0.0795</UnitOfMeasurePrice>
      <AllowDiscount>1</AllowDiscount>
      <ItemStatus>1</ItemStatus>
      <ItemId>104022</ItemId>
    </Item>
    <Item>
      <PriceUpdateDate>2024-01-23 09:08:42</PriceUpdateDate>
      <ItemCode>7290001123782</ItemCode>
      <ItemType>1</ItemType>
      <ItemName>שווארמה הודו 500 גרם</ItemName>
      <ManufacturerName>קריות זול</ManufacturerName>
      <ManufactureCountry>לא ידוע</ManufactureCountry>
      <ManufacturerItemDescription>שווארמה הודו 500 גרם</ManufacturerItemDescription>
      <UnitQty>לא ידוע</UnitQty>
      <Quantity>500.00</Quantity>
      <UnitOfMeasure>100 גרם</UnitOfMeasure>
      <bIsWeighted>0</bIsWeighted>
      <QtyInPackage>לא ידוע</QtyInPackage>
      <ItemPrice>29.90</ItemPrice>
      <UnitOfMeasurePrice>0.0598</UnitOfMeasurePrice>
      <AllowDiscount>1</AllowDiscount>
      <ItemStatus>1</ItemStatus>
      <ItemId>164412</ItemId>
    </Item>
    <Item>
      <PriceUpdateDate>2024-02-04 11:12:56</PriceUpdateDate>
      <ItemCode>7290104066566</ItemCode>
      <ItemType>1</ItemType>
      <ItemName>טחינה משומשום מלא אח</ItemName>
      <ManufacturerName>לא ידוע</ManufacturerName>
      <ManufactureCountry>לא ידוע</ManufactureCountry>
      <ManufacturerItemDescription>טחינה משומשום מלא אח</ManufacturerItemDescription>
      <UnitQty>לא ידוע</UnitQty>
      <Quantity>400.00</Quantity>
      <UnitOfMeasure>100 גרם</UnitOfMeasure>
      <bIsWeighted>0</bIsWeighted>
      <QtyInPackage>לא ידוע</QtyInPackage>
      <ItemPrice>17.90</ItemPrice>
      <UnitOfMeasurePrice>0.0447</UnitOfMeasurePrice>
      <AllowDiscount>1</AllowDiscount>
      <ItemStatus>1</ItemStatus>
      <ItemId>89319</ItemId>
    </Item>
    <Item>
      <PriceUpdateDate>2024-02-08 12:31:42</PriceUpdateDate>
      <ItemCode>4084500065598</ItemCode>
      <ItemType>1</ItemType>
      <ItemName>פנטן קרם לחות לתלתלי</ItemName>
      <ManufacturerName>לא ידוע</ManufacturerName>
      <ManufactureCountry>לא ידוע</ManufactureCountry>
      <ManufacturerItemDescription>פנטן קרם לחות לתלתלי</ManufacturerItemDescription>
      <UnitQty>לא ידוע</UnitQty>
      <Quantity>300.00</Quantity>
      <UnitOfMeasure>לא ידוע</UnitOfMeasure>
      <bIsWeighted>0</bIsWeighted>
      <QtyInPackage>לא ידוע</QtyInPackage>
      <ItemPrice>24.90</ItemPrice>
      <UnitOfMeasurePrice>0.0830</UnitOfMeasurePrice>
      <AllowDiscount>1</AllowDiscount>
      <ItemStatus>1</ItemStatus>
      <ItemId>118944</ItemId>
    </Item>
    <Item>
      <PriceUpdateDate>2024-03-03 08:47:55</PriceUpdateDate>
      <ItemCode>7290000011431</ItemCode>
      <ItemType>1</ItemType>
      <ItemName>לשון</ItemName>
      <ManufacturerName>לא ידוע</ManufacturerName>
      <ManufactureCountry>ישראל</ManufactureCountry>
      <ManufacturerItemDescription>לשון</ManufacturerItemDescription>
      <UnitQty>קילוגרמים</UnitQty>
      <Quantity>1.00</Quantity>
      <UnitOfMeasure>ק"ג</UnitOfMeasure>
      <bIsWeighted>1</bIsWeighted>
      <QtyInPackage>לא ידוע</QtyInPackage>
      <ItemPrice>69.90</ItemPrice>
      <UnitOfMeasurePrice>69.9000</UnitOfMeasurePrice>
      <AllowDiscount>1</AllowDiscount>
      <ItemStatus>1</ItemStatus>
      <ItemId>93953</ItemId>
    </Item>
    <Item>
      <PriceUpdateDate>2024-03-21 12:23:31</PriceUpdateDate>
      <ItemCode>7290106573642</ItemCode>
      <ItemType>1</ItemType>
      <ItemName>חומוס צנובר צבר 400ג</ItemName>
      <ManufacturerName>לא ידוע</ManufacturerName>
      <ManufactureCountry>לא ידוע</ManufactureCountry>
      <ManufacturerItemDescription>חומוס צנובר צבר 400ג</ManufacturerItemDescription>
      <UnitQty>לא ידוע</UnitQty>
      <Quantity>400.00</Quantity>
      <UnitOfMeasure>100 גרם</UnitOfMeasure>
      <bIsWeighted>0</bIsWeighted>
      <QtyInPackage>לא ידוע</QtyInPackage>
      <ItemPrice>14.90</ItemPrice>
      <UnitOfMeasurePrice>0.0373</UnitOfMeasurePrice>
      <AllowDiscount>1</AllowDiscount>
      <ItemStatus>1</ItemStatus>
      <ItemId>80718</ItemId>
    </Item>
    <Item>
      <PriceUpdateDate>2024-08-07 09:39:57</PriceUpdateDate>
      <ItemCode>7290006464293</ItemCode>
      <ItemType>1</ItemType>
      <ItemName>כבד בקר לצליה לא מוכ</ItemName>
      <ManufacturerName>לא ידוע</ManufacturerName>
      <ManufactureCountry>ישראל</ManufactureCountry>
      <ManufacturerItemDescription>כבד בקר לצליה לא מוכ</ManufacturerItemDescription>
      <UnitQty>קילוגרמים</UnitQty>
      <Quantity>1.00</Quantity>
      <UnitOfMeasure>ק"ג</UnitOfMeasure>
      <bIsWeighted>1</bIsWeighted>
      <QtyInPackage>לא ידוע</QtyInPackage>
      <ItemPrice>34.90</ItemPrice>
      <UnitOfMeasurePrice>34.9000</UnitOfMeasurePrice>
      <AllowDiscount>1</AllowDiscount>
      <ItemStatus>1</ItemStatus>
      <ItemId>93407</ItemId>
    </Item>
    <Item>
      <PriceUpdateDate>2024-08-07 12:40:07</PriceUpdateDate>
      <ItemCode>3014260240226</ItemCode>
      <ItemType>1</ItemType>
      <ItemName>גילט קצף גילוח לעור</ItemName>
      <ManufacturerName>לא ידוע</ManufacturerName>
      <ManufactureCountry>לא ידוע</ManufactureCountry>
      <ManufacturerItemDescription>גילט קצף גילוח לעור</ManufacturerItemDescription>
      <UnitQty>לא ידוע</UnitQty>
      <Quantity>200.00</Quantity>
      <UnitOfMeasure>לא ידוע</UnitOfMeasure>
      <bIsWeighted>0</bIsWeighted>
      <QtyInPackage>לא ידוע</QtyInPackage>
      <ItemPrice>14.90</ItemPrice>
      <UnitOfMeasurePrice>0.0745</UnitOfMeasurePrice>
      <AllowDiscount>1</AllowDiscount>
      <ItemStatus>1</ItemStatus>
      <ItemId>92528</ItemId>
    </Item>
    <Item>
      <PriceUpdateDate>2024-11-10 09:33:18</PriceUpdateDate>
      <ItemCode>7290114606561</ItemCode>
      <ItemType>1</ItemType>
      <ItemName>אטריות אורז דקות ורמ</ItemName>
      <ManufacturerName>לא ידוע</ManufacturerName>
      <ManufactureCountry>לא ידוע</ManufactureCountry>
      <ManufacturerItemDescription>אטריות אורז דקות ורמ</ManufacturerItemDescription>
      <UnitQty>יחידה   </UnitQty>
      <Quantity>0.00</Quantity>
      <UnitOfMeasure>יחידה   </UnitOfMeasure>
      <bIsWeighted>0</bIsWeighted>
      <QtyInPackage>לא ידוע</QtyInPackage>
      <ItemPrice>10.90</ItemPrice>
      <UnitOfMeasurePrice>0.0000</UnitOfMeasurePrice>
      <AllowDiscount>1</AllowDiscount>
      <ItemStatus>1</ItemStatus>
      <ItemId>182944</ItemId>
    </Item>
    <Item>
      <PriceUpdateDate>2024-11-14 09:13:41</PriceUpdateDate>
      <ItemCode>7290015569231</ItemCode>
      <ItemType>1</ItemType>
      <ItemName>איולי שום 250גרם</ItemName>
      <ManufacturerName>לא ידוע</ManufacturerName>
      <ManufactureCountry>לא ידוע</ManufactureCountry>
      <ManufacturerItemDescription>איולי שום 250גרם</ManufacturerItemDescription>
      <UnitQty>לא ידוע</UnitQty>
      <Quantity>250.00</Quantity>
      <UnitOfMeasure>100 גרם</UnitOfMeasure>
      <bIsWeighted>0</bIsWeighted>
      <QtyInPackage>לא ידוע</QtyInPackage>
      <ItemPrice>14.90</ItemPrice>
      <UnitOfMeasurePrice>0.0596</UnitOfMeasurePrice>
      <AllowDiscount>1</AllowDiscount>
      <ItemStatus>1</ItemStatus>
      <ItemId>183002</ItemId>
    </Item>
    <Item>
      <PriceUpdateDate>2024-11-18 13:23:50</PriceUpdateDate>
      <ItemCode>7290000999626</ItemCode>
      <ItemType>1</ItemType>
      <ItemName>ברוקולי ארוז</ItemName>
      <ManufacturerName>לא ידוע</ManufacturerName>
      <ManufactureCountry>ישראל</ManufactureCountry>
      <ManufacturerItemDescription>ברוקולי ארוז</ManufacturerItemDescription>
      <UnitQty>לא ידוע</UnitQty>
      <Quantity>1000.00</Quantity>
      <UnitOfMeasure>100 גרם</UnitOfMeasure>
      <bIsWeighted>0</bIsWeighted>
      <QtyInPackage>לא ידוע</QtyInPackage>
      <ItemPrice>6.90</ItemPrice>
      <UnitOfMeasurePrice>0.0069</UnitOfMeasurePrice>
      <AllowDiscount>1</AllowDiscount>
      <ItemStatus>1</ItemStatus>
      <ItemId>116892</ItemId>
    </Item>
    <Item>
      <PriceUpdateDate>2024-11-18 13:23:54</PriceUpdateDate>
      <ItemCode>7290100704912</ItemCode>
      <ItemType>1</ItemType>
      <ItemName>שלישיית גרעיני תירס</ItemName>
      <ManufacturerName>לא ידוע</ManufacturerName>
      <ManufactureCountry>לא ידוע</ManufactureCountry>
      <ManufacturerItemDescription>שלישיית גרעיני תירס</ManufacturerItemDescription>
      <UnitQty>לא ידוע</UnitQty>
      <Quantity>555.00</Quantity>
      <UnitOfMeasure>100 גרם</UnitOfMeasure>
      <bIsWeighted>0</bIsWeighted>
      <QtyInPackage>לא ידוע</QtyInPackage>
      <ItemPrice>16.90</ItemPrice>
      <UnitOfMeasurePrice>0.0305</UnitOfMeasurePrice>
      <AllowDiscount>1</AllowDiscount>
      <ItemStatus>1</ItemStatus>
      <ItemId>183109</ItemId>
    </Item>
    <Item>
      <PriceUpdateDate>2024-11-18 13:23:56</PriceUpdateDate>
      <ItemCode>8700216418287</ItemCode>
      <ItemType>1</ItemType>
      <ItemName>הד&amp;שולדרס שמפו מנטול</ItemName>
      <ManufacturerName>לא ידוע</ManufacturerName>
      <ManufactureCountry>לא ידוע</ManufactureCountry>
      <ManufacturerItemDescription>הד&amp;שולדרס שמפו מנטול</ManufacturerItemDescription>
      <UnitQty>לא ידוע</UnitQty>
      <Quantity>625.00</Quantity>
      <UnitOfMeasure>לא ידוע</UnitOfMeasure>
      <bIsWeighted>0</bIsWeighted>
      <QtyInPackage>לא ידוע</QtyInPackage>
      <ItemPrice>24.90</ItemPrice>
      <UnitOfMeasurePrice>0.0398</UnitOfMeasurePrice>
      <AllowDiscount>1</AllowDiscount>
      <ItemStatus>1</ItemStatus>
      <ItemId>183112</ItemId>
    </Item>
    <Item>
      <PriceUpdateDate>2024-11-18 13:23:56</PriceUpdateDate>
      <ItemCode>8700216418300</ItemCode>
      <ItemType>1</ItemType>
      <ItemName>הד&amp;שולדרס שמפו קלאסי</ItemName>
      <ManufacturerName>לא ידוע</ManufacturerName>
      <ManufactureCountry>לא ידוע</ManufactureCountry>
      <ManufacturerItemDescription>הד&amp;שולדרס שמפו קלאסי</ManufacturerItemDescription>
      <UnitQty>לא ידוע</UnitQty>
      <Quantity>625.00</Quantity>
      <UnitOfMeasure>לא ידוע</UnitOfMeasure>
      <bIsWeighted>0</bIsWeighted>
      <QtyInPackage>לא ידוע</QtyInPackage>
      <ItemPrice>24.90</ItemPrice>
      <UnitOfMeasurePrice>0.0398</UnitOfMeasurePrice>
      <AllowDiscount>1</AllowDiscount>
      <ItemStatus>1</ItemStatus>
      <ItemId>183113</ItemId>
    </Item>
    <Item>
      <PriceUpdateDate>2024-11-21 08:57:27</PriceUpdateDate>
      <ItemCode>7290019056065</ItemCode>
      <ItemType>1</ItemType>
      <ItemName>שוופס מוגז עדין פירו</ItemName>
      <ManufacturerName>לא ידוע</ManufacturerName>
      <ManufactureCountry>לא ידוע</ManufactureCountry>
      <ManufacturerItemDescription>שוופס מוגז עדין פירו</ManufacturerItemDescription>
      <UnitQty>לא ידוע</UnitQty>
      <Quantity>1500.00</Quantity>
      <UnitOfMeasure>לא ידוע</UnitOfMeasure>
      <bIsWeighted>0</bIsWeighted>
      <QtyInPackage>לא ידוע</QtyInPackage>
      <ItemPrice>8.90</ItemPrice>
      <UnitOfMeasurePrice>0.0059</UnitOfMeasurePrice>
      <AllowDiscount>1</AllowDiscount>
      <ItemStatus>1</ItemStatus>
      <ItemId>159386</ItemId>
    </Item>
    <Item>
      <PriceUpdateDate>2024-11-22 09:14:19</PriceUpdateDate>
      <ItemCode>25675301122</ItemCode>
      <ItemType>1</ItemType>
      <ItemName>חמוצים בטעמי פירות י</ItemName>
      <ManufacturerName>לא ידוע</ManufacturerName>
      <ManufactureCountry>לא ידוע</ManufactureCountry>
      <ManufacturerItemDescription>חמוצים בטעמי פירות י</ManufacturerItemDescription>
      <UnitQty>לא ידוע</UnitQty>
      <Quantity>50.00</Quantity>
      <UnitOfMeasure>100 גרם</UnitOfMeasure>
      <bIsWeighted>0</bIsWeighted>
      <QtyInPackage>לא ידוע</QtyInPackage>
      <ItemPrice>7.90</ItemPrice>
      <UnitOfMeasurePrice>0.1580</UnitOfMeasurePrice>
      <AllowDiscount>1</AllowDiscount>
      <ItemStatus>1</ItemStatus>
      <ItemId>179417</ItemId>
    </Item>
    <Item>
      <PriceUpdateDate>2024-11-26 11:53:29</PriceUpdateDate>
      <ItemCode>7290119421008</ItemCode>
      <ItemType>1</ItemType>
      <ItemName>סודה לשתיה בצנצנת 50</ItemName>
      <ManufacturerName>לא ידוע</ManufacturerName>
      <ManufactureCountry>לא ידוע</ManufactureCountry>
      <ManufacturerItemDescription>סודה לשתיה בצנצנת 50</ManufacturerItemDescription>
      <UnitQty>לא ידוע</UnitQty>
      <Quantity>500.00</Quantity>
      <UnitOfMeasure>100 גרם</UnitOfMeasure>
      <bIsWeighted>0</bIsWeighted>
      <QtyInPackage>לא ידוע</QtyInPackage>
      <ItemPrice>12.90</ItemPrice>
      <UnitOfMeasurePrice>0.0258</UnitOfMeasurePrice>
      <AllowDiscount>1</AllowDiscount>
      <ItemStatus>1</ItemStatus>
      <ItemId>183164</ItemId>
    </Item>
    <Item>
      <PriceUpdateDate>2024-11-26 14:57:22</PriceUpdateDate>
      <ItemCode>7290020080356</ItemCode>
      <ItemType>1</ItemType>
      <ItemName>לקקן חיות 288 גרם</ItemName>
      <ManufacturerName>לא ידוע</ManufacturerName>
      <ManufactureCountry>לא ידוע</ManufactureCountry>
      <ManufacturerItemDescription>לקקן חיות 288 גרם</ManufacturerItemDescription>
      <UnitQty>לא ידוע</UnitQty>
      <Quantity>288.00</Quantity>
      <UnitOfMeasure>100 גרם</UnitOfMeasure>
      <bIsWeighted>0</bIsWeighted>
      <QtyInPackage>לא ידוע</QtyInPackage>
      <ItemPrice>22.90</ItemPrice>
      <UnitOfMeasurePrice>0.0795</UnitOfMeasurePrice>
      <AllowDiscount>1</AllowDiscount>
      <ItemStatus>1</ItemStatus>
      <ItemId>183285</ItemId>
    </Item>
    <Item>
      <PriceUpdateDate>2024-12-02 15:22:37</PriceUpdateDate>
      <ItemCode>7290114145831</ItemCode>
      <ItemType>1</ItemType>
      <ItemName>אוליב שמפו בשמן זית</ItemName>
      <ManufacturerName>לא ידוע</ManufacturerName>
      <ManufactureCountry>לא ידוע</ManufactureCountry>
      <ManufacturerItemDescription>אוליב שמפו בשמן זית</ManufacturerItemDescription>
      <UnitQty>לא ידוע</UnitQty>
      <Quantity>800.00</Quantity>
      <UnitOfMeasure>לא ידוע</UnitOfMeasure>
      <bIsWeighted>0</bIsWeighted>
      <QtyInPackage>לא ידוע</QtyInPackage>
      <ItemPrice>18.90</ItemPrice>
      <UnitOfMeasurePrice>0.0236</UnitOfMeasurePrice>
      <AllowDiscount>1</AllowDiscount>
      <ItemStatus>1</ItemStatus>
      <ItemId>183328</ItemId>
    </Item>
    <Item>
      <PriceUpdateDate>2024-12-05 09:52:08</PriceUpdateDate>
      <ItemCode>7290011254773</ItemCode>
      <ItemType>1</ItemType>
      <ItemName>שעועית לבנה 500 גרם</ItemName>
      <ManufacturerName>לא ידוע</ManufacturerName>
      <ManufactureCountry>לא ידוע</ManufactureCountry>
      <ManufacturerItemDescription>שעועית לבנה 500 גרם</ManufacturerItemDescription>
      <UnitQty>לא ידוע</UnitQty>
      <Quantity>500.00</Quantity>
      <UnitOfMeasure>100 גרם</UnitOfMeasure>
      <bIsWeighted>0</bIsWeighted>
      <QtyInPackage>לא ידוע</QtyInPackage>
      <ItemPrice>9.90</ItemPrice>
      <UnitOfMeasurePrice>0.0198</UnitOfMeasurePrice>
      <AllowDiscount>1</AllowDiscount>
      <ItemStatus>1</ItemStatus>
      <ItemId>183390</ItemId>
    </Item>
    <Item>
      <PriceUpdateDate>2024-12-05 09:52:12</PriceUpdateDate>
      <ItemCode>7290018571422</ItemCode>
      <ItemType>1</ItemType>
      <ItemName>לקקנים מולטיקולור מי</ItemName>
      <ManufacturerName>לא ידוע</ManufacturerName>
      <ManufactureCountry>לא ידוע</ManufactureCountry>
      <ManufacturerItemDescription>לקקנים מולטיקולור מי</ManufacturerItemDescription>
      <UnitQty>לא ידוע</UnitQty>
      <Quantity>715.00</Quantity>
      <UnitOfMeasure>100 גרם</UnitOfMeasure>
      <bIsWeighted>0</bIsWeighted>
      <QtyInPackage>לא ידוע</QtyInPackage>
      <ItemPrice>19.90</ItemPrice>
      <UnitOfMeasurePrice>0.0278</UnitOfMeasurePrice>
      <AllowDiscount>1</AllowDiscount>
      <ItemStatus>1</ItemStatus>
      <ItemId>183406</ItemId>
    </Item>
    <Item>
      <PriceUpdateDate>2024-12-05 09:52:22</PriceUpdateDate>
      <ItemCode>7290011254766</ItemCode>
      <ItemType>1</ItemType>
      <ItemName>שעועית לוביה 500 גרם</ItemName>
      <ManufacturerName>לא ידוע</ManufacturerName>
      <ManufactureCountry>לא ידוע</ManufactureCountry>
      <ManufacturerItemDescription>שעועית לוביה 500 גרם</ManufacturerItemDescription>
      <UnitQty>לא ידוע</UnitQty>
      <Quantity>500.00</Quantity>
      <UnitOfMeasure>100 גרם</UnitOfMeasure>
      <bIsWeighted>0</bIsWeighted>
      <QtyInPackage>לא ידוע</QtyInPackage>
      <ItemPrice>9.90</ItemPrice>
      <UnitOfMeasurePrice>0.0198</UnitOfMeasurePrice>
      <AllowDiscount>1</AllowDiscount>
      <ItemStatus>1</ItemStatus>
      <ItemId>92046</ItemId>
    </Item>
    <Item>
      <PriceUpdateDate>2024-12-05 09:52:25</PriceUpdateDate>
      <ItemCode>7290002319207</ItemCode>
      <ItemType>1</ItemType>
      <ItemName>כוסמת 500 גרם</ItemName>
      <ManufacturerName>לא ידוע</ManufacturerName>
      <ManufactureCountry>לא ידוע</ManufactureCountry>
      <ManufacturerItemDescription>כוסמת 500 גרם</ManufacturerItemDescription>
      <UnitQty>לא ידוע</UnitQty>
      <Quantity>500.00</Quantity>
      <UnitOfMeasure>100 גרם</UnitOfMeasure>
      <bIsWeighted>0</bIsWeighted>
      <QtyInPackage>לא ידוע</QtyInPackage>
      <ItemPrice>6.50</ItemPrice>
      <UnitOfMeasurePrice>0.0130</UnitOfMeasurePrice>
      <AllowDiscount>1</AllowDiscount>
      <ItemStatus>1</ItemStatus>
      <ItemId>132769</ItemId>
    </Item>
    <Item>
      <PriceUpdateDate>2024-12-11 08:40:46</PriceUpdateDate>
      <ItemCode>7290001548288</ItemCode>
      <ItemType>1</ItemType>
      <ItemName>סלט חומוס גרגירים קט</ItemName>
      <ManufacturerName>לא ידוע</ManufacturerName>
      <ManufactureCountry>לא ידוע</ManufactureCountry>
      <ManufacturerItemDescription>סלט חומוס גרגירים קט</ManufacturerItemDescription>
      <UnitQty>לא ידוע</UnitQty>
      <Quantity>250.00</Quantity>
      <UnitOfMeasure>100 גרם</UnitOfMeasure>
      <bIsWeighted>0</bIsWeighted>
      <QtyInPackage>לא ידוע</QtyInPackage>
      <ItemPrice>15.90</ItemPrice>
      <UnitOfMeasurePrice>0.0636</UnitOfMeasurePrice>
      <AllowDiscount>1</AllowDiscount>
      <ItemStatus>1</ItemStatus>
      <ItemId>139948</ItemId>
    </Item>
    <Item>
      <PriceUpdateDate>2024-12-11 08:41:20</PriceUpdateDate>
      <ItemCode>651080647519</ItemCode>
      <ItemType>1</ItemType>
      <ItemName>פלאקרס "פלוסר" חוט ד</ItemName>
      <ManufacturerName>לא ידוע</ManufacturerName>
      <ManufactureCountry>לא ידוע</ManufactureCountry>
      <ManufacturerItemDescription>פלאקרס "פלוסר" חוט ד</ManufacturerItemDescription>
      <UnitQty>יחידה   </UnitQty>
      <Quantity>0.00</Quantity>
      <UnitOfMeasure>יחידה   </UnitOfMeasure>
      <bIsWeighted>0</bIsWeighted>
      <QtyInPackage>לא ידוע</QtyInPackage>
      <ItemPrice>11.90</ItemPrice>
      <UnitOfMeasurePrice>0.0000</UnitOfMeasurePrice>
      <AllowDiscount>1</AllowDiscount>
      <ItemStatus>1</ItemStatus>
      <ItemId>158041</ItemId>
    </Item>
    <Item>
      <PriceUpdateDate>2024-12-11 08:41:34</PriceUpdateDate>
      <ItemCode>7290016321890</ItemCode>
      <ItemType>1</ItemType>
      <ItemName>מגבוני נייר טואלט פר</ItemName>
      <ManufacturerName>לא ידוע</ManufacturerName>
      <ManufactureCountry>לא ידוע</ManufactureCountry>
      <ManufacturerItemDescription>מגבוני נייר טואלט פר</ManufacturerItemDescription>
      <UnitQty>יחידה   </UnitQty>
      <Quantity>0.00</Quantity>
      <UnitOfMeasure>יחידה   </UnitOfMeasure>
      <bIsWeighted>0</bIsWeighted>
      <QtyInPackage>לא ידוע</QtyInPackage>
      <ItemPrice>15.90</ItemPrice>
      <UnitOfMeasurePrice>0.0000</UnitOfMeasurePrice>
      <AllowDiscount>1</AllowDiscount>
      <ItemStatus>1</ItemStatus>
      <ItemId>138949</ItemId>
    </Item>
    <Item>
      <PriceUpdateDate>2024-12-12 14:25:19</PriceUpdateDate>
      <ItemCode>7290004575335</ItemCode>
      <ItemType>1</ItemType>
      <ItemName>שלגונים מיני מגי'ק 8</ItemName>
      <ManufacturerName>לא ידוע</ManufacturerName>
      <ManufactureCountry>לא ידוע</ManufactureCountry>
      <ManufacturerItemDescription>שלגונים מיני מגי'ק 8</ManufacturerItemDescription>
      <UnitQty>יחידה   </UnitQty>
      <Quantity>0.00</Quantity>
      <UnitOfMeasure>יחידה   </UnitOfMeasure>
      <bIsWeighted>0</bIsWeighted>
      <QtyInPackage>לא ידוע</QtyInPackage>
      <ItemPrice>20.90</ItemPrice>
      <UnitOfMeasurePrice>0.0000</UnitOfMeasurePrice>
      <AllowDiscount>1</AllowDiscount>
      <ItemStatus>1</ItemStatus>
      <ItemId>90382</ItemId>
    </Item>
    <Item>
      <PriceUpdateDate>2024-12-12 14:47:56</PriceUpdateDate>
      <ItemCode>7290112343550</ItemCode>
      <ItemType>1</ItemType>
      <ItemName>ציטוס קראנצ בטעם שמנ</ItemName>
      <ManufacturerName>לא ידוע</ManufacturerName>
      <ManufactureCountry>לא ידוע</ManufactureCountry>
      <ManufacturerItemDescription>ציטוס קראנצ בטעם שמנ</ManufacturerItemDescription>
      <UnitQty>לא ידוע</UnitQty>
      <Quantity>65.00</Quantity>
      <UnitOfMeasure>100 גרם</UnitOfMeasure>
      <bIsWeighted>0</bIsWeighted>
      <QtyInPackage>לא ידוע</QtyInPackage>
      <ItemPrice>4.50</ItemPrice>
      <UnitOfMeasurePrice>0.0692</UnitOfMeasurePrice>
      <AllowDiscount>1</AllowDiscount>
      <ItemStatus>1</ItemStatus>
      <ItemId>183535</ItemId>
    </Item>
    <Item>
      <PriceUpdateDate>2024-12-12 15:41:02</PriceUpdateDate>
      <ItemCode>7290011587956</ItemCode>
      <ItemType>1</ItemType>
      <ItemName>רוטב צ'ילי מתוק 700</ItemName>
      <ManufacturerName>לא ידוע</ManufacturerName>
      <ManufactureCountry>לא ידוע</ManufactureCountry>
      <ManufacturerItemDescription>רוטב צ'ילי מתוק 700</ManufacturerItemDescription>
      <UnitQty>לא ידוע</UnitQty>
      <Quantity>700.00</Quantity>
      <UnitOfMeasure>לא ידוע</UnitOfMeasure>
      <bIsWeighted>0</bIsWeighted>
      <QtyInPackage>לא ידוע</QtyInPackage>
      <ItemPrice>12.90</ItemPrice>
      <UnitOfMeasurePrice>0.0184</UnitOfMeasurePrice>
      <AllowDiscount>1</AllowDiscount>
      <ItemStatus>1</ItemStatus>
      <ItemId>79095</ItemId>
    </Item>
    <Item>
      <PriceUpdateDate>2024-12-12 15:41:26</PriceUpdateDate>
      <ItemCode>8697431921701</ItemCode>
      <ItemType>1</ItemType>
      <ItemName>קונפיטורה תות שדה פר</ItemName>
      <ManufacturerName>לא ידוע</ManufacturerName>
      <ManufactureCountry>לא ידוע</ManufactureCountry>
      <ManufacturerItemDescription>קונפיטורה תות שדה פר</ManufacturerItemDescription>
      <UnitQty>לא ידוע</UnitQty>
      <Quantity>450.00</Quantity>
      <UnitOfMeasure>100 גרם</UnitOfMeasure>
      <bIsWeighted>0</bIsWeighted>
      <QtyInPackage>לא ידוע</QtyInPackage>
      <ItemPrice>16.90</ItemPrice>
      <UnitOfMeasurePrice>0.0376</UnitOfMeasurePrice>
      <AllowDiscount>1</AllowDiscount>
      <ItemStatus>1</ItemStatus>
      <ItemId>99498</ItemId>
    </Item>
    <Item>
      <PriceUpdateDate>2024-12-12 16:09:03</PriceUpdateDate>
      <ItemCode>7290000531601</ItemCode>
      <ItemType>1</ItemType>
      <ItemName>סטייק בורגר זוגלובק</ItemName>
      <ManufacturerName>קריות זול</ManufacturerName>
      <ManufactureCountry>לא ידוע</ManufactureCountry>
      <ManufacturerItemDescription>סטייק בורגר זוגלובק</ManufacturerItemDescription>
      <UnitQty>לא ידוע</UnitQty>
      <Quantity>400.00</Quantity>
      <UnitOfMeasure>100 גרם</UnitOfMeasure>
      <bIsWeighted>0</bIsWeighted>
      <QtyInPackage>לא ידוע</QtyInPackage>
      <ItemPrice>30.90</ItemPrice>
      <UnitOfMeasurePrice>0.0772</UnitOfMeasurePrice>
      <AllowDiscount>1</AllowDiscount>
      <ItemStatus>1</ItemStatus>
      <ItemId>86465</ItemId>
    </Item>
    <Item>
      <PriceUpdateDate>2024-12-12 16:09:08</PriceUpdateDate>
      <ItemCode>7290109580135</ItemCode>
      <ItemType>1</ItemType>
      <ItemName>זוגלובק פרימיום קורנ</ItemName>
      <ManufacturerName>לא ידוע</ManufacturerName>
      <ManufactureCountry>לא ידוע</ManufactureCountry>
      <ManufacturerItemDescription>זוגלובק פרימיום קורנ</ManufacturerItemDescription>
      <UnitQty>לא ידוע</UnitQty>
      <Quantity>180.00</Quantity>
      <UnitOfMeasure>100 גרם</UnitOfMeasure>
      <bIsWeighted>0</bIsWeighted>
      <QtyInPackage>לא ידוע</QtyInPackage>
      <ItemPrice>32.90</ItemPrice>
      <UnitOfMeasurePrice>0.1828</UnitOfMeasurePrice>
      <AllowDiscount>1</AllowDiscount>
      <ItemStatus>1</ItemStatus>
      <ItemId>156692</ItemId>
    </Item>
    <Item>
      <PriceUpdateDate>2024-12-12 16:23:47</PriceUpdateDate>
      <ItemCode>8423207208895</ItemCode>
      <ItemType>1</ItemType>
      <ItemName>פריכיות תירס בטעם זי</ItemName>
      <ManufacturerName>לא ידוע</ManufacturerName>
      <ManufactureCountry>לא ידוע</ManufactureCountry>
      <ManufacturerItemDescription>פריכיות תירס בטעם זי</ManufacturerItemDescription>
      <UnitQty>יחידה   </UnitQty>
      <Quantity>0.00</Quantity>
      <UnitOfMeasure>יחידה   </UnitOfMeasure>
      <bIsWeighted>0</bIsWeighted>
      <QtyInPackage>לא ידוע</QtyInPackage>
      <ItemPrice>12.90</ItemPrice>
      <UnitOfMeasurePrice>0.0000</UnitOfMeasurePrice>
      <AllowDiscount>1</AllowDiscount>
      <ItemStatus>1</ItemStatus>
      <ItemId>128393</ItemId>
    </Item>
    <Item>
      <PriceUpdateDate>2024-12-15 13:10:10</PriceUpdateDate>
      <ItemCode>7290014094338</ItemCode>
      <ItemType>1</ItemType>
      <ItemName>דלעת מקופלת בקופסא 2</ItemName>
      <ManufacturerName>לא ידוע</ManufacturerName>
      <ManufactureCountry>לא ידוע</ManufactureCountry>
      <ManufacturerItemDescription>דלעת מקופלת בקופסא 2</ManufacturerItemDescription>
      <UnitQty>לא ידוע</UnitQty>
      <Quantity>250.00</Quantity>
      <UnitOfMeasure>100 גרם</UnitOfMeasure>
      <bIsWeighted>0</bIsWeighted>
      <QtyInPackage>לא ידוע</QtyInPackage>
      <ItemPrice>15.90</ItemPrice>
      <UnitOfMeasurePrice>0.0636</UnitOfMeasurePrice>
      <AllowDiscount>1</AllowDiscount>
      <ItemStatus>1</ItemStatus>
      <ItemId>98871</ItemId>
    </Item>
    <Item>
      <PriceUpdateDate>2024-12-15 13:10:30</PriceUpdateDate>
      <ItemCode>7290019297512</ItemCode>
      <ItemType>1</ItemType>
      <ItemName>רוטב רימונים שקדיה 3</ItemName>
      <ManufacturerName>לא ידוע</ManufacturerName>
      <ManufactureCountry>לא ידוע</ManufactureCountry>
      <ManufacturerItemDescription>רוטב רימונים שקדיה 3</ManufacturerItemDescription>
      <UnitQty>לא ידוע</UnitQty>
      <Quantity>350.00</Quantity>
      <UnitOfMeasure>100 גרם</UnitOfMeasure>
      <bIsWeighted>0</bIsWeighted>
      <QtyInPackage>לא ידוע</QtyInPackage>
      <ItemPrice>12.90</ItemPrice>
      <UnitOfMeasurePrice>0.0369</UnitOfMeasurePrice>
      <AllowDiscount>1</AllowDiscount>
      <ItemStatus>1</ItemStatus>
      <ItemId>99641</ItemId>
    </Item>
    <Item>
      <PriceUpdateDate>2024-12-16 15:02:59</PriceUpdateDate>
      <ItemCode>7290100704936</ItemCode>
      <ItemType>1</ItemType>
      <ItemName>שימורי שעועית לבנה 4</ItemName>
      <ManufacturerName>לא ידוע</ManufacturerName>
      <ManufactureCountry>לא ידוע</ManufactureCountry>
      <ManufacturerItemDescription>שימורי שעועית לבנה 4</ManufacturerItemDescription>
      <UnitQty>לא ידוע</UnitQty>
      <Quantity>400.00</Quantity>
      <UnitOfMeasure>100 גרם</UnitOfMeasure>
      <bIsWeighted>0</bIsWeighted>
      <QtyInPackage>לא ידוע</QtyInPackage>
      <ItemPrice>7.90</ItemPrice>
      <UnitOfMeasurePrice>0.0198</UnitOfMeasurePrice>
      <AllowDiscount>1</AllowDiscount>
      <ItemStatus>1</ItemStatus>
      <ItemId>183640</ItemId>
    </Item>
    <Item>
      <PriceUpdateDate>2024-12-17 12:34:59</PriceUpdateDate>
      <ItemCode>7290017870472</ItemCode>
      <ItemType>1</ItemType>
      <ItemName>מכסים לתבנית אלומיני</ItemName>
      <ManufacturerName>לא ידוע</ManufacturerName>
      <ManufactureCountry>לא ידוע</ManufactureCountry>
      <ManufacturerItemDescription>מכסים לתבנית אלומיני</ManufacturerItemDescription>
      <UnitQty>יחידה   </UnitQty>
      <Quantity>0.00</Quantity>
      <UnitOfMeasure>יחידה   </UnitOfMeasure>
      <bIsWeighted>0</bIsWeighted>
      <QtyInPackage>לא ידוע</QtyInPackage>
      <ItemPrice>7.90</ItemPrice>
      <UnitOfMeasurePrice>0.0000</UnitOfMeasurePrice>
      <AllowDiscount>1</AllowDiscount>
      <ItemStatus>1</ItemStatus>
      <ItemId>157558</ItemId>
    </Item>
    <Item>
      <PriceUpdateDate>2024-12-17 13:12:52</PriceUpdateDate>
      <ItemCode>7290013145864</ItemCode>
      <ItemType>1</ItemType>
      <ItemName>ג'לטין טהור אבקה 28</ItemName>
      <ManufacturerName>לא ידוע</ManufacturerName>
      <ManufactureCountry>לא ידוע</ManufactureCountry>
      <ManufacturerItemDescription>ג'לטין טהור אבקה 28</ManufacturerItemDescription>
      <UnitQty>לא ידוע</UnitQty>
      <Quantity>28.00</Quantity>
      <UnitOfMeasure>100 גרם</UnitOfMeasure>
      <bIsWeighted>0</bIsWeighted>
      <QtyInPackage>לא ידוע</QtyInPackage>
      <ItemPrice>13.90</ItemPrice>
      <UnitOfMeasurePrice>0.4964</UnitOfMeasurePrice>
      <AllowDiscount>1</AllowDiscount>
      <ItemStatus>1</ItemStatus>
      <ItemId>181794</ItemId>
    </Item>
    <Item>
      <PriceUpdateDate>2024-12-17 13:46:52</PriceUpdateDate>
      <ItemCode>7290019926061</ItemCode>
      <ItemType>1</ItemType>
      <ItemName>האופה שימורי אפונה ו</ItemName>
      <ManufacturerName>לא ידוע</ManufacturerName>
      <ManufactureCountry>לא ידוע</ManufactureCountry>
      <ManufacturerItemDescription>האופה שימורי אפונה ו</ManufacturerItemDescription>
      <UnitQty>לא ידוע</UnitQty>
      <Quantity>550.00</Quantity>
      <UnitOfMeasure>100 גרם</UnitOfMeasure>
      <bIsWeighted>0</bIsWeighted>
      <QtyInPackage>לא ידוע</QtyInPackage>
      <ItemPrice>9.90</ItemPrice>
      <UnitOfMeasurePrice>0.0180</UnitOfMeasurePrice>
      <AllowDiscount>1</AllowDiscount>
      <ItemStatus>1</ItemStatus>
      <ItemId>181868</ItemId>
    </Item>
    <Item>
      <PriceUpdateDate>2024-12-17 16:56:42</PriceUpdateDate>
      <ItemCode>4009300530206</ItemCode>
      <ItemType>1</ItemType>
      <ItemName>פומפדור-חליטת תפוח ט</ItemName>
      <ManufacturerName>לא ידוע</ManufacturerName>
      <ManufactureCountry>לא ידוע</ManufactureCountry>
      <ManufacturerItemDescription>פומפדור-חליטת תפוח ט</ManufacturerItemDescription>
      <UnitQty>יחידה   </UnitQty>
      <Quantity>0.00</Quantity>
      <UnitOfMeasure>יחידה   </UnitOfMeasure>
      <bIsWeighted>0</bIsWeighted>
      <QtyInPackage>לא ידוע</QtyInPackage>
      <ItemPrice>15.90</ItemPrice>
      <UnitOfMeasurePrice>0.0000</UnitOfMeasurePrice>
      <AllowDiscount>1</AllowDiscount>
      <ItemStatus>1</ItemStatus>
      <ItemId>183695</ItemId>
    </Item>
    <Item>
      <PriceUpdateDate>2024-12-18 16:01:16</PriceUpdateDate>
      <ItemCode>7290019611479</ItemCode>
      <ItemType>1</ItemType>
      <ItemName>ניקוי כלים 24% 750 מ</ItemName>
      <ManufacturerName>לא ידוע</ManufacturerName>
      <ManufactureCountry>לא ידוע</ManufactureCountry>
      <ManufacturerItemDescription>ניקוי כלים 24% 750 מ</ManufacturerItemDescription>
      <UnitQty>לא ידוע</UnitQty>
      <Quantity>750.00</Quantity>
      <UnitOfMeasure>לא ידוע</UnitOfMeasure>
      <bIsWeighted>0</bIsWeighted>
      <QtyInPackage>לא ידוע</QtyInPackage>
      <ItemPrice>15.90</ItemPrice>
      <UnitOfMeasurePrice>0.0212</UnitOfMeasurePrice>
      <AllowDiscount>1</AllowDiscount>
      <ItemStatus>1</ItemStatus>
      <ItemId>180887</ItemId>
    </Item>
    <Item>
      <PriceUpdateDate>2024-12-19 15:59:11</PriceUpdateDate>
      <ItemCode>7290011499419</ItemCode>
      <ItemType>1</ItemType>
      <ItemName>קרם שמנת ניו יורק טב</ItemName>
      <ManufacturerName>לא ידוע</ManufacturerName>
      <ManufactureCountry>לא ידוע</ManufactureCountry>
      <ManufacturerItemDescription>קרם שמנת ניו יורק טב</ManufacturerItemDescription>
      <UnitQty>לא ידוע</UnitQty>
      <Quantity>200.00</Quantity>
      <UnitOfMeasure>100 גרם</UnitOfMeasure>
      <bIsWeighted>0</bIsWeighted>
      <QtyInPackage>לא ידוע</QtyInPackage>
      <ItemPrice>15.90</ItemPrice>
      <UnitOfMeasurePrice>0.0795</UnitOfMeasurePrice>
      <AllowDiscount>1</AllowDiscount>
      <ItemStatus>1</ItemStatus>
      <ItemId>124154</ItemId>
    </Item>
    <Item>
      <PriceUpdateDate>2024-12-19 16:01:20</PriceUpdateDate>
      <ItemCode>7290109923024</ItemCode>
      <ItemType>1</ItemType>
      <ItemName>אסטוניש מרסס פרמיום</ItemName>
      <ManufacturerName>לא ידוע</ManufacturerName>
      <ManufactureCountry>לא ידוע</ManufactureCountry>
      <ManufacturerItemDescription>אסטוניש מרסס פרמיום</ManufacturerItemDescription>
      <UnitQty>לא ידוע</UnitQty>
      <Quantity>750.00</Quantity>
      <UnitOfMeasure>לא ידוע</UnitOfMeasure>
      <bIsWeighted>0</bIsWeighted>
      <QtyInPackage>לא ידוע</QtyInPackage>
      <ItemPrice>16.90</ItemPrice>
      <UnitOfMeasurePrice>0.0225</UnitOfMeasurePrice>
      <AllowDiscount>1</AllowDiscount>
      <ItemStatus>1</ItemStatus>
      <ItemId>160219</ItemId>
    </Item>
    <Item>
      <PriceUpdateDate>2024-12-19 16:01:25</PriceUpdateDate>
      <ItemCode>7290109923888</ItemCode>
      <ItemType>1</ItemType>
      <ItemName>סבוני אסלה בשרשרת בר</ItemName>
      <ManufacturerName>לא ידוע</ManufacturerName>
      <ManufactureCountry>לא ידוע</ManufactureCountry>
      <ManufacturerItemDescription>סבוני אסלה בשרשרת בר</ManufacturerItemDescription>
      <UnitQty>יחידה   </UnitQty>
      <Quantity>0.00</Quantity>
      <UnitOfMeasure>יחידה   </UnitOfMeasure>
      <bIsWeighted>0</bIsWeighted>
      <QtyInPackage>לא ידוע</QtyInPackage>
      <ItemPrice>13.90</ItemPrice>
      <UnitOfMeasurePrice>0.0000</UnitOfMeasurePrice>
      <AllowDiscount>1</AllowDiscount>
      <ItemStatus>1</ItemStatus>
      <ItemId>181354</ItemId>
    </Item>
    <Item>
      <PriceUpdateDate>2024-12-19 16:01:30</PriceUpdateDate>
      <ItemCode>8697659225186</ItemCode>
      <ItemType>1</ItemType>
      <ItemName>מילוי למטהר אוויר 25</ItemName>
      <ManufacturerName>לא ידוע</ManufacturerName>
      <ManufactureCountry>לא ידוע</ManufactureCountry>
      <ManufacturerItemDescription>מילוי למטהר אוויר 25</ManufacturerItemDescription>
      <UnitQty>לא ידוע</UnitQty>
      <Quantity>250.00</Quantity>
      <UnitOfMeasure>לא ידוע</UnitOfMeasure>
      <bIsWeighted>0</bIsWeighted>
      <QtyInPackage>לא ידוע</QtyInPackage>
      <ItemPrice>11.90</ItemPrice>
      <UnitOfMeasurePrice>0.0476</UnitOfMeasurePrice>
      <AllowDiscount>1</AllowDiscount>
      <ItemStatus>1</ItemStatus>
      <ItemId>173044</ItemId>
    </Item>
    <Item>
      <PriceUpdateDate>2024-12-19 16:01:36</PriceUpdateDate>
      <ItemCode>7290010711086</ItemCode>
      <ItemType>1</ItemType>
      <ItemName>סופר מגבת מבד</ItemName>
      <ManufacturerName>לא ידוע</ManufacturerName>
      <ManufactureCountry>לא ידוע</ManufactureCountry>
      <ManufacturerItemDescription>סופר מגבת מבד</ManufacturerItemDescription>
      <UnitQty>יחידה   </UnitQty>
      <Quantity>0.00</Quantity>
      <UnitOfMeasure>יחידה   </UnitOfMeasure>
      <bIsWeighted>0</bIsWeighted>
      <QtyInPackage>לא ידוע</QtyInPackage>
      <ItemPrice>20.90</ItemPrice>
      <UnitOfMeasurePrice>0.0000</UnitOfMeasurePrice>
      <AllowDiscount>1</AllowDiscount>
      <ItemStatus>1</ItemStatus>
      <ItemId>89890</ItemId>
    </Item>
    <Item>
      <PriceUpdateDate>2024-12-19 16:01:50</PriceUpdateDate>
      <ItemCode>7290111012389</ItemCode>
      <ItemType>1</ItemType>
      <ItemName>מטליות מיקרופייבר של</ItemName>
      <ManufacturerName>פריטי המותג של יאיר</ManufacturerName>
      <ManufactureCountry>לא ידוע</ManufactureCountry>
      <ManufacturerItemDescription>מטליות מיקרופייבר של</ManufacturerItemDescription>
      <UnitQty>יחידה   </UnitQty>
      <Quantity>0.00</Quantity>
      <UnitOfMeasure>יחידה   </UnitOfMeasure>
      <bIsWeighted>0</bIsWeighted>
      <QtyInPackage>לא ידוע</QtyInPackage>
      <ItemPrice>10.90</ItemPrice>
      <UnitOfMeasurePrice>0.0000</UnitOfMeasurePrice>
      <AllowDiscount>1</AllowDiscount>
      <ItemStatus>1</ItemStatus>
      <ItemId>177716</ItemId>
    </Item>
    <Item>
      <PriceUpdateDate>2024-12-19 16:01:52</PriceUpdateDate>
      <ItemCode>7290111012426</ItemCode>
      <ItemType>1</ItemType>
      <ItemName>כריות קרצוף 6יח סן ר</ItemName>
      <ManufacturerName>פריטי המותג של יאיר</ManufacturerName>
      <ManufactureCountry>לא ידוע</ManufactureCountry>
      <ManufacturerItemDescription>כריות קרצוף 6יח סן ר</ManufacturerItemDescription>
      <UnitQty>יחידה   </UnitQty>
      <Quantity>0.00</Quantity>
      <UnitOfMeasure>יחידה   </UnitOfMeasure>
      <bIsWeighted>0</bIsWeighted>
      <QtyInPackage>לא ידוע</QtyInPackage>
      <ItemPrice>10.90</ItemPrice>
      <UnitOfMeasurePrice>0.0000</UnitOfMeasurePrice>
      <AllowDiscount>1</AllowDiscount>
      <ItemStatus>1</ItemStatus>
      <ItemId>177720</ItemId>
    </Item>
    <Item>
      <PriceUpdateDate>2024-12-20 10:21:01</PriceUpdateDate>
      <ItemCode>7290000318127</ItemCode>
      <ItemType>1</ItemType>
      <ItemName>נקניקיות ביס יחיעם 3</ItemName>
      <ManufacturerName>קריות זול</ManufacturerName>
      <ManufactureCountry>לא ידוע</ManufactureCountry>
      <ManufacturerItemDescription>נקניקיות ביס יחיעם 3</ManufacturerItemDescription>
      <UnitQty>לא ידוע</UnitQty>
      <Quantity>380.00</Quantity>
      <UnitOfMeasure>100 גרם</UnitOfMeasure>
      <bIsWeighted>0</bIsWeighted>
      <QtyInPackage>לא ידוע</QtyInPackage>
      <ItemPrice>16.90</ItemPrice>
      <UnitOfMeasurePrice>0.0445</UnitOfMeasurePrice>
      <AllowDiscount>1</AllowDiscount>
      <ItemStatus>1</ItemStatus>
      <ItemId>77527</ItemId>
    </Item>
    <Item>
      <PriceUpdateDate>2024-12-20 10:21:06</PriceUpdateDate>
      <ItemCode>7290001567814</ItemCode>
      <ItemType>1</ItemType>
      <ItemName>סלמי מעושן בסגנון אי</ItemName>
      <ManufacturerName>לא ידוע</ManufacturerName>
      <ManufactureCountry>לא ידוע</ManufactureCountry>
      <ManufacturerItemDescription>סלמי מעושן בסגנון אי</ManufacturerItemDescription>
      <UnitQty>לא ידוע</UnitQty>
      <Quantity>300.00</Quantity>
      <UnitOfMeasure>100 גרם</UnitOfMeasure>
      <bIsWeighted>0</bIsWeighted>
      <QtyInPackage>לא ידוע</QtyInPackage>
      <ItemPrice>32.90</ItemPrice>
      <UnitOfMeasurePrice>0.1097</UnitOfMeasurePrice>
      <AllowDiscount>1</AllowDiscount>
      <ItemStatus>1</ItemStatus>
      <ItemId>104821</ItemId>
    </Item>
    <Item>
      <PriceUpdateDate>2024-12-20 10:28:01</PriceUpdateDate>
      <ItemCode>7290000208022</ItemCode>
      <ItemType>1</ItemType>
      <ItemName>עגבניות מרוסקות יכין</ItemName>
      <ManufacturerName>קריות זול</ManufacturerName>
      <ManufactureCountry>לא ידוע</ManufactureCountry>
      <ManufacturerItemDescription>עגבניות מרוסקות יכין</ManufacturerItemDescription>
      <UnitQty>לא ידוע</UnitQty>
      <Quantity>800.00</Quantity>
      <UnitOfMeasure>100 גרם</UnitOfMeasure>
      <bIsWeighted>0</bIsWeighted>
      <QtyInPackage>לא ידוע</QtyInPackage>
      <ItemPrice>10.90</ItemPrice>
      <UnitOfMeasurePrice>0.0136</UnitOfMeasurePrice>
      <AllowDiscount>1</AllowDiscount>
      <ItemStatus>1</ItemStatus>
      <ItemId>78664</ItemId>
    </Item>
    <Item>
      <PriceUpdateDate>2024-12-20 10:31:23</PriceUpdateDate>
      <ItemCode>7290013531629</ItemCode>
      <ItemType>1</ItemType>
      <ItemName>רוטב פומודורו יכין 2</ItemName>
      <ManufacturerName>לא ידוע</ManufacturerName>
      <ManufactureCountry>לא ידוע</ManufactureCountry>
      <ManufacturerItemDescription>רוטב פומודורו יכין 2</ManufacturerItemDescription>
      <UnitQty>לא ידוע</UnitQty>
      <Quantity>240.00</Quantity>
      <UnitOfMeasure>100 גרם</UnitOfMeasure>
      <bIsWeighted>0</bIsWeighted>
      <QtyInPackage>לא ידוע</QtyInPackage>
      <ItemPrice>6.90</ItemPrice>
      <UnitOfMeasurePrice>0.0288</UnitOfMeasurePrice>
      <AllowDiscount>1</AllowDiscount>
      <ItemStatus>1</ItemStatus>
      <ItemId>101185</ItemId>
    </Item>
    <Item>
      <PriceUpdateDate>2024-12-22 09:08:17</PriceUpdateDate>
      <ItemCode>4009900540551</ItemCode>
      <ItemType>1</ItemType>
      <ItemName>אורביט רפרשרס טרופיק</ItemName>
      <ManufacturerName>לא ידוע</ManufacturerName>
      <ManufactureCountry>לא ידוע</ManufactureCountry>
      <ManufacturerItemDescription>אורביט רפרשרס טרופיק</ManufacturerItemDescription>
      <UnitQty>לא ידוע</UnitQty>
      <Quantity>67.00</Quantity>
      <UnitOfMeasure>100 גרם</UnitOfMeasure>
      <bIsWeighted>0</bIsWeighted>
      <QtyInPackage>לא ידוע</QtyInPackage>
      <ItemPrice>13.90</ItemPrice>
      <UnitOfMeasurePrice>0.2075</UnitOfMeasurePrice>
      <AllowDiscount>1</AllowDiscount>
      <ItemStatus>1</ItemStatus>
      <ItemId>160193</ItemId>
    </Item>
    <Item>
      <PriceUpdateDate>2024-12-22 09:40:51</PriceUpdateDate>
      <ItemCode>7290002610182</ItemCode>
      <ItemType>1</ItemType>
      <ItemName>חזה עוף ארוז קפוא חת</ItemName>
      <ManufacturerName>לא ידוע</ManufacturerName>
      <ManufactureCountry>לא ידוע</ManufactureCountry>
      <ManufacturerItemDescription>חזה עוף ארוז קפוא חת</ManufacturerItemDescription>
      <UnitQty>קילוגרמים</UnitQty>
      <Quantity>1.00</Quantity>
      <UnitOfMeasure>ק"ג</UnitOfMeasure>
      <bIsWeighted>1</bIsWeighted>
      <QtyInPackage>לא ידוע</QtyInPackage>
      <ItemPrice>45.90</ItemPrice>
      <UnitOfMeasurePrice>45.9000</UnitOfMeasurePrice>
      <AllowDiscount>1</AllowDiscount>
      <ItemStatus>1</ItemStatus>
      <ItemId>179162</ItemId>
    </Item>
    <Item>
      <PriceUpdateDate>2024-12-22 09:41:02</PriceUpdateDate>
      <ItemCode>7290002827320</ItemCode>
      <ItemType>1</ItemType>
      <ItemName>נקניקיות מרגז 400 גר</ItemName>
      <ManufacturerName>לא ידוע</ManufacturerName>
      <ManufactureCountry>לא ידוע</ManufactureCountry>
      <ManufacturerItemDescription>נקניקיות מרגז 400 גר</ManufacturerItemDescription>
      <UnitQty>לא ידוע</UnitQty>
      <Quantity>400.00</Quantity>
      <UnitOfMeasure>100 גרם</UnitOfMeasure>
      <bIsWeighted>0</bIsWeighted>
      <QtyInPackage>לא ידוע</QtyInPackage>
      <ItemPrice>28.90</ItemPrice>
      <UnitOfMeasurePrice>0.0722</UnitOfMeasurePrice>
      <AllowDiscount>1</AllowDiscount>
      <ItemStatus>1</ItemStatus>
      <ItemId>131191</ItemId>
    </Item>
    <Item>
      <PriceUpdateDate>2024-12-23 13:13:49</PriceUpdateDate>
      <ItemCode>7290006873774</ItemCode>
      <ItemType>1</ItemType>
      <ItemName>יין סמיון לבן חצי יב</ItemName>
      <ManufacturerName>לא ידוע</ManufacturerName>
      <ManufactureCountry>לא ידוע</ManufactureCountry>
      <ManufacturerItemDescription>יין סמיון לבן חצי יב</ManufacturerItemDescription>
      <UnitQty>לא ידוע</UnitQty>
      <Quantity>1000.00</Quantity>
      <UnitOfMeasure>לא ידוע</UnitOfMeasure>
      <bIsWeighted>0</bIsWeighted>
      <QtyInPackage>לא ידוע</QtyInPackage>
      <ItemPrice>24.90</ItemPrice>
      <UnitOfMeasurePrice>0.0249</UnitOfMeasurePrice>
      <AllowDiscount>1</AllowDiscount>
      <ItemStatus>1</ItemStatus>
      <ItemId>102865</ItemId>
    </Item>
    <Item>
      <PriceUpdateDate>2024-12-23 14:55:16</PriceUpdateDate>
      <ItemCode>7290000134314</ItemCode>
      <ItemType>1</ItemType>
      <ItemName>תיבול לפיצה 120גר</ItemName>
      <ManufacturerName>לא ידוע</ManufacturerName>
      <ManufactureCountry>לא ידוע</ManufactureCountry>
      <ManufacturerItemDescription>תיבול לפיצה 120גר</ManufacturerItemDescription>
      <UnitQty>לא ידוע</UnitQty>
      <Quantity>120.00</Quantity>
      <UnitOfMeasure>100 גרם</UnitOfMeasure>
      <bIsWeighted>0</bIsWeighted>
      <QtyInPackage>לא ידוע</QtyInPackage>
      <ItemPrice>11.90</ItemPrice>
      <UnitOfMeasurePrice>0.0992</UnitOfMeasurePrice>
      <AllowDiscount>1</AllowDiscount>
      <ItemStatus>1</ItemStatus>
      <ItemId>90177</ItemId>
    </Item>
    <Item>
      <PriceUpdateDate>2024-12-23 14:55:23</PriceUpdateDate>
      <ItemCode>7290002517801</ItemCode>
      <ItemType>1</ItemType>
      <ItemName>צ'ילי כתוש טעם וריח</ItemName>
      <ManufacturerName>לא ידוע</ManufacturerName>
      <ManufactureCountry>לא ידוע</ManufactureCountry>
      <ManufacturerItemDescription>צ'ילי כתוש טעם וריח</ManufacturerItemDescription>
      <UnitQty>לא ידוע</UnitQty>
      <Quantity>30.00</Quantity>
      <UnitOfMeasure>100 גרם</UnitOfMeasure>
      <bIsWeighted>0</bIsWeighted>
      <QtyInPackage>לא ידוע</QtyInPackage>
      <ItemPrice>8.50</ItemPrice>
      <UnitOfMeasurePrice>0.2833</UnitOfMeasurePrice>
      <AllowDiscount>1</AllowDiscount>
      <ItemStatus>1</ItemStatus>
      <ItemId>90234</ItemId>
    </Item>
    <Item>
      <PriceUpdateDate>2024-12-23 14:55:26</PriceUpdateDate>
      <ItemCode>7290014217027</ItemCode>
      <ItemType>1</ItemType>
      <ItemName>תיבול עוף 120גר</ItemName>
      <ManufacturerName>לא ידוע</ManufacturerName>
      <ManufactureCountry>לא ידוע</ManufactureCountry>
      <ManufacturerItemDescription>תיבול עוף 120גר</ManufacturerItemDescription>
      <UnitQty>לא ידוע</UnitQty>
      <Quantity>120.00</Quantity>
      <UnitOfMeasure>100 גרם</UnitOfMeasure>
      <bIsWeighted>0</bIsWeighted>
      <QtyInPackage>לא ידוע</QtyInPackage>
      <ItemPrice>13.90</ItemPrice>
      <UnitOfMeasurePrice>0.1158</UnitOfMeasurePrice>
      <AllowDiscount>1</AllowDiscount>
      <ItemStatus>1</ItemStatus>
      <ItemId>90261</ItemId>
    </Item>
    <Item>
      <PriceUpdateDate>2024-12-23 14:55:27</PriceUpdateDate>
      <ItemCode>7290014217157</ItemCode>
      <ItemType>1</ItemType>
      <ItemName>מיכל תערובת תיבול טו</ItemName>
      <ManufacturerName>לא ידוע</ManufacturerName>
      <ManufactureCountry>לא ידוע</ManufactureCountry>
      <ManufacturerItemDescription>מיכל תערובת תיבול טו</ManufacturerItemDescription>
      <UnitQty>לא ידוע</UnitQty>
      <Quantity>120.00</Quantity>
      <UnitOfMeasure>100 גרם</UnitOfMeasure>
      <bIsWeighted>0</bIsWeighted>
      <QtyInPackage>לא ידוע</QtyInPackage>
      <ItemPrice>11.90</ItemPrice>
      <UnitOfMeasurePrice>0.0992</UnitOfMeasurePrice>
      <AllowDiscount>1</AllowDiscount>
      <ItemStatus>1</ItemStatus>
      <ItemId>99613</ItemId>
    </Item>
    <Item>
      <PriceUpdateDate>2024-12-23 14:55:28</PriceUpdateDate>
      <ItemCode>7290014217164</ItemCode>
      <ItemType>1</ItemType>
      <ItemName>פטרוזיליה מיכל גדול</ItemName>
      <ManufacturerName>לא ידוע</ManufacturerName>
      <ManufactureCountry>לא ידוע</ManufactureCountry>
      <ManufacturerItemDescription>פטרוזיליה מיכל גדול</ManufacturerItemDescription>
      <UnitQty>לא ידוע</UnitQty>
      <Quantity>20.00</Quantity>
      <UnitOfMeasure>100 גרם</UnitOfMeasure>
      <bIsWeighted>0</bIsWeighted>
      <QtyInPackage>לא ידוע</QtyInPackage>
      <ItemPrice>10.90</ItemPrice>
      <UnitOfMeasurePrice>0.5450</UnitOfMeasurePrice>
      <AllowDiscount>1</AllowDiscount>
      <ItemStatus>1</ItemStatus>
      <ItemId>100987</ItemId>
    </Item>
    <Item>
      <PriceUpdateDate>2024-12-24 10:57:04</PriceUpdateDate>
      <ItemCode>7290001072882</ItemCode>
      <ItemType>1</ItemType>
      <ItemName>נובו שמפו לסירוק קל</ItemName>
      <ManufacturerName>לא ידוע</ManufacturerName>
      <ManufactureCountry>לא ידוע</ManufactureCountry>
      <ManufacturerItemDescription>נובו שמפו לסירוק קל</ManufacturerItemDescription>
      <UnitQty>לא ידוע</UnitQty>
      <Quantity>700.00</Quantity>
      <UnitOfMeasure>לא ידוע</UnitOfMeasure>
      <bIsWeighted>0</bIsWeighted>
      <QtyInPackage>לא ידוע</QtyInPackage>
      <ItemPrice>15.90</ItemPrice>
      <UnitOfMeasurePrice>0.0227</UnitOfMeasurePrice>
      <AllowDiscount>1</AllowDiscount>
      <ItemStatus>1</ItemStatus>
      <ItemId>147781</ItemId>
    </Item>
    <Item>
      <PriceUpdateDate>2024-12-24 10:57:20</PriceUpdateDate>
      <ItemCode>7290003976607</ItemCode>
      <ItemType>1</ItemType>
      <ItemName>אקונומיקה סמיכה טאצ'</ItemName>
      <ManufacturerName>לא ידוע</ManufacturerName>
      <ManufactureCountry>לא ידוע</ManufactureCountry>
      <ManufacturerItemDescription>אקונומיקה סמיכה טאצ'</ManufacturerItemDescription>
      <UnitQty>לא ידוע</UnitQty>
      <Quantity>4000.00</Quantity>
      <UnitOfMeasure>ליטר    </UnitOfMeasure>
      <bIsWeighted>0</bIsWeighted>
      <QtyInPackage>לא ידוע</QtyInPackage>
      <ItemPrice>12.90</ItemPrice>
      <UnitOfMeasurePrice>0.0032</UnitOfMeasurePrice>
      <AllowDiscount>1</AllowDiscount>
      <ItemStatus>1</ItemStatus>
      <ItemId>147784</ItemId>
    </Item>
    <Item>
      <PriceUpdateDate>2024-12-24 11:46:02</PriceUpdateDate>
      <ItemCode>7290002814719</ItemCode>
      <ItemType>1</ItemType>
      <ItemName>נוזל רצפות בניחוח מא</ItemName>
      <ManufacturerName>לא ידוע</ManufacturerName>
      <ManufactureCountry>לא ידוע</ManufactureCountry>
      <ManufacturerItemDescription>נוזל רצפות בניחוח מא</ManufacturerItemDescription>
      <UnitQty>לא ידוע</UnitQty>
      <Quantity>4000.00</Quantity>
      <UnitOfMeasure>לא ידוע</UnitOfMeasure>
      <bIsWeighted>0</bIsWeighted>
      <QtyInPackage>לא ידוע</QtyInPackage>
      <ItemPrice>13.90</ItemPrice>
      <UnitOfMeasurePrice>0.0035</UnitOfMeasurePrice>
      <AllowDiscount>1</AllowDiscount>
      <ItemStatus>1</ItemStatus>
      <ItemId>172756</ItemId>
    </Item>
    <Item>
      <PriceUpdateDate>2024-12-24 12:06:16</PriceUpdateDate>
      <ItemCode>7290103703080</ItemCode>
      <ItemType>1</ItemType>
      <ItemName>טאצ זוג שקיות אשפה ע</ItemName>
      <ManufacturerName>לא ידוע</ManufacturerName>
      <ManufactureCountry>לא ידוע</ManufactureCountry>
      <ManufacturerItemDescription>טאצ זוג שקיות אשפה ע</ManufacturerItemDescription>
      <UnitQty>יחידה   </UnitQty>
      <Quantity>0.00</Quantity>
      <UnitOfMeasure>יחידה   </UnitOfMeasure>
      <bIsWeighted>0</bIsWeighted>
      <QtyInPackage>לא ידוע</QtyInPackage>
      <ItemPrice>18.90</ItemPrice>
      <UnitOfMeasurePrice>0.0000</UnitOfMeasurePrice>
      <AllowDiscount>1</AllowDiscount>
      <ItemStatus>1</ItemStatus>
      <ItemId>116946</ItemId>
    </Item>
    <Item>
      <PriceUpdateDate>2024-12-24 12:06:18</PriceUpdateDate>
      <ItemCode>7290103705022</ItemCode>
      <ItemType>1</ItemType>
      <ItemName>כפפות ניטריל שחורות</ItemName>
      <ManufacturerName>לא ידוע</ManufacturerName>
      <ManufactureCountry>לא ידוע</ManufactureCountry>
      <ManufacturerItemDescription>כפפות ניטריל שחורות</ManufacturerItemDescription>
      <UnitQty>יחידה   </UnitQty>
      <Quantity>0.00</Quantity>
      <UnitOfMeasure>יחידה   </UnitOfMeasure>
      <bIsWeighted>0</bIsWeighted>
      <QtyInPackage>לא ידוע</QtyInPackage>
      <ItemPrice>20.90</ItemPrice>
      <UnitOfMeasurePrice>0.0000</UnitOfMeasurePrice>
      <AllowDiscount>1</AllowDiscount>
      <ItemStatus>1</ItemStatus>
      <ItemId>179044</ItemId>
    </Item>
    <Item>
      <PriceUpdateDate>2024-12-25 09:35:25</PriceUpdateDate>
      <ItemCode>7290004554354</ItemCode>
      <ItemType>1</ItemType>
      <ItemName>פנטזיה שוקו וניל 900</ItemName>
      <ManufacturerName>קריות זול</ManufacturerName>
      <ManufactureCountry>לא ידוע</ManufactureCountry>
      <ManufacturerItemDescription>פנטזיה שוקו וניל 900</ManufacturerItemDescription>
      <UnitQty>לא ידוע</UnitQty>
      <Quantity>900.00</Quantity>
      <UnitOfMeasure>לא ידוע</UnitOfMeasure>
      <bIsWeighted>0</bIsWeighted>
      <QtyInPackage>לא ידוע</QtyInPackage>
      <ItemPrice>27.90</ItemPrice>
      <UnitOfMeasurePrice>0.0310</UnitOfMeasurePrice>
      <AllowDiscount>1</AllowDiscount>
      <ItemStatus>1</ItemStatus>
      <ItemId>85276</ItemId>
    </Item>
    <Item>
      <PriceUpdateDate>2024-12-25 11:22:50</PriceUpdateDate>
      <ItemCode>7290101869726</ItemCode>
      <ItemType>1</ItemType>
      <ItemName>פיניש ג'ל למדיח 1ליט</ItemName>
      <ManufacturerName>לא ידוע</ManufacturerName>
      <ManufactureCountry>לא ידוע</ManufactureCountry>
      <ManufacturerItemDescription>פיניש ג'ל למדיח 1ליט</ManufacturerItemDescription>
      <UnitQty>לא ידוע</UnitQty>
      <Quantity>1000.00</Quantity>
      <UnitOfMeasure>לא ידוע</UnitOfMeasure>
      <bIsWeighted>0</bIsWeighted>
      <QtyInPackage>לא ידוע</QtyInPackage>
      <ItemPrice>49.90</ItemPrice>
      <UnitOfMeasurePrice>0.0499</UnitOfMeasurePrice>
      <AllowDiscount>1</AllowDiscount>
      <ItemStatus>1</ItemStatus>
      <ItemId>101097</ItemId>
    </Item>
    <Item>
      <PriceUpdateDate>2024-12-25 11:42:02</PriceUpdateDate>
      <ItemCode>7290111094248</ItemCode>
      <ItemType>1</ItemType>
      <ItemName>קוויק שקיות אשפה XL</ItemName>
      <ManufacturerName>לא ידוע</ManufacturerName>
      <ManufactureCountry>לא ידוע</ManufactureCountry>
      <ManufacturerItemDescription>קוויק שקיות אשפה XL</ManufacturerItemDescription>
      <UnitQty>יחידה   </UnitQty>
      <Quantity>0.00</Quantity>
      <UnitOfMeasure>יחידה   </UnitOfMeasure>
      <bIsWeighted>0</bIsWeighted>
      <QtyInPackage>לא ידוע</QtyInPackage>
      <ItemPrice>20.90</ItemPrice>
      <UnitOfMeasurePrice>0.0000</UnitOfMeasurePrice>
      <AllowDiscount>1</AllowDiscount>
      <ItemStatus>1</ItemStatus>
      <ItemId>147569</ItemId>
    </Item>
    <Item>
      <PriceUpdateDate>2024-12-26 13:39:42</PriceUpdateDate>
      <ItemCode>5411188112709</ItemCode>
      <ItemType>1</ItemType>
      <ItemName>אלפרו משקה שקדים ללא</ItemName>
      <ManufacturerName>לא ידוע</ManufacturerName>
      <ManufactureCountry>לא ידוע</ManufactureCountry>
      <ManufacturerItemDescription>אלפרו משקה שקדים ללא</ManufacturerItemDescription>
      <UnitQty>לא ידוע</UnitQty>
      <Quantity>1000.00</Quantity>
      <UnitOfMeasure>לא ידוע</UnitOfMeasure>
      <bIsWeighted>0</bIsWeighted>
      <QtyInPackage>לא ידוע</QtyInPackage>
      <ItemPrice>15.90</ItemPrice>
      <UnitOfMeasurePrice>0.0159</UnitOfMeasurePrice>
      <AllowDiscount>1</AllowDiscount>
      <ItemStatus>1</ItemStatus>
      <ItemId>102560</ItemId>
    </Item>
    <Item>
      <PriceUpdateDate>2024-12-26 13:39:47</PriceUpdateDate>
      <ItemCode>7290002130574</ItemCode>
      <ItemType>1</ItemType>
      <ItemName>דבש טהור מפרחי בר בז</ItemName>
      <ManufacturerName>קריות זול</ManufacturerName>
      <ManufactureCountry>לא ידוע</ManufactureCountry>
      <ManufacturerItemDescription>דבש טהור מפרחי בר בז</ManufacturerItemDescription>
      <UnitQty>לא ידוע</UnitQty>
      <Quantity>500.00</Quantity>
      <UnitOfMeasure>100 גרם</UnitOfMeasure>
      <bIsWeighted>0</bIsWeighted>
      <QtyInPackage>לא ידוע</QtyInPackage>
      <ItemPrice>31.90</ItemPrice>
      <UnitOfMeasurePrice>0.0638</UnitOfMeasurePrice>
      <AllowDiscount>1</AllowDiscount>
      <ItemStatus>1</ItemStatus>
      <ItemId>95339</ItemId>
    </Item>
    <Item>
      <PriceUpdateDate>2024-12-26 15:24:34</PriceUpdateDate>
      <ItemCode>7290000118277</ItemCode>
      <ItemType>1</ItemType>
      <ItemName>קניידלך קנור 2*65 גר</ItemName>
      <ManufacturerName>קריות זול</ManufacturerName>
      <ManufactureCountry>לא ידוע</ManufactureCountry>
      <ManufacturerItemDescription>קניידלך קנור 2*65 גר</ManufacturerItemDescription>
      <UnitQty>לא ידוע</UnitQty>
      <Quantity>130.00</Quantity>
      <UnitOfMeasure>100 גרם</UnitOfMeasure>
      <bIsWeighted>0</bIsWeighted>
      <QtyInPackage>לא ידוע</QtyInPackage>
      <ItemPrice>13.90</ItemPrice>
      <UnitOfMeasurePrice>0.1069</UnitOfMeasurePrice>
      <AllowDiscount>1</AllowDiscount>
      <ItemStatus>1</ItemStatus>
      <ItemId>82658</ItemId>
    </Item>
    <Item>
      <PriceUpdateDate>2024-12-30 09:30:45</PriceUpdateDate>
      <ItemCode>7290018471548</ItemCode>
      <ItemType>1</ItemType>
      <ItemName>ספרינג ענבים 4*250 מ</ItemName>
      <ManufacturerName>לא ידוע</ManufacturerName>
      <ManufactureCountry>לא ידוע</ManufactureCountry>
      <ManufacturerItemDescription>ספרינג ענבים 4*250 מ</ManufacturerItemDescription>
      <UnitQty>לא ידוע</UnitQty>
      <Quantity>1000.00</Quantity>
      <UnitOfMeasure>לא ידוע</UnitOfMeasure>
      <bIsWeighted>0</bIsWeighted>
      <QtyInPackage>לא ידוע</QtyInPackage>
      <ItemPrice>16.50</ItemPrice>
      <UnitOfMeasurePrice>0.0165</UnitOfMeasurePrice>
      <AllowDiscount>1</AllowDiscount>
      <ItemStatus>1</ItemStatus>
      <ItemId>156873</ItemId>
    </Item>
    <Item>
      <PriceUpdateDate>2024-12-30 09:45:40</PriceUpdateDate>
      <ItemCode>7290002511274</ItemCode>
      <ItemType>1</ItemType>
      <ItemName>שמנת 30% זיתים המושב</ItemName>
      <ManufacturerName>לא ידוע</ManufacturerName>
      <ManufactureCountry>ישראל</ManufactureCountry>
      <ManufacturerItemDescription>שמנת 30% זיתים המושב</ManufacturerItemDescription>
      <UnitQty>קילוגרמים</UnitQty>
      <Quantity>1.00</Quantity>
      <UnitOfMeasure>ק"ג</UnitOfMeasure>
      <bIsWeighted>1</bIsWeighted>
      <QtyInPackage>לא ידוע</QtyInPackage>
      <ItemPrice>52.00</ItemPrice>
      <UnitOfMeasurePrice>52.0000</UnitOfMeasurePrice>
      <AllowDiscount>1</AllowDiscount>
      <ItemStatus>1</ItemStatus>
      <ItemId>128546</ItemId>
    </Item>
    <Item>
      <PriceUpdateDate>2024-12-30 13:33:54</PriceUpdateDate>
      <ItemCode>7290107937634</ItemCode>
      <ItemType>1</ItemType>
      <ItemName>מסטיק מאסט קוביות פפ</ItemName>
      <ManufacturerName>לא ידוע</ManufacturerName>
      <ManufactureCountry>לא ידוע</ManufactureCountry>
      <ManufacturerItemDescription>מסטיק מאסט קוביות פפ</ManufacturerItemDescription>
      <UnitQty>לא ידוע</UnitQty>
      <Quantity>58.00</Quantity>
      <UnitOfMeasure>100 גרם</UnitOfMeasure>
      <bIsWeighted>0</bIsWeighted>
      <QtyInPackage>לא ידוע</QtyInPackage>
      <ItemPrice>11.50</ItemPrice>
      <UnitOfMeasurePrice>0.1983</UnitOfMeasurePrice>
      <AllowDiscount>1</AllowDiscount>
      <ItemStatus>1</ItemStatus>
      <ItemId>116442</ItemId>
    </Item>
    <Item>
      <PriceUpdateDate>2024-12-30 13:33:58</PriceUpdateDate>
      <ItemCode>7290107954709</ItemCode>
      <ItemType>1</ItemType>
      <ItemName>קונפיטורת פירות יער</ItemName>
      <ManufacturerName>לא ידוע</ManufacturerName>
      <ManufactureCountry>לא ידוע</ManufactureCountry>
      <ManufacturerItemDescription>קונפיטורת פירות יער</ManufacturerItemDescription>
      <UnitQty>לא ידוע</UnitQty>
      <Quantity>340.00</Quantity>
      <UnitOfMeasure>100 גרם</UnitOfMeasure>
      <bIsWeighted>0</bIsWeighted>
      <QtyInPackage>לא ידוע</QtyInPackage>
      <ItemPrice>17.90</ItemPrice>
      <UnitOfMeasurePrice>0.0526</UnitOfMeasurePrice>
      <AllowDiscount>1</AllowDiscount>
      <ItemStatus>1</ItemStatus>
      <ItemId>169454</ItemId>
    </Item>
    <Item>
      <PriceUpdateDate>2024-12-31 10:28:40</PriceUpdateDate>
      <ItemCode>8445291081345</ItemCode>
      <ItemType>1</ItemType>
      <ItemName>מטרנה מחית תפוח פאוץ</ItemName>
      <ManufacturerName>לא ידוע</ManufacturerName>
      <ManufactureCountry>לא ידוע</ManufactureCountry>
      <ManufacturerItemDescription>מטרנה מחית תפוח פאוץ</ManufacturerItemDescription>
      <UnitQty>לא ידוע</UnitQty>
      <Quantity>90.00</Quantity>
      <UnitOfMeasure>100 גרם</UnitOfMeasure>
      <bIsWeighted>0</bIsWeighted>
      <QtyInPackage>לא ידוע</QtyInPackage>
      <ItemPrice>6.90</ItemPrice>
      <UnitOfMeasurePrice>0.0767</UnitOfMeasurePrice>
      <AllowDiscount>1</AllowDiscount>
      <ItemStatus>1</ItemStatus>
      <ItemId>180937</ItemId>
    </Item>
    <Item>
      <PriceUpdateDate>2024-12-31 10:28:40</PriceUpdateDate>
      <ItemCode>8445291081390</ItemCode>
      <ItemType>1</ItemType>
      <ItemName>מטרנה מחית אגס פאוץ</ItemName>
      <ManufacturerName>לא ידוע</ManufacturerName>
      <ManufactureCountry>לא ידוע</ManufactureCountry>
      <ManufacturerItemDescription>מטרנה מחית אגס פאוץ</ManufacturerItemDescription>
      <UnitQty>לא ידוע</UnitQty>
      <Quantity>90.00</Quantity>
      <UnitOfMeasure>100 גרם</UnitOfMeasure>
      <bIsWeighted>0</bIsWeighted>
      <QtyInPackage>לא ידוע</QtyInPackage>
      <ItemPrice>6.90</ItemPrice>
      <UnitOfMeasurePrice>0.0767</UnitOfMeasurePrice>
      <AllowDiscount>1</AllowDiscount>
      <ItemStatus>1</ItemStatus>
      <ItemId>180938</ItemId>
    </Item>
    <Item>
      <PriceUpdateDate>2024-12-31 10:28:41</PriceUpdateDate>
      <ItemCode>8445291107458</ItemCode>
      <ItemType>1</ItemType>
      <ItemName>מטרנה מחית תפוח בננה</ItemName>
      <ManufacturerName>לא ידוע</ManufacturerName>
      <ManufactureCountry>לא ידוע</ManufactureCountry>
      <ManufacturerItemDescription>מטרנה מחית תפוח בננה</ManufacturerItemDescription>
      <UnitQty>לא ידוע</UnitQty>
      <Quantity>90.00</Quantity>
      <UnitOfMeasure>100 גרם</UnitOfMeasure>
      <bIsWeighted>0</bIsWeighted>
      <QtyInPackage>לא ידוע</QtyInPackage>
      <ItemPrice>6.90</ItemPrice>
      <UnitOfMeasurePrice>0.0767</UnitOfMeasurePrice>
      <AllowDiscount>1</AllowDiscount>
      <ItemStatus>1</ItemStatus>
      <ItemId>180943</ItemId>
    </Item>
    <Item>
      <PriceUpdateDate>2024-12-31 10:32:27</PriceUpdateDate>
      <ItemCode>7290000286297</ItemCode>
      <ItemType>1</ItemType>
      <ItemName>אנטי קאלק מסיר אבן מ</ItemName>
      <ManufacturerName>קריות זול</ManufacturerName>
      <ManufactureCountry>לא ידוע</ManufactureCountry>
      <ManufacturerItemDescription>אנטי קאלק מסיר אבן מ</ManufacturerItemDescription>
      <UnitQty>לא ידוע</UnitQty>
      <Quantity>700.00</Quantity>
      <UnitOfMeasure>לא ידוע</UnitOfMeasure>
      <bIsWeighted>0</bIsWeighted>
      <QtyInPackage>לא ידוע</QtyInPackage>
      <ItemPrice>11.90</ItemPrice>
      <UnitOfMeasurePrice>0.0170</UnitOfMeasurePrice>
      <AllowDiscount>1</AllowDiscount>
      <ItemStatus>1</ItemStatus>
      <ItemId>81521</ItemId>
    </Item>
    <Item>
      <PriceUpdateDate>2024-12-31 10:32:32</PriceUpdateDate>
      <ItemCode>7290000288086</ItemCode>
      <ItemType>1</ItemType>
      <ItemName>סנו ז'אוול אבקת לניק</ItemName>
      <ManufacturerName>קריות זול</ManufacturerName>
      <ManufactureCountry>לא ידוע</ManufactureCountry>
      <ManufacturerItemDescription>סנו ז'אוול אבקת לניק</ManufacturerItemDescription>
      <UnitQty>לא ידוע</UnitQty>
      <Quantity>600.00</Quantity>
      <UnitOfMeasure>100 גרם</UnitOfMeasure>
      <bIsWeighted>0</bIsWeighted>
      <QtyInPackage>לא ידוע</QtyInPackage>
      <ItemPrice>10.90</ItemPrice>
      <UnitOfMeasurePrice>0.0182</UnitOfMeasurePrice>
      <AllowDiscount>1</AllowDiscount>
      <ItemStatus>1</ItemStatus>
      <ItemId>81562</ItemId>
    </Item>
    <Item>
      <PriceUpdateDate>2024-12-31 10:32:35</PriceUpdateDate>
      <ItemCode>7290000289496</ItemCode>
      <ItemType>1</ItemType>
      <ItemName>סנו ז'אוול ג'ל קרם מ</ItemName>
      <ManufacturerName>קריות זול</ManufacturerName>
      <ManufactureCountry>לא ידוע</ManufactureCountry>
      <ManufacturerItemDescription>סנו ז'אוול ג'ל קרם מ</ManufacturerItemDescription>
      <UnitQty>לא ידוע</UnitQty>
      <Quantity>750.00</Quantity>
      <UnitOfMeasure>לא ידוע</UnitOfMeasure>
      <bIsWeighted>0</bIsWeighted>
      <QtyInPackage>לא ידוע</QtyInPackage>
      <ItemPrice>13.90</ItemPrice>
      <UnitOfMeasurePrice>0.0185</UnitOfMeasurePrice>
      <AllowDiscount>1</AllowDiscount>
      <ItemStatus>1</ItemStatus>
      <ItemId>81587</ItemId>
    </Item>
    <Item>
      <PriceUpdateDate>2024-12-31 10:32:46</PriceUpdateDate>
      <ItemCode>7290002925729</ItemCode>
      <ItemType>1</ItemType>
      <ItemName>משחת שיניים בטעם פפר</ItemName>
      <ManufacturerName>לא ידוע</ManufacturerName>
      <ManufactureCountry>לא ידוע</ManufactureCountry>
      <ManufacturerItemDescription>משחת שיניים בטעם פפר</ManufacturerItemDescription>
      <UnitQty>לא ידוע</UnitQty>
      <Quantity>120.00</Quantity>
      <UnitOfMeasure>לא ידוע</UnitOfMeasure>
      <bIsWeighted>0</bIsWeighted>
      <QtyInPackage>לא ידוע</QtyInPackage>
      <ItemPrice>16.90</ItemPrice>
      <UnitOfMeasurePrice>0.1408</UnitOfMeasurePrice>
      <AllowDiscount>1</AllowDiscount>
      <ItemStatus>1</ItemStatus>
      <ItemId>94004</ItemId>
    </Item>
    <Item>
      <PriceUpdateDate>2024-12-31 10:32:46</PriceUpdateDate>
      <ItemCode>7290002925798</ItemCode>
      <ItemType>1</ItemType>
      <ItemName>גם וגם ירוק</ItemName>
      <ManufacturerName>קריות זול</ManufacturerName>
      <ManufactureCountry>לא ידוע</ManufactureCountry>
      <ManufacturerItemDescription>גם וגם ירוק</ManufacturerItemDescription>
      <UnitQty>לא ידוע</UnitQty>
      <Quantity>120.00</Quantity>
      <UnitOfMeasure>לא ידוע</UnitOfMeasure>
      <bIsWeighted>0</bIsWeighted>
      <QtyInPackage>לא ידוע</QtyInPackage>
      <ItemPrice>16.90</ItemPrice>
      <UnitOfMeasurePrice>0.1408</UnitOfMeasurePrice>
      <AllowDiscount>1</AllowDiscount>
      <ItemStatus>1</ItemStatus>
      <ItemId>94005</ItemId>
    </Item>
    <Item>
      <PriceUpdateDate>2024-12-31 10:33:01</PriceUpdateDate>
      <ItemCode>7290005429279</ItemCode>
      <ItemType>1</ItemType>
      <ItemName>סנו מקסימה אבקת כביס</ItemName>
      <ManufacturerName>לא ידוע</ManufacturerName>
      <ManufactureCountry>לא ידוע</ManufactureCountry>
      <ManufacturerItemDescription>סנו מקסימה אבקת כביס</ManufacturerItemDescription>
      <UnitQty>לא ידוע</UnitQty>
      <Quantity>6.00</Quantity>
      <UnitOfMeasure>ק"ג     </UnitOfMeasure>
      <bIsWeighted>0</bIsWeighted>
      <QtyInPackage>לא ידוע</QtyInPackage>
      <ItemPrice>49.90</ItemPrice>
      <UnitOfMeasurePrice>8.3167</UnitOfMeasurePrice>
      <AllowDiscount>1</AllowDiscount>
      <ItemStatus>1</ItemStatus>
      <ItemId>81859</ItemId>
    </Item>
    <Item>
      <PriceUpdateDate>2024-12-31 10:33:09</PriceUpdateDate>
      <ItemCode>7290011598211</ItemCode>
      <ItemType>1</ItemType>
      <ItemName>סנו אנטי קאלק ניקוי</ItemName>
      <ManufacturerName>לא ידוע</ManufacturerName>
      <ManufactureCountry>לא ידוע</ManufactureCountry>
      <ManufacturerItemDescription>סנו אנטי קאלק ניקוי</ManufacturerItemDescription>
      <UnitQty>לא ידוע</UnitQty>
      <Quantity>700.00</Quantity>
      <UnitOfMeasure>לא ידוע</UnitOfMeasure>
      <bIsWeighted>0</bIsWeighted>
      <QtyInPackage>לא ידוע</QtyInPackage>
      <ItemPrice>18.90</ItemPrice>
      <UnitOfMeasurePrice>0.0270</UnitOfMeasurePrice>
      <AllowDiscount>1</AllowDiscount>
      <ItemStatus>1</ItemStatus>
      <ItemId>81898</ItemId>
    </Item>
    <Item>
      <PriceUpdateDate>2024-12-31 10:33:24</PriceUpdateDate>
      <ItemCode>7290013269751</ItemCode>
      <ItemType>1</ItemType>
      <ItemName>ריצפז פרש הום מטליות</ItemName>
      <ManufacturerName>לא ידוע</ManufacturerName>
      <ManufactureCountry>לא ידוע</ManufactureCountry>
      <ManufacturerItemDescription>ריצפז פרש הום מטליות</ManufacturerItemDescription>
      <UnitQty>לא ידוע</UnitQty>
      <Quantity>10.00</Quantity>
      <UnitOfMeasure>לא ידוע</UnitOfMeasure>
      <bIsWeighted>0</bIsWeighted>
      <QtyInPackage>לא ידוע</QtyInPackage>
      <ItemPrice>14.90</ItemPrice>
      <UnitOfMeasurePrice>1.4900</UnitOfMeasurePrice>
      <AllowDiscount>1</AllowDiscount>
      <ItemStatus>1</ItemStatus>
      <ItemId>125971</ItemId>
    </Item>
    <Item>
      <PriceUpdateDate>2025-01-01 09:59:26</PriceUpdateDate>
      <ItemCode>7290001247112</ItemCode>
      <ItemType>1</ItemType>
      <ItemName>ספרינג לימונענע קרטו</ItemName>
      <ManufacturerName>קריות זול</ManufacturerName>
      <ManufactureCountry>לא ידוע</ManufactureCountry>
      <ManufacturerItemDescription>ספרינג לימונענע קרטו</ManufacturerItemDescription>
      <UnitQty>לא ידוע</UnitQty>
      <Quantity>1000.00</Quantity>
      <UnitOfMeasure>לא ידוע</UnitOfMeasure>
      <bIsWeighted>0</bIsWeighted>
      <QtyInPackage>לא ידוע</QtyInPackage>
      <ItemPrice>7.90</ItemPrice>
      <UnitOfMeasurePrice>0.0079</UnitOfMeasurePrice>
      <AllowDiscount>1</AllowDiscount>
      <ItemStatus>1</ItemStatus>
      <ItemId>82402</ItemId>
    </Item>
    <Item>
      <PriceUpdateDate>2025-01-01 11:15:48</PriceUpdateDate>
      <ItemCode>6112017106096</ItemCode>
      <ItemType>1</ItemType>
      <ItemName>מסנן כיור אמריקאי</ItemName>
      <ManufacturerName>לא ידוע</ManufacturerName>
      <ManufactureCountry>לא ידוע</ManufactureCountry>
      <ManufacturerItemDescription>מסנן כיור אמריקאי</ManufacturerItemDescription>
      <UnitQty>יחידה   </UnitQty>
      <Quantity>0.00</Quantity>
      <UnitOfMeasure>יחידה   </UnitOfMeasure>
      <bIsWeighted>0</bIsWeighted>
      <QtyInPackage>לא ידוע</QtyInPackage>
      <ItemPrice>17.90</ItemPrice>
      <UnitOfMeasurePrice>0.0000</UnitOfMeasurePrice>
      <AllowDiscount>1</AllowDiscount>
      <ItemStatus>1</ItemStatus>
      <ItemId>139710</ItemId>
    </Item>
    <Item>
      <PriceUpdateDate>2025-01-01 11:16:05</PriceUpdateDate>
      <ItemCode>6985425120011</ItemCode>
      <ItemType>1</ItemType>
      <ItemName>מסנן פרפר זוג</ItemName>
      <ManufacturerName>לא ידוע</ManufacturerName>
      <ManufactureCountry>לא ידוע</ManufactureCountry>
      <ManufacturerItemDescription>מסנן פרפר זוג</ManufacturerItemDescription>
      <UnitQty>יחידה   </UnitQty>
      <Quantity>0.00</Quantity>
      <UnitOfMeasure>יחידה   </UnitOfMeasure>
      <bIsWeighted>0</bIsWeighted>
      <QtyInPackage>לא ידוע</QtyInPackage>
      <ItemPrice>9.90</ItemPrice>
      <UnitOfMeasurePrice>0.0000</UnitOfMeasurePrice>
      <AllowDiscount>1</AllowDiscount>
      <ItemStatus>1</ItemStatus>
      <ItemId>104178</ItemId>
    </Item>
    <Item>
      <PriceUpdateDate>2025-01-01 11:16:06</PriceUpdateDate>
      <ItemCode>6985425120387</ItemCode>
      <ItemType>1</ItemType>
      <ItemName>אקדח גינה סט</ItemName>
      <ManufacturerName>לא ידוע</ManufacturerName>
      <ManufactureCountry>לא ידוע</ManufactureCountry>
      <ManufacturerItemDescription>אקדח גינה סט</ManufacturerItemDescription>
      <UnitQty>יחידה   </UnitQty>
      <Quantity>0.00</Quantity>
      <UnitOfMeasure>יחידה   </UnitOfMeasure>
      <bIsWeighted>0</bIsWeighted>
      <QtyInPackage>לא ידוע</QtyInPackage>
      <ItemPrice>23.90</ItemPrice>
      <UnitOfMeasurePrice>0.0000</UnitOfMeasurePrice>
      <AllowDiscount>1</AllowDiscount>
      <ItemStatus>1</ItemStatus>
      <ItemId>127072</ItemId>
    </Item>
    <Item>
      <PriceUpdateDate>2025-01-01 11:16:11</PriceUpdateDate>
      <ItemCode>7290011514440</ItemCode>
      <ItemType>1</ItemType>
      <ItemName>קולב על דלת</ItemName>
      <ManufacturerName>לא ידוע</ManufacturerName>
      <ManufactureCountry>לא ידוע</ManufactureCountry>
      <ManufacturerItemDescription>קולב על דלת</ManufacturerItemDescription>
      <UnitQty>יחידה   </UnitQty>
      <Quantity>0.00</Quantity>
      <UnitOfMeasure>יחידה   </UnitOfMeasure>
      <bIsWeighted>0</bIsWeighted>
      <QtyInPackage>לא ידוע</QtyInPackage>
      <ItemPrice>31.90</ItemPrice>
      <UnitOfMeasurePrice>0.0000</UnitOfMeasurePrice>
      <AllowDiscount>1</AllowDiscount>
      <ItemStatus>1</ItemStatus>
      <ItemId>127347</ItemId>
    </Item>
    <Item>
      <PriceUpdateDate>2025-01-02 12:19:32</PriceUpdateDate>
      <ItemCode>7290000051352</ItemCode>
      <ItemType>1</ItemType>
      <ItemName>חלב בטעם של פעם 3.4%</ItemName>
      <ManufacturerName>לא ידוע</ManufacturerName>
      <ManufactureCountry>לא ידוע</ManufactureCountry>
      <ManufacturerItemDescription>חלב בטעם של פעם 3.4%</ManufacturerItemDescription>
      <UnitQty>לא ידוע</UnitQty>
      <Quantity>1000.00</Quantity>
      <UnitOfMeasure>לא ידוע</UnitOfMeasure>
      <bIsWeighted>0</bIsWeighted>
      <QtyInPackage>לא ידוע</QtyInPackage>
      <ItemPrice>9.90</ItemPrice>
      <UnitOfMeasurePrice>0.0099</UnitOfMeasurePrice>
      <AllowDiscount>1</AllowDiscount>
      <ItemStatus>1</ItemStatus>
      <ItemId>85923</ItemId>
    </Item>
    <Item>
      <PriceUpdateDate>2025-01-02 12:19:56</PriceUpdateDate>
      <ItemCode>7290004136154</ItemCode>
      <ItemType>1</ItemType>
      <ItemName>משקה אייס קפה תנובה</ItemName>
      <ManufacturerName>לא ידוע</ManufacturerName>
      <ManufactureCountry>לא ידוע</ManufactureCountry>
      <ManufacturerItemDescription>משקה אייס קפה תנובה</ManufacturerItemDescription>
      <UnitQty>לא ידוע</UnitQty>
      <Quantity>340.00</Quantity>
      <UnitOfMeasure>לא ידוע</UnitOfMeasure>
      <bIsWeighted>0</bIsWeighted>
      <QtyInPackage>לא ידוע</QtyInPackage>
      <ItemPrice>8.90</ItemPrice>
      <UnitOfMeasurePrice>0.0262</UnitOfMeasurePrice>
      <AllowDiscount>1</AllowDiscount>
      <ItemStatus>1</ItemStatus>
      <ItemId>86306</ItemId>
    </Item>
    <Item>
      <PriceUpdateDate>2025-01-02 12:37:25</PriceUpdateDate>
      <ItemCode>7290019621348</ItemCode>
      <ItemType>1</ItemType>
      <ItemName>ויסוצקי חליטה גלילית</ItemName>
      <ManufacturerName>לא ידוע</ManufacturerName>
      <ManufactureCountry>לא ידוע</ManufactureCountry>
      <ManufacturerItemDescription>ויסוצקי חליטה גלילית</ManufacturerItemDescription>
      <UnitQty>יחידה   </UnitQty>
      <Quantity>0.00</Quantity>
      <UnitOfMeasure>יחידה   </UnitOfMeasure>
      <bIsWeighted>0</bIsWeighted>
      <QtyInPackage>לא ידוע</QtyInPackage>
      <ItemPrice>22.90</ItemPrice>
      <UnitOfMeasurePrice>0.0000</UnitOfMeasurePrice>
      <AllowDiscount>1</AllowDiscount>
      <ItemStatus>1</ItemStatus>
      <ItemId>178761</ItemId>
    </Item>
    <Item>
      <PriceUpdateDate>2025-01-02 19:05:16</PriceUpdateDate>
      <ItemCode>7290113594579</ItemCode>
      <ItemType>1</ItemType>
      <ItemName>שלישיית ביצי שוקולד(</ItemName>
      <ManufacturerName>לא ידוע</ManufacturerName>
      <ManufactureCountry>לא ידוע</ManufactureCountry>
      <ManufacturerItemDescription>שלישיית ביצי שוקולד(</ManufacturerItemDescription>
      <UnitQty>יחידה   </UnitQty>
      <Quantity>0.00</Quantity>
      <UnitOfMeasure>יחידה   </UnitOfMeasure>
      <bIsWeighted>0</bIsWeighted>
      <QtyInPackage>לא ידוע</QtyInPackage>
      <ItemPrice>14.90</ItemPrice>
      <UnitOfMeasurePrice>0.0000</UnitOfMeasurePrice>
      <AllowDiscount>1</AllowDiscount>
      <ItemStatus>1</ItemStatus>
      <ItemId>183955</ItemId>
    </Item>
    <Item>
      <PriceUpdateDate>2025-01-07 10:52:45</PriceUpdateDate>
      <ItemCode>7290000346137</ItemCode>
      <ItemType>1</ItemType>
      <ItemName>תה הילולי פירות 25יח</ItemName>
      <ManufacturerName>קריות זול</ManufacturerName>
      <ManufactureCountry>לא ידוע</ManufactureCountry>
      <ManufacturerItemDescription>תה הילולי פירות 25יח</ManufacturerItemDescription>
      <UnitQty>לא ידוע</UnitQty>
      <Quantity>62.50</Quantity>
      <UnitOfMeasure>100 גרם</UnitOfMeasure>
      <bIsWeighted>0</bIsWeighted>
      <QtyInPackage>לא ידוע</QtyInPackage>
      <ItemPrice>22.90</ItemPrice>
      <UnitOfMeasurePrice>0.3664</UnitOfMeasurePrice>
      <AllowDiscount>1</AllowDiscount>
      <ItemStatus>1</ItemStatus>
      <ItemId>86926</ItemId>
    </Item>
    <Item>
      <PriceUpdateDate>2025-01-08 10:57:56</PriceUpdateDate>
      <ItemCode>7290015039055</ItemCode>
      <ItemType>1</ItemType>
      <ItemName>רוטב צ'ילי חריף 700</ItemName>
      <ManufacturerName>לא ידוע</ManufacturerName>
      <ManufactureCountry>לא ידוע</ManufactureCountry>
      <ManufacturerItemDescription>רוטב צ'ילי חריף 700</ManufacturerItemDescription>
      <UnitQty>לא ידוע</UnitQty>
      <Quantity>700.00</Quantity>
      <UnitOfMeasure>לא ידוע</UnitOfMeasure>
      <bIsWeighted>0</bIsWeighted>
      <QtyInPackage>לא ידוע</QtyInPackage>
      <ItemPrice>12.90</ItemPrice>
      <UnitOfMeasurePrice>0.0184</UnitOfMeasurePrice>
      <AllowDiscount>1</AllowDiscount>
      <ItemStatus>1</ItemStatus>
      <ItemId>98307</ItemId>
    </Item>
    <Item>
      <PriceUpdateDate>2025-01-08 10:58:26</PriceUpdateDate>
      <ItemCode>7290117261040</ItemCode>
      <ItemType>1</ItemType>
      <ItemName>זיתים שחורים במרינד</ItemName>
      <ManufacturerName>לא ידוע</ManufacturerName>
      <ManufactureCountry>לא ידוע</ManufactureCountry>
      <ManufacturerItemDescription>זיתים שחורים במרינד</ManufacturerItemDescription>
      <UnitQty>לא ידוע</UnitQty>
      <Quantity>454.00</Quantity>
      <UnitOfMeasure>100 גרם</UnitOfMeasure>
      <bIsWeighted>0</bIsWeighted>
      <QtyInPackage>לא ידוע</QtyInPackage>
      <ItemPrice>17.90</ItemPrice>
      <UnitOfMeasurePrice>0.0394</UnitOfMeasurePrice>
      <AllowDiscount>1</AllowDiscount>
      <ItemStatus>1</ItemStatus>
      <ItemId>174207</ItemId>
    </Item>
    <Item>
      <PriceUpdateDate>2025-01-08 10:58:50</PriceUpdateDate>
      <ItemCode>7290008175760</ItemCode>
      <ItemType>1</ItemType>
      <ItemName>מנצגו כבשים ויליפוד</ItemName>
      <ManufacturerName>לא ידוע</ManufacturerName>
      <ManufactureCountry>ספרד</ManufactureCountry>
      <ManufacturerItemDescription>מנצגו כבשים ויליפוד</ManufacturerItemDescription>
      <UnitQty>קילוגרמים</UnitQty>
      <Quantity>1.00</Quantity>
      <UnitOfMeasure>ק"ג</UnitOfMeasure>
      <bIsWeighted>1</bIsWeighted>
      <QtyInPackage>לא ידוע</QtyInPackage>
      <ItemPrice>134.00</ItemPrice>
      <UnitOfMeasurePrice>134.0000</UnitOfMeasurePrice>
      <AllowDiscount>1</AllowDiscount>
      <ItemStatus>1</ItemStatus>
      <ItemId>80831</ItemId>
    </Item>
    <Item>
      <PriceUpdateDate>2025-01-08 12:23:50</PriceUpdateDate>
      <ItemCode>7290111342042</ItemCode>
      <ItemType>1</ItemType>
      <ItemName>כריות יפניות אנטיבקט</ItemName>
      <ManufacturerName>לא ידוע</ManufacturerName>
      <ManufactureCountry>לא ידוע</ManufactureCountry>
      <ManufacturerItemDescription>כריות יפניות אנטיבקט</ManufacturerItemDescription>
      <UnitQty>יחידה   </UnitQty>
      <Quantity>0.00</Quantity>
      <UnitOfMeasure>יחידה   </UnitOfMeasure>
      <bIsWeighted>0</bIsWeighted>
      <QtyInPackage>לא ידוע</QtyInPackage>
      <ItemPrice>12.90</ItemPrice>
      <UnitOfMeasurePrice>0.0000</UnitOfMeasurePrice>
      <AllowDiscount>1</AllowDiscount>
      <ItemStatus>1</ItemStatus>
      <ItemId>147549</ItemId>
    </Item>
    <Item>
      <PriceUpdateDate>2025-01-08 19:00:20</PriceUpdateDate>
      <ItemCode>7290000523514</ItemCode>
      <ItemType>1</ItemType>
      <ItemName>מלח הארץ 50% מכמות ה</ItemName>
      <ManufacturerName>קריות זול</ManufacturerName>
      <ManufactureCountry>לא ידוע</ManufactureCountry>
      <ManufacturerItemDescription>מלח הארץ 50% מכמות ה</ManufacturerItemDescription>
      <UnitQty>לא ידוע</UnitQty>
      <Quantity>250.00</Quantity>
      <UnitOfMeasure>100 גרם</UnitOfMeasure>
      <bIsWeighted>0</bIsWeighted>
      <QtyInPackage>לא ידוע</QtyInPackage>
      <ItemPrice>12.90</ItemPrice>
      <UnitOfMeasurePrice>0.0516</UnitOfMeasurePrice>
      <AllowDiscount>1</AllowDiscount>
      <ItemStatus>1</ItemStatus>
      <ItemId>86946</ItemId>
    </Item>
    <Item>
      <PriceUpdateDate>2025-01-08 19:00:21</PriceUpdateDate>
      <ItemCode>7290001216057</ItemCode>
      <ItemType>1</ItemType>
      <ItemName>טחינה אל ארז בצנצנת</ItemName>
      <ManufacturerName>לא ידוע</ManufacturerName>
      <ManufactureCountry>לא ידוע</ManufactureCountry>
      <ManufacturerItemDescription>טחינה אל ארז בצנצנת</ManufacturerItemDescription>
      <UnitQty>יחידה   </UnitQty>
      <Quantity>0.00</Quantity>
      <UnitOfMeasure>יחידה   </UnitOfMeasure>
      <bIsWeighted>0</bIsWeighted>
      <QtyInPackage>לא ידוע</QtyInPackage>
      <ItemPrice>35.90</ItemPrice>
      <UnitOfMeasurePrice>0.0000</UnitOfMeasurePrice>
      <AllowDiscount>1</AllowDiscount>
      <ItemStatus>1</ItemStatus>
      <ItemId>175955</ItemId>
    </Item>
    <Item>
      <PriceUpdateDate>2025-01-08 19:00:50</PriceUpdateDate>
      <ItemCode>7290100700365</ItemCode>
      <ItemType>1</ItemType>
      <ItemName>שעועית אדומה סוגת 1ק</ItemName>
      <ManufacturerName>לא ידוע</ManufacturerName>
      <ManufactureCountry>לא ידוע</ManufactureCountry>
      <ManufacturerItemDescription>שעועית אדומה סוגת 1ק</ManufacturerItemDescription>
      <UnitQty>לא ידוע</UnitQty>
      <Quantity>1000.00</Quantity>
      <UnitOfMeasure>100 גרם</UnitOfMeasure>
      <bIsWeighted>0</bIsWeighted>
      <QtyInPackage>לא ידוע</QtyInPackage>
      <ItemPrice>22.90</ItemPrice>
      <UnitOfMeasurePrice>0.0229</UnitOfMeasurePrice>
      <AllowDiscount>1</AllowDiscount>
      <ItemStatus>1</ItemStatus>
      <ItemId>87869</ItemId>
    </Item>
    <Item>
      <PriceUpdateDate>2025-01-13 11:35:16</PriceUpdateDate>
      <ItemCode>3574661500355</ItemCode>
      <ItemType>1</ItemType>
      <ItemName>קרפרי תחתוניות לונג</ItemName>
      <ManufacturerName>לא ידוע</ManufacturerName>
      <ManufactureCountry>לא ידוע</ManufactureCountry>
      <ManufacturerItemDescription>קרפרי תחתוניות לונג</ManufacturerItemDescription>
      <UnitQty>יחידה   </UnitQty>
      <Quantity>0.00</Quantity>
      <UnitOfMeasure>יחידה   </UnitOfMeasure>
      <bIsWeighted>0</bIsWeighted>
      <QtyInPackage>לא ידוע</QtyInPackage>
      <ItemPrice>16.90</ItemPrice>
      <UnitOfMeasurePrice>0.0000</UnitOfMeasurePrice>
      <AllowDiscount>1</AllowDiscount>
      <ItemStatus>1</ItemStatus>
      <ItemId>133861</ItemId>
    </Item>
    <Item>
      <PriceUpdateDate>2025-01-13 11:35:20</PriceUpdateDate>
      <ItemCode>4009300526438</ItemCode>
      <ItemType>1</ItemType>
      <ItemName>פומפדור תה ירוק קלאס</ItemName>
      <ManufacturerName>לא ידוע</ManufacturerName>
      <ManufactureCountry>לא ידוע</ManufactureCountry>
      <ManufacturerItemDescription>פומפדור תה ירוק קלאס</ManufacturerItemDescription>
      <UnitQty>יחידה   </UnitQty>
      <Quantity>0.00</Quantity>
      <UnitOfMeasure>יחידה   </UnitOfMeasure>
      <bIsWeighted>0</bIsWeighted>
      <QtyInPackage>לא ידוע</QtyInPackage>
      <ItemPrice>18.90</ItemPrice>
      <UnitOfMeasurePrice>0.0000</UnitOfMeasurePrice>
      <AllowDiscount>1</AllowDiscount>
      <ItemStatus>1</ItemStatus>
      <ItemId>99486</ItemId>
    </Item>
    <Item>
      <PriceUpdateDate>2025-01-13 11:35:37</PriceUpdateDate>
      <ItemCode>7290002730262</ItemCode>
      <ItemType>1</ItemType>
      <ItemName>פלמוליב נוזל לכלים ק</ItemName>
      <ManufacturerName>קריות זול</ManufacturerName>
      <ManufactureCountry>לא ידוע</ManufactureCountry>
      <ManufacturerItemDescription>פלמוליב נוזל לכלים ק</ManufacturerItemDescription>
      <UnitQty>לא ידוע</UnitQty>
      <Quantity>750.00</Quantity>
      <UnitOfMeasure>לא ידוע</UnitOfMeasure>
      <bIsWeighted>0</bIsWeighted>
      <QtyInPackage>לא ידוע</QtyInPackage>
      <ItemPrice>14.90</ItemPrice>
      <UnitOfMeasurePrice>0.0199</UnitOfMeasurePrice>
      <AllowDiscount>1</AllowDiscount>
      <ItemStatus>1</ItemStatus>
      <ItemId>84610</ItemId>
    </Item>
    <Item>
      <PriceUpdateDate>2025-01-19 10:33:26</PriceUpdateDate>
      <ItemCode>8006540689059</ItemCode>
      <ItemType>1</ItemType>
      <ItemName>אולוויז מגני תחתון נ</ItemName>
      <ManufacturerName>לא ידוע</ManufacturerName>
      <ManufactureCountry>לא ידוע</ManufactureCountry>
      <ManufacturerItemDescription>אולוויז מגני תחתון נ</ManufacturerItemDescription>
      <UnitQty>יחידה   </UnitQty>
      <Quantity>0.00</Quantity>
      <UnitOfMeasure>יחידה   </UnitOfMeasure>
      <bIsWeighted>0</bIsWeighted>
      <QtyInPackage>לא ידוע</QtyInPackage>
      <ItemPrice>19.90</ItemPrice>
      <UnitOfMeasurePrice>0.0000</UnitOfMeasurePrice>
      <AllowDiscount>1</AllowDiscount>
      <ItemStatus>1</ItemStatus>
      <ItemId>182660</ItemId>
    </Item>
    <Item>
      <PriceUpdateDate>2025-01-21 09:20:31</PriceUpdateDate>
      <ItemCode>7290013128577</ItemCode>
      <ItemType>1</ItemType>
      <ItemName>תמר מג'הול 1קג</ItemName>
      <ManufacturerName>פריטי המותג של יאיר</ManufacturerName>
      <ManufactureCountry>לא ידוע</ManufactureCountry>
      <ManufacturerItemDescription>תמר מג'הול 1קג</ManufacturerItemDescription>
      <UnitQty>לא ידוע</UnitQty>
      <Quantity>1000.00</Quantity>
      <UnitOfMeasure>100 גרם</UnitOfMeasure>
      <bIsWeighted>0</bIsWeighted>
      <QtyInPackage>לא ידוע</QtyInPackage>
      <ItemPrice>24.90</ItemPrice>
      <UnitOfMeasurePrice>0.0249</UnitOfMeasurePrice>
      <AllowDiscount>1</AllowDiscount>
      <ItemStatus>1</ItemStatus>
      <ItemId>184145</ItemId>
    </Item>
    <Item>
      <PriceUpdateDate>2025-01-21 10:20:16</PriceUpdateDate>
      <ItemCode>7290118342526</ItemCode>
      <ItemType>1</ItemType>
      <ItemName>שלישיית ביצי שוקולד(</ItemName>
      <ManufacturerName>לא ידוע</ManufacturerName>
      <ManufactureCountry>לא ידוע</ManufactureCountry>
      <ManufacturerItemDescription>שלישיית ביצי שוקולד(</ManufacturerItemDescription>
      <UnitQty>יחידה   </UnitQty>
      <Quantity>0.00</Quantity>
      <UnitOfMeasure>יחידה   </UnitOfMeasure>
      <bIsWeighted>0</bIsWeighted>
      <QtyInPackage>לא ידוע</QtyInPackage>
      <ItemPrice>14.90</ItemPrice>
      <UnitOfMeasurePrice>0.0000</UnitOfMeasurePrice>
      <AllowDiscount>1</AllowDiscount>
      <ItemStatus>1</ItemStatus>
      <ItemId>184146</ItemId>
    </Item>
    <Item>
      <PriceUpdateDate>2025-01-22 10:20:39</PriceUpdateDate>
      <ItemCode>7290019841159</ItemCode>
      <ItemType>1</ItemType>
      <ItemName>מרכך כביסה לבן בייבי</ItemName>
      <ManufacturerName>לא ידוע</ManufacturerName>
      <ManufactureCountry>לא ידוע</ManufactureCountry>
      <ManufacturerItemDescription>מרכך כביסה לבן בייבי</ManufacturerItemDescription>
      <UnitQty>לא ידוע</UnitQty>
      <Quantity>0.00</Quantity>
      <UnitOfMeasure>לא ידוע</UnitOfMeasure>
      <bIsWeighted>0</bIsWeighted>
      <QtyInPackage>לא ידוע</QtyInPackage>
      <ItemPrice>14.90</ItemPrice>
      <UnitOfMeasurePrice>0.0000</UnitOfMeasurePrice>
      <AllowDiscount>1</AllowDiscount>
      <ItemStatus>1</ItemStatus>
      <ItemId>184183</ItemId>
    </Item>
    <Item>
      <PriceUpdateDate>2025-01-22 10:20:39</PriceUpdateDate>
      <ItemCode>7290019841180</ItemCode>
      <ItemType>1</ItemType>
      <ItemName>מבשם כביסה ספא מפנק</ItemName>
      <ManufacturerName>לא ידוע</ManufacturerName>
      <ManufactureCountry>לא ידוע</ManufactureCountry>
      <ManufacturerItemDescription>מבשם כביסה ספא מפנק</ManufacturerItemDescription>
      <UnitQty>לא ידוע</UnitQty>
      <Quantity>0.00</Quantity>
      <UnitOfMeasure>לא ידוע</UnitOfMeasure>
      <bIsWeighted>0</bIsWeighted>
      <QtyInPackage>לא ידוע</QtyInPackage>
      <ItemPrice>14.90</ItemPrice>
      <UnitOfMeasurePrice>0.0000</UnitOfMeasurePrice>
      <AllowDiscount>1</AllowDiscount>
      <ItemStatus>1</ItemStatus>
      <ItemId>184185</ItemId>
    </Item>
    <Item>
      <PriceUpdateDate>2025-01-26 13:15:27</PriceUpdateDate>
      <ItemCode>3574669908665</ItemCode>
      <ItemType>1</ItemType>
      <ItemName>גונסונס אלסבון לפני</ItemName>
      <ManufacturerName>לא ידוע</ManufacturerName>
      <ManufactureCountry>לא ידוע</ManufactureCountry>
      <ManufacturerItemDescription>גונסונס אלסבון לפני</ManufacturerItemDescription>
      <UnitQty>לא ידוע</UnitQty>
      <Quantity>750.00</Quantity>
      <UnitOfMeasure>לא ידוע</UnitOfMeasure>
      <bIsWeighted>0</bIsWeighted>
      <QtyInPackage>לא ידוע</QtyInPackage>
      <ItemPrice>21.90</ItemPrice>
      <UnitOfMeasurePrice>0.0292</UnitOfMeasurePrice>
      <AllowDiscount>1</AllowDiscount>
      <ItemStatus>1</ItemStatus>
      <ItemId>126890</ItemId>
    </Item>
    <Item>
      <PriceUpdateDate>2025-01-28 10:39:49</PriceUpdateDate>
      <ItemCode>5902198160403</ItemCode>
      <ItemType>1</ItemType>
      <ItemName>אקסל משקה אנרגיה טן</ItemName>
      <ManufacturerName>לא ידוע</ManufacturerName>
      <ManufactureCountry>לא ידוע</ManufactureCountry>
      <ManufacturerItemDescription>אקסל משקה אנרגיה טן</ManufacturerItemDescription>
      <UnitQty>לא ידוע</UnitQty>
      <Quantity>250.00</Quantity>
      <UnitOfMeasure>לא ידוע</UnitOfMeasure>
      <bIsWeighted>0</bIsWeighted>
      <QtyInPackage>לא ידוע</QtyInPackage>
      <ItemPrice>4.90</ItemPrice>
      <UnitOfMeasurePrice>0.0196</UnitOfMeasurePrice>
      <AllowDiscount>1</AllowDiscount>
      <ItemStatus>1</ItemStatus>
      <ItemId>119588</ItemId>
    </Item>
    <Item>
      <PriceUpdateDate>2025-01-28 10:39:54</PriceUpdateDate>
      <ItemCode>7290000289069</ItemCode>
      <ItemType>1</ItemType>
      <ItemName>סנו ז'אוול מרסס לימו</ItemName>
      <ManufacturerName>קריות זול</ManufacturerName>
      <ManufactureCountry>לא ידוע</ManufactureCountry>
      <ManufacturerItemDescription>סנו ז'אוול מרסס לימו</ManufacturerItemDescription>
      <UnitQty>לא ידוע</UnitQty>
      <Quantity>1000.00</Quantity>
      <UnitOfMeasure>לא ידוע</UnitOfMeasure>
      <bIsWeighted>0</bIsWeighted>
      <QtyInPackage>לא ידוע</QtyInPackage>
      <ItemPrice>18.90</ItemPrice>
      <UnitOfMeasurePrice>0.0189</UnitOfMeasurePrice>
      <AllowDiscount>1</AllowDiscount>
      <ItemStatus>1</ItemStatus>
      <ItemId>81582</ItemId>
    </Item>
    <Item>
      <PriceUpdateDate>2025-01-28 10:39:55</PriceUpdateDate>
      <ItemCode>7290001136294</ItemCode>
      <ItemType>1</ItemType>
      <ItemName>נקה 7 שמפו לשיער יבש</ItemName>
      <ManufacturerName>לא ידוע</ManufacturerName>
      <ManufactureCountry>לא ידוע</ManufactureCountry>
      <ManufacturerItemDescription>נקה 7 שמפו לשיער יבש</ManufacturerItemDescription>
      <UnitQty>לא ידוע</UnitQty>
      <Quantity>750.00</Quantity>
      <UnitOfMeasure>לא ידוע</UnitOfMeasure>
      <bIsWeighted>0</bIsWeighted>
      <QtyInPackage>לא ידוע</QtyInPackage>
      <ItemPrice>12.90</ItemPrice>
      <UnitOfMeasurePrice>0.0172</UnitOfMeasurePrice>
      <AllowDiscount>1</AllowDiscount>
      <ItemStatus>1</ItemStatus>
      <ItemId>93977</ItemId>
    </Item>
    <Item>
      <PriceUpdateDate>2025-01-28 10:40:39</PriceUpdateDate>
      <ItemCode>7290104960239</ItemCode>
      <ItemType>1</ItemType>
      <ItemName>נקה 7 תחליב רחצה ארו</ItemName>
      <ManufacturerName>לא ידוע</ManufacturerName>
      <ManufactureCountry>לא ידוע</ManufactureCountry>
      <ManufacturerItemDescription>נקה 7 תחליב רחצה ארו</ManufacturerItemDescription>
      <UnitQty>לא ידוע</UnitQty>
      <Quantity>750.00</Quantity>
      <UnitOfMeasure>לא ידוע</UnitOfMeasure>
      <bIsWeighted>0</bIsWeighted>
      <QtyInPackage>לא ידוע</QtyInPackage>
      <ItemPrice>12.90</ItemPrice>
      <UnitOfMeasurePrice>0.0172</UnitOfMeasurePrice>
      <AllowDiscount>1</AllowDiscount>
      <ItemStatus>1</ItemStatus>
      <ItemId>94134</ItemId>
    </Item>
    <Item>
      <PriceUpdateDate>2025-01-28 10:40:47</PriceUpdateDate>
      <ItemCode>7290108354591</ItemCode>
      <ItemType>1</ItemType>
      <ItemName>נקה 7 תחליב רחצה ביו</ItemName>
      <ManufacturerName>לא ידוע</ManufacturerName>
      <ManufactureCountry>לא ידוע</ManufactureCountry>
      <ManufacturerItemDescription>נקה 7 תחליב רחצה ביו</ManufacturerItemDescription>
      <UnitQty>לא ידוע</UnitQty>
      <Quantity>750.00</Quantity>
      <UnitOfMeasure>לא ידוע</UnitOfMeasure>
      <bIsWeighted>0</bIsWeighted>
      <QtyInPackage>לא ידוע</QtyInPackage>
      <ItemPrice>12.90</ItemPrice>
      <UnitOfMeasurePrice>0.0172</UnitOfMeasurePrice>
      <AllowDiscount>1</AllowDiscount>
      <ItemStatus>1</ItemStatus>
      <ItemId>171667</ItemId>
    </Item>
    <Item>
      <PriceUpdateDate>2025-01-28 10:41:27</PriceUpdateDate>
      <ItemCode>7290011378233</ItemCode>
      <ItemType>1</ItemType>
      <ItemName>בארכה חטיף חלבה וניל</ItemName>
      <ManufacturerName>לא ידוע</ManufacturerName>
      <ManufactureCountry>לא ידוע</ManufactureCountry>
      <ManufacturerItemDescription>בארכה חטיף חלבה וניל</ManufacturerItemDescription>
      <UnitQty>לא ידוע</UnitQty>
      <Quantity>126.00</Quantity>
      <UnitOfMeasure>100 גרם</UnitOfMeasure>
      <bIsWeighted>0</bIsWeighted>
      <QtyInPackage>לא ידוע</QtyInPackage>
      <ItemPrice>14.90</ItemPrice>
      <UnitOfMeasurePrice>0.1183</UnitOfMeasurePrice>
      <AllowDiscount>1</AllowDiscount>
      <ItemStatus>1</ItemStatus>
      <ItemId>96292</ItemId>
    </Item>
    <Item>
      <PriceUpdateDate>2025-01-28 10:41:51</PriceUpdateDate>
      <ItemCode>7290108357714</ItemCode>
      <ItemType>1</ItemType>
      <ItemName>כיף שמפו לשיער יבש ר</ItemName>
      <ManufacturerName>לא ידוע</ManufacturerName>
      <ManufactureCountry>לא ידוע</ManufactureCountry>
      <ManufacturerItemDescription>כיף שמפו לשיער יבש ר</ManufacturerItemDescription>
      <UnitQty>לא ידוע</UnitQty>
      <Quantity>700.00</Quantity>
      <UnitOfMeasure>לא ידוע</UnitOfMeasure>
      <bIsWeighted>0</bIsWeighted>
      <QtyInPackage>לא ידוע</QtyInPackage>
      <ItemPrice>12.90</ItemPrice>
      <UnitOfMeasurePrice>0.0184</UnitOfMeasurePrice>
      <AllowDiscount>1</AllowDiscount>
      <ItemStatus>1</ItemStatus>
      <ItemId>126250</ItemId>
    </Item>
    <Item>
      <PriceUpdateDate>2025-01-28 10:42:39</PriceUpdateDate>
      <ItemCode>7290117860199</ItemCode>
      <ItemType>1</ItemType>
      <ItemName>הוואי שמפו מעניק לחו</ItemName>
      <ManufacturerName>קריות זול</ManufacturerName>
      <ManufactureCountry>לא ידוע</ManufactureCountry>
      <ManufacturerItemDescription>הוואי שמפו מעניק לחו</ManufacturerItemDescription>
      <UnitQty>לא ידוע</UnitQty>
      <Quantity>700.00</Quantity>
      <UnitOfMeasure>לא ידוע</UnitOfMeasure>
      <bIsWeighted>0</bIsWeighted>
      <QtyInPackage>לא ידוע</QtyInPackage>
      <ItemPrice>14.90</ItemPrice>
      <UnitOfMeasurePrice>0.0213</UnitOfMeasurePrice>
      <AllowDiscount>1</AllowDiscount>
      <ItemStatus>1</ItemStatus>
      <ItemId>172926</ItemId>
    </Item>
    <Item>
      <PriceUpdateDate>2025-01-28 10:42:40</PriceUpdateDate>
      <ItemCode>7290117860298</ItemCode>
      <ItemType>1</ItemType>
      <ItemName>הוואי שמפו קרטין מחז</ItemName>
      <ManufacturerName>לא ידוע</ManufacturerName>
      <ManufactureCountry>לא ידוע</ManufactureCountry>
      <ManufacturerItemDescription>הוואי שמפו קרטין מחז</ManufacturerItemDescription>
      <UnitQty>לא ידוע</UnitQty>
      <Quantity>700.00</Quantity>
      <UnitOfMeasure>לא ידוע</UnitOfMeasure>
      <bIsWeighted>0</bIsWeighted>
      <QtyInPackage>לא ידוע</QtyInPackage>
      <ItemPrice>14.90</ItemPrice>
      <UnitOfMeasurePrice>0.0213</UnitOfMeasurePrice>
      <AllowDiscount>1</AllowDiscount>
      <ItemStatus>1</ItemStatus>
      <ItemId>172930</ItemId>
    </Item>
    <Item>
      <PriceUpdateDate>2025-01-28 10:42:40</PriceUpdateDate>
      <ItemCode>7290117860243</ItemCode>
      <ItemType>1</ItemType>
      <ItemName>הוואי מרכך מעניק לחו</ItemName>
      <ManufacturerName>קריות זול</ManufacturerName>
      <ManufactureCountry>לא ידוע</ManufactureCountry>
      <ManufacturerItemDescription>הוואי מרכך מעניק לחו</ManufacturerItemDescription>
      <UnitQty>לא ידוע</UnitQty>
      <Quantity>700.00</Quantity>
      <UnitOfMeasure>לא ידוע</UnitOfMeasure>
      <bIsWeighted>0</bIsWeighted>
      <QtyInPackage>לא ידוע</QtyInPackage>
      <ItemPrice>14.90</ItemPrice>
      <UnitOfMeasurePrice>0.0213</UnitOfMeasurePrice>
      <AllowDiscount>1</AllowDiscount>
      <ItemStatus>1</ItemStatus>
      <ItemId>172936</ItemId>
    </Item>
    <Item>
      <PriceUpdateDate>2025-02-06 12:57:12</PriceUpdateDate>
      <ItemCode>7290000345208</ItemCode>
      <ItemType>1</ItemType>
      <ItemName>תה ויסוצקי קלאסיק 25</ItemName>
      <ManufacturerName>קריות זול</ManufacturerName>
      <ManufactureCountry>לא ידוע</ManufactureCountry>
      <ManufacturerItemDescription>תה ויסוצקי קלאסיק 25</ManufacturerItemDescription>
      <UnitQty>לא ידוע</UnitQty>
      <Quantity>25.00</Quantity>
      <UnitOfMeasure>לא ידוע</UnitOfMeasure>
      <bIsWeighted>0</bIsWeighted>
      <QtyInPackage>לא ידוע</QtyInPackage>
      <ItemPrice>8.90</ItemPrice>
      <UnitOfMeasurePrice>0.3560</UnitOfMeasurePrice>
      <AllowDiscount>1</AllowDiscount>
      <ItemStatus>1</ItemStatus>
      <ItemId>86911</ItemId>
    </Item>
    <Item>
      <PriceUpdateDate>2025-02-07 09:25:34</PriceUpdateDate>
      <ItemCode>7290016087192</ItemCode>
      <ItemType>1</ItemType>
      <ItemName>עגבניות מרוסקות מרוכ</ItemName>
      <ManufacturerName>לא ידוע</ManufacturerName>
      <ManufactureCountry>לא ידוע</ManufactureCountry>
      <ManufacturerItemDescription>עגבניות מרוסקות מרוכ</ManufacturerItemDescription>
      <UnitQty>לא ידוע</UnitQty>
      <Quantity>230.00</Quantity>
      <UnitOfMeasure>100 גרם</UnitOfMeasure>
      <bIsWeighted>0</bIsWeighted>
      <QtyInPackage>לא ידוע</QtyInPackage>
      <ItemPrice>6.90</ItemPrice>
      <UnitOfMeasurePrice>0.0300</UnitOfMeasurePrice>
      <AllowDiscount>1</AllowDiscount>
      <ItemStatus>1</ItemStatus>
      <ItemId>125443</ItemId>
    </Item>
    <Item>
      <PriceUpdateDate>2025-02-07 09:25:39</PriceUpdateDate>
      <ItemCode>7290002317166</ItemCode>
      <ItemType>1</ItemType>
      <ItemName>מלפפון בחומץ 10-12 5</ItemName>
      <ManufacturerName>לא ידוע</ManufacturerName>
      <ManufactureCountry>לא ידוע</ManufactureCountry>
      <ManufacturerItemDescription>מלפפון בחומץ 10-12 5</ManufacturerItemDescription>
      <UnitQty>לא ידוע</UnitQty>
      <Quantity>560.00</Quantity>
      <UnitOfMeasure>100 גרם</UnitOfMeasure>
      <bIsWeighted>0</bIsWeighted>
      <QtyInPackage>לא ידוע</QtyInPackage>
      <ItemPrice>12.90</ItemPrice>
      <UnitOfMeasurePrice>0.0230</UnitOfMeasurePrice>
      <AllowDiscount>1</AllowDiscount>
      <ItemStatus>1</ItemStatus>
      <ItemId>164510</ItemId>
    </Item>
    <Item>
      <PriceUpdateDate>2025-02-07 09:25:39</PriceUpdateDate>
      <ItemCode>7290002317265</ItemCode>
      <ItemType>1</ItemType>
      <ItemName>מוטולה מלפפון 7-9</ItemName>
      <ManufacturerName>לא ידוע</ManufacturerName>
      <ManufactureCountry>לא ידוע</ManufactureCountry>
      <ManufacturerItemDescription>מוטולה מלפפון 7-9</ManufacturerItemDescription>
      <UnitQty>לא ידוע</UnitQty>
      <Quantity>560.00</Quantity>
      <UnitOfMeasure>100 גרם</UnitOfMeasure>
      <bIsWeighted>0</bIsWeighted>
      <QtyInPackage>לא ידוע</QtyInPackage>
      <ItemPrice>9.90</ItemPrice>
      <UnitOfMeasurePrice>0.0177</UnitOfMeasurePrice>
      <AllowDiscount>1</AllowDiscount>
      <ItemStatus>1</ItemStatus>
      <ItemId>164517</ItemId>
    </Item>
    <Item>
      <PriceUpdateDate>2025-02-07 09:25:40</PriceUpdateDate>
      <ItemCode>7290002317579</ItemCode>
      <ItemType>1</ItemType>
      <ItemName>טבעות זיתים מוטולה</ItemName>
      <ManufacturerName>לא ידוע</ManufacturerName>
      <ManufactureCountry>לא ידוע</ManufactureCountry>
      <ManufacturerItemDescription>טבעות זיתים מוטולה</ManufacturerItemDescription>
      <UnitQty>לא ידוע</UnitQty>
      <Quantity>560.00</Quantity>
      <UnitOfMeasure>100 גרם</UnitOfMeasure>
      <bIsWeighted>0</bIsWeighted>
      <QtyInPackage>לא ידוע</QtyInPackage>
      <ItemPrice>14.90</ItemPrice>
      <UnitOfMeasurePrice>0.0266</UnitOfMeasurePrice>
      <AllowDiscount>1</AllowDiscount>
      <ItemStatus>1</ItemStatus>
      <ItemId>164534</ItemId>
    </Item>
    <Item>
      <PriceUpdateDate>2025-02-10 13:59:16</PriceUpdateDate>
      <ItemCode>7290019056171</ItemCode>
      <ItemType>1</ItemType>
      <ItemName>שוופס סודה לימון מאר</ItemName>
      <ManufacturerName>קריות זול</ManufacturerName>
      <ManufactureCountry>לא ידוע</ManufactureCountry>
      <ManufacturerItemDescription>שוופס סודה לימון מאר</ManufacturerItemDescription>
      <UnitQty>לא ידוע</UnitQty>
      <Quantity>6000.00</Quantity>
      <UnitOfMeasure>לא ידוע</UnitOfMeasure>
      <bIsWeighted>0</bIsWeighted>
      <QtyInPackage>לא ידוע</QtyInPackage>
      <ItemPrice>15.50</ItemPrice>
      <UnitOfMeasurePrice>0.0026</UnitOfMeasurePrice>
      <AllowDiscount>1</AllowDiscount>
      <ItemStatus>1</ItemStatus>
      <ItemId>159435</ItemId>
    </Item>
    <Item>
      <PriceUpdateDate>2025-02-17 11:41:16</PriceUpdateDate>
      <ItemCode>7290011498917</ItemCode>
      <ItemType>1</ItemType>
      <ItemName>מארז חטיפי תמר במילו</ItemName>
      <ManufacturerName>לא ידוע</ManufacturerName>
      <ManufactureCountry>לא ידוע</ManufactureCountry>
      <ManufacturerItemDescription>מארז חטיפי תמר במילו</ManufacturerItemDescription>
      <UnitQty>לא ידוע</UnitQty>
      <Quantity>150.00</Quantity>
      <UnitOfMeasure>100 גרם</UnitOfMeasure>
      <bIsWeighted>0</bIsWeighted>
      <QtyInPackage>לא ידוע</QtyInPackage>
      <ItemPrice>20.90</ItemPrice>
      <UnitOfMeasurePrice>0.1393</UnitOfMeasurePrice>
      <AllowDiscount>1</AllowDiscount>
      <ItemStatus>1</ItemStatus>
      <ItemId>181621</ItemId>
    </Item>
    <Item>
      <PriceUpdateDate>2025-02-17 13:19:45</PriceUpdateDate>
      <ItemCode>7290113192553</ItemCode>
      <ItemType>1</ItemType>
      <ItemName>מלפפון במלח בלדי 13-</ItemName>
      <ManufacturerName>לא ידוע</ManufacturerName>
      <ManufactureCountry>לא ידוע</ManufactureCountry>
      <ManufacturerItemDescription>מלפפון במלח בלדי 13-</ManufacturerItemDescription>
      <UnitQty>לא ידוע</UnitQty>
      <Quantity>320.00</Quantity>
      <UnitOfMeasure>100 גרם</UnitOfMeasure>
      <bIsWeighted>0</bIsWeighted>
      <QtyInPackage>לא ידוע</QtyInPackage>
      <ItemPrice>13.90</ItemPrice>
      <UnitOfMeasurePrice>0.0434</UnitOfMeasurePrice>
      <AllowDiscount>1</AllowDiscount>
      <ItemStatus>1</ItemStatus>
      <ItemId>147003</ItemId>
    </Item>
    <Item>
      <PriceUpdateDate>2025-02-18 14:47:26</PriceUpdateDate>
      <ItemCode>7290004225285</ItemCode>
      <ItemType>1</ItemType>
      <ItemName>גבינה בסגנון דנאבלו</ItemName>
      <ManufacturerName>לא ידוע</ManufacturerName>
      <ManufactureCountry>לא ידוע</ManufactureCountry>
      <ManufacturerItemDescription>גבינה בסגנון דנאבלו</ManufacturerItemDescription>
      <UnitQty>לא ידוע</UnitQty>
      <Quantity>100.00</Quantity>
      <UnitOfMeasure>100 גרם</UnitOfMeasure>
      <bIsWeighted>0</bIsWeighted>
      <QtyInPackage>לא ידוע</QtyInPackage>
      <ItemPrice>13.90</ItemPrice>
      <UnitOfMeasurePrice>0.1390</UnitOfMeasurePrice>
      <AllowDiscount>1</AllowDiscount>
      <ItemStatus>1</ItemStatus>
      <ItemId>173900</ItemId>
    </Item>
    <Item>
      <PriceUpdateDate>2025-02-23 12:50:16</PriceUpdateDate>
      <ItemCode>7290019196471</ItemCode>
      <ItemType>1</ItemType>
      <ItemName>רביעיות פילטונה שמן</ItemName>
      <ManufacturerName>לא ידוע</ManufacturerName>
      <ManufactureCountry>לא ידוע</ManufactureCountry>
      <ManufacturerItemDescription>רביעיות פילטונה שמן</ManufacturerItemDescription>
      <UnitQty>לא ידוע</UnitQty>
      <Quantity>560.00</Quantity>
      <UnitOfMeasure>100 גרם</UnitOfMeasure>
      <bIsWeighted>0</bIsWeighted>
      <QtyInPackage>לא ידוע</QtyInPackage>
      <ItemPrice>22.90</ItemPrice>
      <UnitOfMeasurePrice>0.0409</UnitOfMeasurePrice>
      <AllowDiscount>1</AllowDiscount>
      <ItemStatus>1</ItemStatus>
      <ItemId>184656</ItemId>
    </Item>
    <Item>
      <PriceUpdateDate>2025-02-25 12:20:15</PriceUpdateDate>
      <ItemCode>7290004943677</ItemCode>
      <ItemType>1</ItemType>
      <ItemName>מילוטל צ'יפס קלאסי 1</ItemName>
      <ManufacturerName>לא ידוע</ManufacturerName>
      <ManufactureCountry>לא ידוע</ManufactureCountry>
      <ManufacturerItemDescription>מילוטל צ'יפס קלאסי 1</ManufacturerItemDescription>
      <UnitQty>לא ידוע</UnitQty>
      <Quantity>1500.00</Quantity>
      <UnitOfMeasure>100 גרם</UnitOfMeasure>
      <bIsWeighted>0</bIsWeighted>
      <QtyInPackage>לא ידוע</QtyInPackage>
      <ItemPrice>26.90</ItemPrice>
      <UnitOfMeasurePrice>0.0179</UnitOfMeasurePrice>
      <AllowDiscount>1</AllowDiscount>
      <ItemStatus>1</ItemStatus>
      <ItemId>184749</ItemId>
    </Item>
    <Item>
      <PriceUpdateDate>2025-02-26 17:50:15</PriceUpdateDate>
      <ItemCode>7290116934358</ItemCode>
      <ItemType>1</ItemType>
      <ItemName>פיראוס בולגרית מעודנ</ItemName>
      <ManufacturerName>לא ידוע</ManufacturerName>
      <ManufactureCountry>לא ידוע</ManufactureCountry>
      <ManufacturerItemDescription>פיראוס בולגרית מעודנ</ManufacturerItemDescription>
      <UnitQty>לא ידוע</UnitQty>
      <Quantity>250.00</Quantity>
      <UnitOfMeasure>100 גרם</UnitOfMeasure>
      <bIsWeighted>0</bIsWeighted>
      <QtyInPackage>לא ידוע</QtyInPackage>
      <ItemPrice>28.90</ItemPrice>
      <UnitOfMeasurePrice>0.1156</UnitOfMeasurePrice>
      <AllowDiscount>1</AllowDiscount>
      <ItemStatus>1</ItemStatus>
      <ItemId>184813</ItemId>
    </Item>
    <Item>
      <PriceUpdateDate>2025-03-02 12:50:56</PriceUpdateDate>
      <ItemCode>18176785508</ItemCode>
      <ItemType>1</ItemType>
      <ItemName>שוקולד טורינו חלב 10</ItemName>
      <ManufacturerName>לא ידוע</ManufacturerName>
      <ManufactureCountry>לא ידוע</ManufactureCountry>
      <ManufacturerItemDescription>שוקולד טורינו חלב 10</ManufacturerItemDescription>
      <UnitQty>לא ידוע</UnitQty>
      <Quantity>100.00</Quantity>
      <UnitOfMeasure>100 גרם</UnitOfMeasure>
      <bIsWeighted>0</bIsWeighted>
      <QtyInPackage>לא ידוע</QtyInPackage>
      <ItemPrice>19.90</ItemPrice>
      <UnitOfMeasurePrice>0.1990</UnitOfMeasurePrice>
      <AllowDiscount>1</AllowDiscount>
      <ItemStatus>1</ItemStatus>
      <ItemId>182061</ItemId>
    </Item>
    <Item>
      <PriceUpdateDate>2025-03-07 09:40:24</PriceUpdateDate>
      <ItemCode>7290000023816</ItemCode>
      <ItemType>1</ItemType>
      <ItemName>יין קלאסיק ברקן 750מ</ItemName>
      <ManufacturerName>לא ידוע</ManufacturerName>
      <ManufactureCountry>לא ידוע</ManufactureCountry>
      <ManufacturerItemDescription>יין קלאסיק ברקן 750מ</ManufacturerItemDescription>
      <UnitQty>לא ידוע</UnitQty>
      <Quantity>750.00</Quantity>
      <UnitOfMeasure>לא ידוע</UnitOfMeasure>
      <bIsWeighted>0</bIsWeighted>
      <QtyInPackage>לא ידוע</QtyInPackage>
      <ItemPrice>37.90</ItemPrice>
      <UnitOfMeasurePrice>0.0505</UnitOfMeasurePrice>
      <AllowDiscount>1</AllowDiscount>
      <ItemStatus>1</ItemStatus>
      <ItemId>78099</ItemId>
    </Item>
    <Item>
      <PriceUpdateDate>2025-03-07 09:40:47</PriceUpdateDate>
      <ItemCode>25675301207</ItemCode>
      <ItemType>1</ItemType>
      <ItemName>מקלות חמוצים תפוחי ע</ItemName>
      <ManufacturerName>לא ידוע</ManufacturerName>
      <ManufactureCountry>לא ידוע</ManufactureCountry>
      <ManufacturerItemDescription>מקלות חמוצים תפוחי ע</ManufacturerItemDescription>
      <UnitQty>לא ידוע</UnitQty>
      <Quantity>50.00</Quantity>
      <UnitOfMeasure>100 גרם</UnitOfMeasure>
      <bIsWeighted>0</bIsWeighted>
      <QtyInPackage>לא ידוע</QtyInPackage>
      <ItemPrice>9.90</ItemPrice>
      <UnitOfMeasurePrice>0.1980</UnitOfMeasurePrice>
      <AllowDiscount>1</AllowDiscount>
      <ItemStatus>1</ItemStatus>
      <ItemId>90721</ItemId>
    </Item>
    <Item>
      <PriceUpdateDate>2025-03-10 10:20:27</PriceUpdateDate>
      <ItemCode>7290018194928</ItemCode>
      <ItemType>1</ItemType>
      <ItemName>וודקה T כשרה לפסח 70</ItemName>
      <ManufacturerName>לא ידוע</ManufacturerName>
      <ManufactureCountry>לא ידוע</ManufactureCountry>
      <ManufacturerItemDescription>וודקה T כשרה לפסח 70</ManufacturerItemDescription>
      <UnitQty>לא ידוע</UnitQty>
      <Quantity>700.00</Quantity>
      <UnitOfMeasure>לא ידוע</UnitOfMeasure>
      <bIsWeighted>0</bIsWeighted>
      <QtyInPackage>לא ידוע</QtyInPackage>
      <ItemPrice>89.90</ItemPrice>
      <UnitOfMeasurePrice>0.1284</UnitOfMeasurePrice>
      <AllowDiscount>1</AllowDiscount>
      <ItemStatus>1</ItemStatus>
      <ItemId>185140</ItemId>
    </Item>
    <Item>
      <PriceUpdateDate>2025-03-13 10:20:28</PriceUpdateDate>
      <ItemCode>8006540888346</ItemCode>
      <ItemType>1</ItemType>
      <ItemName>לנור מרכך מרוכז בניח</ItemName>
      <ManufacturerName>לא ידוע</ManufacturerName>
      <ManufactureCountry>לא ידוע</ManufactureCountry>
      <ManufacturerItemDescription>לנור מרכך מרוכז בניח</ManufacturerItemDescription>
      <UnitQty>לא ידוע</UnitQty>
      <Quantity>798.00</Quantity>
      <UnitOfMeasure>לא ידוע</UnitOfMeasure>
      <bIsWeighted>0</bIsWeighted>
      <QtyInPackage>לא ידוע</QtyInPackage>
      <ItemPrice>16.90</ItemPrice>
      <UnitOfMeasurePrice>0.0212</UnitOfMeasurePrice>
      <AllowDiscount>1</AllowDiscount>
      <ItemStatus>1</ItemStatus>
      <ItemId>185193</ItemId>
    </Item>
    <Item>
      <PriceUpdateDate>2025-03-13 10:20:28</PriceUpdateDate>
      <ItemCode>8006540910399</ItemCode>
      <ItemType>1</ItemType>
      <ItemName>לנור מרכך מרוכז בניח</ItemName>
      <ManufacturerName>לא ידוע</ManufacturerName>
      <ManufactureCountry>לא ידוע</ManufactureCountry>
      <ManufacturerItemDescription>לנור מרכך מרוכז בניח</ManufacturerItemDescription>
      <UnitQty>לא ידוע</UnitQty>
      <Quantity>819.00</Quantity>
      <UnitOfMeasure>לא ידוע</UnitOfMeasure>
      <bIsWeighted>0</bIsWeighted>
      <QtyInPackage>לא ידוע</QtyInPackage>
      <ItemPrice>16.90</ItemPrice>
      <UnitOfMeasurePrice>0.0206</UnitOfMeasurePrice>
      <AllowDiscount>1</AllowDiscount>
      <ItemStatus>1</ItemStatus>
      <ItemId>185196</ItemId>
    </Item>
    <Item>
      <PriceUpdateDate>2025-03-22 09:37:45</PriceUpdateDate>
      <ItemCode>25675120020</ItemCode>
      <ItemType>1</ItemType>
      <ItemName>מקלות חמוציות 100 גר</ItemName>
      <ManufacturerName>לא ידוע</ManufacturerName>
      <ManufactureCountry>לא ידוע</ManufactureCountry>
      <ManufacturerItemDescription>מקלות חמוציות 100 גר</ManufacturerItemDescription>
      <UnitQty>לא ידוע</UnitQty>
      <Quantity>100.00</Quantity>
      <UnitOfMeasure>100 גרם</UnitOfMeasure>
      <bIsWeighted>0</bIsWeighted>
      <QtyInPackage>לא ידוע</QtyInPackage>
      <ItemPrice>12.90</ItemPrice>
      <UnitOfMeasurePrice>0.1290</UnitOfMeasurePrice>
      <AllowDiscount>1</AllowDiscount>
      <ItemStatus>1</ItemStatus>
      <ItemId>186455</ItemId>
    </Item>
    <Item>
      <PriceUpdateDate>2025-03-25 09:53:04</PriceUpdateDate>
      <ItemCode>7290010328710</ItemCode>
      <ItemType>1</ItemType>
      <ItemName>קצפיות במגש 180גר</ItemName>
      <ManufacturerName>לא ידוע</ManufacturerName>
      <ManufactureCountry>לא ידוע</ManufactureCountry>
      <ManufacturerItemDescription>קצפיות במגש 180גר</ManufacturerItemDescription>
      <UnitQty>לא ידוע</UnitQty>
      <Quantity>180.00</Quantity>
      <UnitOfMeasure>100 גרם</UnitOfMeasure>
      <bIsWeighted>0</bIsWeighted>
      <QtyInPackage>לא ידוע</QtyInPackage>
      <ItemPrice>12.50</ItemPrice>
      <UnitOfMeasurePrice>0.0694</UnitOfMeasurePrice>
      <AllowDiscount>1</AllowDiscount>
      <ItemStatus>1</ItemStatus>
      <ItemId>102477</ItemId>
    </Item>
    <Item>
      <PriceUpdateDate>2025-04-02 16:20:28</PriceUpdateDate>
      <ItemCode>7290004263041</ItemCode>
      <ItemType>1</ItemType>
      <ItemName>גולש עגל עטרה קפוא</ItemName>
      <ManufacturerName>לא ידוע</ManufacturerName>
      <ManufactureCountry>לא ידוע</ManufactureCountry>
      <ManufacturerItemDescription>גולש עגל עטרה קפוא</ManufacturerItemDescription>
      <UnitQty>קילוגרמים</UnitQty>
      <Quantity>1.00</Quantity>
      <UnitOfMeasure>ק"ג</UnitOfMeasure>
      <bIsWeighted>1</bIsWeighted>
      <QtyInPackage>לא ידוע</QtyInPackage>
      <ItemPrice>56.90</ItemPrice>
      <UnitOfMeasurePrice>56.9000</UnitOfMeasurePrice>
      <AllowDiscount>1</AllowDiscount>
      <ItemStatus>1</ItemStatus>
      <ItemId>156077</ItemId>
    </Item>
    <Item>
      <PriceUpdateDate>2025-04-07 10:20:27</PriceUpdateDate>
      <ItemCode>7290118428206</ItemCode>
      <ItemType>1</ItemType>
      <ItemName>ויטמינצ'יק שקוף אפרס</ItemName>
      <ManufacturerName>לא ידוע</ManufacturerName>
      <ManufactureCountry>לא ידוע</ManufactureCountry>
      <ManufacturerItemDescription>ויטמינצ'יק שקוף אפרס</ManufacturerItemDescription>
      <UnitQty>לא ידוע</UnitQty>
      <Quantity>1000.00</Quantity>
      <UnitOfMeasure>לא ידוע</UnitOfMeasure>
      <bIsWeighted>0</bIsWeighted>
      <QtyInPackage>לא ידוע</QtyInPackage>
      <ItemPrice>14.90</ItemPrice>
      <UnitOfMeasurePrice>0.0149</UnitOfMeasurePrice>
      <AllowDiscount>1</AllowDiscount>
      <ItemStatus>1</ItemStatus>
      <ItemId>187511</ItemId>
    </Item>
    <Item>
      <PriceUpdateDate>2025-04-14 08:33:26</PriceUpdateDate>
      <ItemCode>7290018790038</ItemCode>
      <ItemType>1</ItemType>
      <ItemName>בסקוויט תה תפוז 110</ItemName>
      <ManufacturerName>קריות זול</ManufacturerName>
      <ManufactureCountry>לא ידוע</ManufactureCountry>
      <ManufacturerItemDescription>בסקוויט תה תפוז 110</ManufacturerItemDescription>
      <UnitQty>לא ידוע</UnitQty>
      <Quantity>110.00</Quantity>
      <UnitOfMeasure>100 גרם</UnitOfMeasure>
      <bIsWeighted>0</bIsWeighted>
      <QtyInPackage>לא ידוע</QtyInPackage>
      <ItemPrice>4.50</ItemPrice>
      <UnitOfMeasurePrice>0.0409</UnitOfMeasurePrice>
      <AllowDiscount>1</AllowDiscount>
      <ItemStatus>1</ItemStatus>
      <ItemId>173066</ItemId>
    </Item>
    <Item>
      <PriceUpdateDate>2025-04-20 07:17:54</PriceUpdateDate>
      <ItemCode>7290002329602</ItemCode>
      <ItemType>1</ItemType>
      <ItemName>עוגה בחושה שוקולד עו</ItemName>
      <ManufacturerName>לא ידוע</ManufacturerName>
      <ManufactureCountry>לא ידוע</ManufactureCountry>
      <ManufacturerItemDescription>עוגה בחושה שוקולד עו</ManufacturerItemDescription>
      <UnitQty>לא ידוע</UnitQty>
      <Quantity>350.00</Quantity>
      <UnitOfMeasure>100 גרם</UnitOfMeasure>
      <bIsWeighted>0</bIsWeighted>
      <QtyInPackage>לא ידוע</QtyInPackage>
      <ItemPrice>9.90</ItemPrice>
      <UnitOfMeasurePrice>0.0283</UnitOfMeasurePrice>
      <AllowDiscount>1</AllowDiscount>
      <ItemStatus>1</ItemStatus>
      <ItemId>164875</ItemId>
    </Item>
    <Item>
      <PriceUpdateDate>2025-04-20 07:18:21</PriceUpdateDate>
      <ItemCode>7290006764485</ItemCode>
      <ItemType>1</ItemType>
      <ItemName>נשר מאלט בקבוק שישיי</ItemName>
      <ManufacturerName>קריות זול</ManufacturerName>
      <ManufactureCountry>לא ידוע</ManufactureCountry>
      <ManufacturerItemDescription>נשר מאלט בקבוק שישיי</ManufacturerItemDescription>
      <UnitQty>לא ידוע</UnitQty>
      <Quantity>1980.00</Quantity>
      <UnitOfMeasure>לא ידוע</UnitOfMeasure>
      <bIsWeighted>0</bIsWeighted>
      <QtyInPackage>לא ידוע</QtyInPackage>
      <ItemPrice>32.50</ItemPrice>
      <UnitOfMeasurePrice>0.0164</UnitOfMeasurePrice>
      <AllowDiscount>1</AllowDiscount>
      <ItemStatus>1</ItemStatus>
      <ItemId>127572</ItemId>
    </Item>
    <Item>
      <PriceUpdateDate>2025-04-20 07:18:28</PriceUpdateDate>
      <ItemCode>7290011133375</ItemCode>
      <ItemType>1</ItemType>
      <ItemName>שנדי אפרסק שישייה 6*</ItemName>
      <ManufacturerName>לא ידוע</ManufacturerName>
      <ManufactureCountry>לא ידוע</ManufactureCountry>
      <ManufacturerItemDescription>שנדי אפרסק שישייה 6*</ManufacturerItemDescription>
      <UnitQty>לא ידוע</UnitQty>
      <Quantity>1980.00</Quantity>
      <UnitOfMeasure>לא ידוע</UnitOfMeasure>
      <bIsWeighted>0</bIsWeighted>
      <QtyInPackage>לא ידוע</QtyInPackage>
      <ItemPrice>39.90</ItemPrice>
      <UnitOfMeasurePrice>0.0202</UnitOfMeasurePrice>
      <AllowDiscount>1</AllowDiscount>
      <ItemStatus>1</ItemStatus>
      <ItemId>164995</ItemId>
    </Item>
    <Item>
      <PriceUpdateDate>2025-04-20 07:18:43</PriceUpdateDate>
      <ItemCode>7290015374309</ItemCode>
      <ItemType>1</ItemType>
      <ItemName>פסטל במילוי תפו"א בד</ItemName>
      <ManufacturerName>לא ידוע</ManufacturerName>
      <ManufactureCountry>לא ידוע</ManufactureCountry>
      <ManufacturerItemDescription>פסטל במילוי תפו"א בד</ManufacturerItemDescription>
      <UnitQty>לא ידוע</UnitQty>
      <Quantity>400.00</Quantity>
      <UnitOfMeasure>100 גרם</UnitOfMeasure>
      <bIsWeighted>0</bIsWeighted>
      <QtyInPackage>לא ידוע</QtyInPackage>
      <ItemPrice>14.90</ItemPrice>
      <UnitOfMeasurePrice>0.0373</UnitOfMeasurePrice>
      <AllowDiscount>1</AllowDiscount>
      <ItemStatus>1</ItemStatus>
      <ItemId>165129</ItemId>
    </Item>
    <Item>
      <PriceUpdateDate>2025-04-20 07:18:43</PriceUpdateDate>
      <ItemCode>7290015374323</ItemCode>
      <ItemType>1</ItemType>
      <ItemName>קובה ביתי במילוי בשר</ItemName>
      <ManufacturerName>לא ידוע</ManufacturerName>
      <ManufactureCountry>לא ידוע</ManufactureCountry>
      <ManufacturerItemDescription>קובה ביתי במילוי בשר</ManufacturerItemDescription>
      <UnitQty>לא ידוע</UnitQty>
      <Quantity>400.00</Quantity>
      <UnitOfMeasure>100 גרם</UnitOfMeasure>
      <bIsWeighted>0</bIsWeighted>
      <QtyInPackage>לא ידוע</QtyInPackage>
      <ItemPrice>14.90</ItemPrice>
      <UnitOfMeasurePrice>0.0373</UnitOfMeasurePrice>
      <AllowDiscount>1</AllowDiscount>
      <ItemStatus>1</ItemStatus>
      <ItemId>165131</ItemId>
    </Item>
    <Item>
      <PriceUpdateDate>2025-04-20 07:20:51</PriceUpdateDate>
      <ItemCode>7290019587781</ItemCode>
      <ItemType>1</ItemType>
      <ItemName>פירורי לחם פנקו מוזה</ItemName>
      <ManufacturerName>לא ידוע</ManufacturerName>
      <ManufactureCountry>לא ידוע</ManufactureCountry>
      <ManufacturerItemDescription>פירורי לחם פנקו מוזה</ManufacturerItemDescription>
      <UnitQty>לא ידוע</UnitQty>
      <Quantity>300.00</Quantity>
      <UnitOfMeasure>100 גרם</UnitOfMeasure>
      <bIsWeighted>0</bIsWeighted>
      <QtyInPackage>לא ידוע</QtyInPackage>
      <ItemPrice>8.90</ItemPrice>
      <UnitOfMeasurePrice>0.0297</UnitOfMeasurePrice>
      <AllowDiscount>1</AllowDiscount>
      <ItemStatus>1</ItemStatus>
      <ItemId>184527</ItemId>
    </Item>
    <Item>
      <PriceUpdateDate>2025-04-20 07:20:56</PriceUpdateDate>
      <ItemCode>8437000906209</ItemCode>
      <ItemType>1</ItemType>
      <ItemName>עלי טורטיה 320ר</ItemName>
      <ManufacturerName>לא ידוע</ManufacturerName>
      <ManufactureCountry>לא ידוע</ManufactureCountry>
      <ManufacturerItemDescription>עלי טורטיה 320ר</ManufacturerItemDescription>
      <UnitQty>לא ידוע</UnitQty>
      <Quantity>325.00</Quantity>
      <UnitOfMeasure>100 גרם</UnitOfMeasure>
      <bIsWeighted>0</bIsWeighted>
      <QtyInPackage>לא ידוע</QtyInPackage>
      <ItemPrice>11.90</ItemPrice>
      <UnitOfMeasurePrice>0.0366</UnitOfMeasurePrice>
      <AllowDiscount>1</AllowDiscount>
      <ItemStatus>1</ItemStatus>
      <ItemId>165306</ItemId>
    </Item>
    <Item>
      <PriceUpdateDate>2025-04-20 07:21:02</PriceUpdateDate>
      <ItemCode>7290010259830</ItemCode>
      <ItemType>1</ItemType>
      <ItemName>נודלס סגנון סיני פיק</ItemName>
      <ManufacturerName>קריות זול</ManufacturerName>
      <ManufactureCountry>לא ידוע</ManufactureCountry>
      <ManufacturerItemDescription>נודלס סגנון סיני פיק</ManufacturerItemDescription>
      <UnitQty>לא ידוע</UnitQty>
      <Quantity>70.00</Quantity>
      <UnitOfMeasure>100 גרם</UnitOfMeasure>
      <bIsWeighted>0</bIsWeighted>
      <QtyInPackage>לא ידוע</QtyInPackage>
      <ItemPrice>6.90</ItemPrice>
      <UnitOfMeasurePrice>0.0986</UnitOfMeasurePrice>
      <AllowDiscount>1</AllowDiscount>
      <ItemStatus>1</ItemStatus>
      <ItemId>165958</ItemId>
    </Item>
    <Item>
      <PriceUpdateDate>2025-04-20 07:21:08</PriceUpdateDate>
      <ItemCode>7290108502251</ItemCode>
      <ItemType>1</ItemType>
      <ItemName>קרקרים בטעם טבעי 250</ItemName>
      <ManufacturerName>לא ידוע</ManufacturerName>
      <ManufactureCountry>לא ידוע</ManufactureCountry>
      <ManufacturerItemDescription>קרקרים בטעם טבעי 250</ManufacturerItemDescription>
      <UnitQty>לא ידוע</UnitQty>
      <Quantity>250.00</Quantity>
      <UnitOfMeasure>100 גרם</UnitOfMeasure>
      <bIsWeighted>0</bIsWeighted>
      <QtyInPackage>לא ידוע</QtyInPackage>
      <ItemPrice>9.90</ItemPrice>
      <UnitOfMeasurePrice>0.0396</UnitOfMeasurePrice>
      <AllowDiscount>1</AllowDiscount>
      <ItemStatus>1</ItemStatus>
      <ItemId>174197</ItemId>
    </Item>
    <Item>
      <PriceUpdateDate>2025-04-20 07:22:42</PriceUpdateDate>
      <ItemCode>8715700118925</ItemCode>
      <ItemType>1</ItemType>
      <ItemName>קטשופ היינץ חריף 460</ItemName>
      <ManufacturerName>לא ידוע</ManufacturerName>
      <ManufactureCountry>לא ידוע</ManufactureCountry>
      <ManufacturerItemDescription>קטשופ היינץ חריף 460</ManufacturerItemDescription>
      <UnitQty>לא ידוע</UnitQty>
      <Quantity>460.00</Quantity>
      <UnitOfMeasure>100 גרם</UnitOfMeasure>
      <bIsWeighted>0</bIsWeighted>
      <QtyInPackage>לא ידוע</QtyInPackage>
      <ItemPrice>12.90</ItemPrice>
      <UnitOfMeasurePrice>0.0280</UnitOfMeasurePrice>
      <AllowDiscount>1</AllowDiscount>
      <ItemStatus>1</ItemStatus>
      <ItemId>174340</ItemId>
    </Item>
    <Item>
      <PriceUpdateDate>2025-04-20 07:22:47</PriceUpdateDate>
      <ItemCode>7290000112503</ItemCode>
      <ItemType>1</ItemType>
      <ItemName>מרק עשיר ירקות קנור</ItemName>
      <ManufacturerName>קריות זול</ManufacturerName>
      <ManufactureCountry>לא ידוע</ManufactureCountry>
      <ManufacturerItemDescription>מרק עשיר ירקות קנור</ManufacturerItemDescription>
      <UnitQty>לא ידוע</UnitQty>
      <Quantity>61.00</Quantity>
      <UnitOfMeasure>100 גרם</UnitOfMeasure>
      <bIsWeighted>0</bIsWeighted>
      <QtyInPackage>לא ידוע</QtyInPackage>
      <ItemPrice>13.90</ItemPrice>
      <UnitOfMeasurePrice>0.2279</UnitOfMeasurePrice>
      <AllowDiscount>1</AllowDiscount>
      <ItemStatus>1</ItemStatus>
      <ItemId>166216</ItemId>
    </Item>
    <Item>
      <PriceUpdateDate>2025-04-20 07:23:11</PriceUpdateDate>
      <ItemCode>7290112490759</ItemCode>
      <ItemType>1</ItemType>
      <ItemName>מרק עשיר עוף איטריות</ItemName>
      <ManufacturerName>לא ידוע</ManufacturerName>
      <ManufactureCountry>לא ידוע</ManufactureCountry>
      <ManufacturerItemDescription>מרק עשיר עוף איטריות</ManufacturerItemDescription>
      <UnitQty>לא ידוע</UnitQty>
      <Quantity>74.00</Quantity>
      <UnitOfMeasure>100 גרם</UnitOfMeasure>
      <bIsWeighted>0</bIsWeighted>
      <QtyInPackage>לא ידוע</QtyInPackage>
      <ItemPrice>15.90</ItemPrice>
      <UnitOfMeasurePrice>0.2149</UnitOfMeasurePrice>
      <AllowDiscount>1</AllowDiscount>
      <ItemStatus>1</ItemStatus>
      <ItemId>166330</ItemId>
    </Item>
    <Item>
      <PriceUpdateDate>2025-04-20 07:24:10</PriceUpdateDate>
      <ItemCode>5601008200451</ItemCode>
      <ItemType>1</ItemType>
      <ItemName>עוגיות טבעת גודיס מצ</ItemName>
      <ManufacturerName>לא ידוע</ManufacturerName>
      <ManufactureCountry>לא ידוע</ManufactureCountry>
      <ManufacturerItemDescription>עוגיות טבעת גודיס מצ</ManufacturerItemDescription>
      <UnitQty>לא ידוע</UnitQty>
      <Quantity>150.00</Quantity>
      <UnitOfMeasure>100 גרם</UnitOfMeasure>
      <bIsWeighted>0</bIsWeighted>
      <QtyInPackage>לא ידוע</QtyInPackage>
      <ItemPrice>9.90</ItemPrice>
      <UnitOfMeasurePrice>0.0660</UnitOfMeasurePrice>
      <AllowDiscount>1</AllowDiscount>
      <ItemStatus>1</ItemStatus>
      <ItemId>166583</ItemId>
    </Item>
    <Item>
      <PriceUpdateDate>2025-04-20 07:24:55</PriceUpdateDate>
      <ItemCode>8076809501415</ItemCode>
      <ItemType>1</ItemType>
      <ItemName>פסטה פנה טריקולור מס</ItemName>
      <ManufacturerName>לא ידוע</ManufacturerName>
      <ManufactureCountry>לא ידוע</ManufactureCountry>
      <ManufacturerItemDescription>פסטה פנה טריקולור מס</ManufacturerItemDescription>
      <UnitQty>לא ידוע</UnitQty>
      <Quantity>500.00</Quantity>
      <UnitOfMeasure>100 גרם</UnitOfMeasure>
      <bIsWeighted>0</bIsWeighted>
      <QtyInPackage>לא ידוע</QtyInPackage>
      <ItemPrice>15.90</ItemPrice>
      <UnitOfMeasurePrice>0.0318</UnitOfMeasurePrice>
      <AllowDiscount>1</AllowDiscount>
      <ItemStatus>1</ItemStatus>
      <ItemId>166710</ItemId>
    </Item>
    <Item>
      <PriceUpdateDate>2025-04-20 07:25:50</PriceUpdateDate>
      <ItemCode>7290011876388</ItemCode>
      <ItemType>1</ItemType>
      <ItemName>קציצות עוף ובקר מאמא</ItemName>
      <ManufacturerName>לא ידוע</ManufacturerName>
      <ManufactureCountry>לא ידוע</ManufactureCountry>
      <ManufacturerItemDescription>קציצות עוף ובקר מאמא</ManufacturerItemDescription>
      <UnitQty>לא ידוע</UnitQty>
      <Quantity>600.00</Quantity>
      <UnitOfMeasure>100 גרם</UnitOfMeasure>
      <bIsWeighted>0</bIsWeighted>
      <QtyInPackage>לא ידוע</QtyInPackage>
      <ItemPrice>39.90</ItemPrice>
      <UnitOfMeasurePrice>0.0665</UnitOfMeasurePrice>
      <AllowDiscount>1</AllowDiscount>
      <ItemStatus>1</ItemStatus>
      <ItemId>166973</ItemId>
    </Item>
    <Item>
      <PriceUpdateDate>2025-04-20 07:28:15</PriceUpdateDate>
      <ItemCode>7290017928098</ItemCode>
      <ItemType>1</ItemType>
      <ItemName>מאיר בייגל שטוחלה מל</ItemName>
      <ManufacturerName>לא ידוע</ManufacturerName>
      <ManufactureCountry>לא ידוע</ManufactureCountry>
      <ManufacturerItemDescription>מאיר בייגל שטוחלה מל</ManufacturerItemDescription>
      <UnitQty>לא ידוע</UnitQty>
      <Quantity>330.00</Quantity>
      <UnitOfMeasure>100 גרם</UnitOfMeasure>
      <bIsWeighted>0</bIsWeighted>
      <QtyInPackage>לא ידוע</QtyInPackage>
      <ItemPrice>12.90</ItemPrice>
      <UnitOfMeasurePrice>0.0391</UnitOfMeasurePrice>
      <AllowDiscount>1</AllowDiscount>
      <ItemStatus>1</ItemStatus>
      <ItemId>169232</ItemId>
    </Item>
    <Item>
      <PriceUpdateDate>2025-04-20 07:28:19</PriceUpdateDate>
      <ItemCode>7290017928685</ItemCode>
      <ItemType>1</ItemType>
      <ItemName>מאיר בייגל שמיניות מ</ItemName>
      <ManufacturerName>לא ידוע</ManufacturerName>
      <ManufactureCountry>לא ידוע</ManufactureCountry>
      <ManufacturerItemDescription>מאיר בייגל שמיניות מ</ManufacturerItemDescription>
      <UnitQty>לא ידוע</UnitQty>
      <Quantity>400.00</Quantity>
      <UnitOfMeasure>100 גרם</UnitOfMeasure>
      <bIsWeighted>0</bIsWeighted>
      <QtyInPackage>לא ידוע</QtyInPackage>
      <ItemPrice>12.90</ItemPrice>
      <UnitOfMeasurePrice>0.0323</UnitOfMeasurePrice>
      <AllowDiscount>1</AllowDiscount>
      <ItemStatus>1</ItemStatus>
      <ItemId>169246</ItemId>
    </Item>
    <Item>
      <PriceUpdateDate>2025-04-20 07:28:28</PriceUpdateDate>
      <ItemCode>7290100702659</ItemCode>
      <ItemType>1</ItemType>
      <ItemName>פתיתים אפויים מקמח מ</ItemName>
      <ManufacturerName>לא ידוע</ManufacturerName>
      <ManufactureCountry>לא ידוע</ManufactureCountry>
      <ManufacturerItemDescription>פתיתים אפויים מקמח מ</ManufacturerItemDescription>
      <UnitQty>לא ידוע</UnitQty>
      <Quantity>400.00</Quantity>
      <UnitOfMeasure>100 גרם</UnitOfMeasure>
      <bIsWeighted>0</bIsWeighted>
      <QtyInPackage>לא ידוע</QtyInPackage>
      <ItemPrice>7.90</ItemPrice>
      <UnitOfMeasurePrice>0.0198</UnitOfMeasurePrice>
      <AllowDiscount>1</AllowDiscount>
      <ItemStatus>1</ItemStatus>
      <ItemId>167628</ItemId>
    </Item>
    <Item>
      <PriceUpdateDate>2025-04-20 07:28:53</PriceUpdateDate>
      <ItemCode>33617322616</ItemCode>
      <ItemType>1</ItemType>
      <ItemName>קרקר ואזה מקמח שיפון</ItemName>
      <ManufacturerName>לא ידוע</ManufacturerName>
      <ManufactureCountry>לא ידוע</ManufactureCountry>
      <ManufacturerItemDescription>קרקר ואזה מקמח שיפון</ManufacturerItemDescription>
      <UnitQty>לא ידוע</UnitQty>
      <Quantity>270.00</Quantity>
      <UnitOfMeasure>100 גרם</UnitOfMeasure>
      <bIsWeighted>0</bIsWeighted>
      <QtyInPackage>לא ידוע</QtyInPackage>
      <ItemPrice>15.90</ItemPrice>
      <UnitOfMeasurePrice>0.0589</UnitOfMeasurePrice>
      <AllowDiscount>1</AllowDiscount>
      <ItemStatus>1</ItemStatus>
      <ItemId>167714</ItemId>
    </Item>
    <Item>
      <PriceUpdateDate>2025-04-20 07:31:56</PriceUpdateDate>
      <ItemCode>7290018195536</ItemCode>
      <ItemType>1</ItemType>
      <ItemName>ארוחת אורז בסגנון אי</ItemName>
      <ManufacturerName>לא ידוע</ManufacturerName>
      <ManufactureCountry>לא ידוע</ManufactureCountry>
      <ManufacturerItemDescription>ארוחת אורז בסגנון אי</ManufacturerItemDescription>
      <UnitQty>לא ידוע</UnitQty>
      <Quantity>250.00</Quantity>
      <UnitOfMeasure>100 גרם</UnitOfMeasure>
      <bIsWeighted>0</bIsWeighted>
      <QtyInPackage>לא ידוע</QtyInPackage>
      <ItemPrice>13.90</ItemPrice>
      <UnitOfMeasurePrice>0.0556</UnitOfMeasurePrice>
      <AllowDiscount>1</AllowDiscount>
      <ItemStatus>1</ItemStatus>
      <ItemId>179133</ItemId>
    </Item>
    <Item>
      <PriceUpdateDate>2025-04-20 07:32:13</PriceUpdateDate>
      <ItemCode>7290000574455</ItemCode>
      <ItemType>1</ItemType>
      <ItemName>לחם חיטה מלאה כוסמין</ItemName>
      <ManufacturerName>לא ידוע</ManufacturerName>
      <ManufactureCountry>לא ידוע</ManufactureCountry>
      <ManufacturerItemDescription>לחם חיטה מלאה כוסמין</ManufacturerItemDescription>
      <UnitQty>לא ידוע</UnitQty>
      <Quantity>750.00</Quantity>
      <UnitOfMeasure>100 גרם</UnitOfMeasure>
      <bIsWeighted>0</bIsWeighted>
      <QtyInPackage>לא ידוע</QtyInPackage>
      <ItemPrice>17.90</ItemPrice>
      <UnitOfMeasurePrice>0.0239</UnitOfMeasurePrice>
      <AllowDiscount>1</AllowDiscount>
      <ItemStatus>1</ItemStatus>
      <ItemId>167823</ItemId>
    </Item>
    <Item>
      <PriceUpdateDate>2025-04-20 07:33:12</PriceUpdateDate>
      <ItemCode>7290004575229</ItemCode>
      <ItemType>1</ItemType>
      <ItemName>גלידה סנקור 5יח</ItemName>
      <ManufacturerName>לא ידוע</ManufacturerName>
      <ManufactureCountry>לא ידוע</ManufactureCountry>
      <ManufacturerItemDescription>גלידה סנקור 5יח</ManufacturerItemDescription>
      <UnitQty>לא ידוע</UnitQty>
      <Quantity>500.00</Quantity>
      <UnitOfMeasure>100 גרם</UnitOfMeasure>
      <bIsWeighted>0</bIsWeighted>
      <QtyInPackage>לא ידוע</QtyInPackage>
      <ItemPrice>20.90</ItemPrice>
      <UnitOfMeasurePrice>0.0418</UnitOfMeasurePrice>
      <AllowDiscount>1</AllowDiscount>
      <ItemStatus>1</ItemStatus>
      <ItemId>167993</ItemId>
    </Item>
    <Item>
      <PriceUpdateDate>2025-04-20 07:34:04</PriceUpdateDate>
      <ItemCode>7290004685089</ItemCode>
      <ItemType>1</ItemType>
      <ItemName>לחם הארץ חמניות 500ג</ItemName>
      <ManufacturerName>לא ידוע</ManufacturerName>
      <ManufactureCountry>לא ידוע</ManufactureCountry>
      <ManufacturerItemDescription>לחם הארץ חמניות 500ג</ManufacturerItemDescription>
      <UnitQty>לא ידוע</UnitQty>
      <Quantity>500.00</Quantity>
      <UnitOfMeasure>100 גרם</UnitOfMeasure>
      <bIsWeighted>0</bIsWeighted>
      <QtyInPackage>לא ידוע</QtyInPackage>
      <ItemPrice>17.90</ItemPrice>
      <UnitOfMeasurePrice>0.0358</UnitOfMeasurePrice>
      <AllowDiscount>1</AllowDiscount>
      <ItemStatus>1</ItemStatus>
      <ItemId>168132</ItemId>
    </Item>
    <Item>
      <PriceUpdateDate>2025-04-20 07:34:39</PriceUpdateDate>
      <ItemCode>7290018790335</ItemCode>
      <ItemType>1</ItemType>
      <ItemName>קרקר עם שומשום טופז</ItemName>
      <ManufacturerName>לא ידוע</ManufacturerName>
      <ManufactureCountry>לא ידוע</ManufactureCountry>
      <ManufacturerItemDescription>קרקר עם שומשום טופז</ManufacturerItemDescription>
      <UnitQty>לא ידוע</UnitQty>
      <Quantity>250.00</Quantity>
      <UnitOfMeasure>100 גרם</UnitOfMeasure>
      <bIsWeighted>0</bIsWeighted>
      <QtyInPackage>לא ידוע</QtyInPackage>
      <ItemPrice>8.90</ItemPrice>
      <UnitOfMeasurePrice>0.0356</UnitOfMeasurePrice>
      <AllowDiscount>1</AllowDiscount>
      <ItemStatus>1</ItemStatus>
      <ItemId>183170</ItemId>
    </Item>
    <Item>
      <PriceUpdateDate>2025-04-20 07:34:59</PriceUpdateDate>
      <ItemCode>7290001041215</ItemCode>
      <ItemType>1</ItemType>
      <ItemName>חיטה מיה 1קג</ItemName>
      <ManufacturerName>לא ידוע</ManufacturerName>
      <ManufactureCountry>לא ידוע</ManufactureCountry>
      <ManufacturerItemDescription>חיטה מיה 1קג</ManufacturerItemDescription>
      <UnitQty>לא ידוע</UnitQty>
      <Quantity>1000.00</Quantity>
      <UnitOfMeasure>100 גרם</UnitOfMeasure>
      <bIsWeighted>0</bIsWeighted>
      <QtyInPackage>לא ידוע</QtyInPackage>
      <ItemPrice>9.90</ItemPrice>
      <UnitOfMeasurePrice>0.0099</UnitOfMeasurePrice>
      <AllowDiscount>1</AllowDiscount>
      <ItemStatus>1</ItemStatus>
      <ItemId>168602</ItemId>
    </Item>
    <Item>
      <PriceUpdateDate>2025-04-20 07:35:25</PriceUpdateDate>
      <ItemCode>7290006775337</ItemCode>
      <ItemType>1</ItemType>
      <ItemName>עוגת שמרים פרג 400גר</ItemName>
      <ManufacturerName>לא ידוע</ManufacturerName>
      <ManufactureCountry>לא ידוע</ManufactureCountry>
      <ManufacturerItemDescription>עוגת שמרים פרג 400גר</ManufacturerItemDescription>
      <UnitQty>לא ידוע</UnitQty>
      <Quantity>400.00</Quantity>
      <UnitOfMeasure>100 גרם</UnitOfMeasure>
      <bIsWeighted>0</bIsWeighted>
      <QtyInPackage>לא ידוע</QtyInPackage>
      <ItemPrice>14.90</ItemPrice>
      <UnitOfMeasurePrice>0.0373</UnitOfMeasurePrice>
      <AllowDiscount>1</AllowDiscount>
      <ItemStatus>1</ItemStatus>
      <ItemId>168637</ItemId>
    </Item>
    <Item>
      <PriceUpdateDate>2025-04-20 07:35:31</PriceUpdateDate>
      <ItemCode>7290013927200</ItemCode>
      <ItemType>1</ItemType>
      <ItemName>עוגת שוקולד צ'יפס עש</ItemName>
      <ManufacturerName>לא ידוע</ManufacturerName>
      <ManufactureCountry>לא ידוע</ManufactureCountry>
      <ManufacturerItemDescription>עוגת שוקולד צ'יפס עש</ManufacturerItemDescription>
      <UnitQty>לא ידוע</UnitQty>
      <Quantity>400.00</Quantity>
      <UnitOfMeasure>100 גרם</UnitOfMeasure>
      <bIsWeighted>0</bIsWeighted>
      <QtyInPackage>לא ידוע</QtyInPackage>
      <ItemPrice>14.90</ItemPrice>
      <UnitOfMeasurePrice>0.0373</UnitOfMeasurePrice>
      <AllowDiscount>1</AllowDiscount>
      <ItemStatus>1</ItemStatus>
      <ItemId>168667</ItemId>
    </Item>
    <Item>
      <PriceUpdateDate>2025-04-20 07:36:02</PriceUpdateDate>
      <ItemCode>8858271003068</ItemCode>
      <ItemType>1</ItemType>
      <ItemName>רוטב סויה מתוק כהה 2</ItemName>
      <ManufacturerName>לא ידוע</ManufacturerName>
      <ManufactureCountry>לא ידוע</ManufactureCountry>
      <ManufacturerItemDescription>רוטב סויה מתוק כהה 2</ManufacturerItemDescription>
      <UnitQty>לא ידוע</UnitQty>
      <Quantity>250.00</Quantity>
      <UnitOfMeasure>לא ידוע</UnitOfMeasure>
      <bIsWeighted>0</bIsWeighted>
      <QtyInPackage>לא ידוע</QtyInPackage>
      <ItemPrice>12.90</ItemPrice>
      <UnitOfMeasurePrice>0.0516</UnitOfMeasurePrice>
      <AllowDiscount>1</AllowDiscount>
      <ItemStatus>1</ItemStatus>
      <ItemId>168788</ItemId>
    </Item>
    <Item>
      <PriceUpdateDate>2025-04-20 07:42:05</PriceUpdateDate>
      <ItemCode>7290106724419</ItemCode>
      <ItemType>1</ItemType>
      <ItemName>עוגיות חיוכים וניל 1</ItemName>
      <ManufacturerName>לא ידוע</ManufacturerName>
      <ManufactureCountry>לא ידוע</ManufactureCountry>
      <ManufacturerItemDescription>עוגיות חיוכים וניל 1</ManufacturerItemDescription>
      <UnitQty>לא ידוע</UnitQty>
      <Quantity>150.00</Quantity>
      <UnitOfMeasure>100 גרם</UnitOfMeasure>
      <bIsWeighted>0</bIsWeighted>
      <QtyInPackage>לא ידוע</QtyInPackage>
      <ItemPrice>6.90</ItemPrice>
      <UnitOfMeasurePrice>0.0460</UnitOfMeasurePrice>
      <AllowDiscount>1</AllowDiscount>
      <ItemStatus>1</ItemStatus>
      <ItemId>169412</ItemId>
    </Item>
    <Item>
      <PriceUpdateDate>2025-04-20 07:44:05</PriceUpdateDate>
      <ItemCode>7290002512011</ItemCode>
      <ItemType>1</ItemType>
      <ItemName>גחנון בצק 900גר</ItemName>
      <ManufacturerName>לא ידוע</ManufacturerName>
      <ManufactureCountry>לא ידוע</ManufactureCountry>
      <ManufacturerItemDescription>גחנון בצק 900גר</ManufacturerItemDescription>
      <UnitQty>לא ידוע</UnitQty>
      <Quantity>900.00</Quantity>
      <UnitOfMeasure>100 גרם</UnitOfMeasure>
      <bIsWeighted>0</bIsWeighted>
      <QtyInPackage>לא ידוע</QtyInPackage>
      <ItemPrice>22.90</ItemPrice>
      <UnitOfMeasurePrice>0.0254</UnitOfMeasurePrice>
      <AllowDiscount>1</AllowDiscount>
      <ItemStatus>1</ItemStatus>
      <ItemId>169780</ItemId>
    </Item>
    <Item>
      <PriceUpdateDate>2025-04-20 07:44:16</PriceUpdateDate>
      <ItemCode>7290109580241</ItemCode>
      <ItemType>1</ItemType>
      <ItemName>נאגטס מן הצומח 500גר</ItemName>
      <ManufacturerName>לא ידוע</ManufacturerName>
      <ManufactureCountry>לא ידוע</ManufactureCountry>
      <ManufacturerItemDescription>נאגטס מן הצומח 500גר</ManufacturerItemDescription>
      <UnitQty>לא ידוע</UnitQty>
      <Quantity>500.00</Quantity>
      <UnitOfMeasure>100 גרם</UnitOfMeasure>
      <bIsWeighted>0</bIsWeighted>
      <QtyInPackage>לא ידוע</QtyInPackage>
      <ItemPrice>33.90</ItemPrice>
      <UnitOfMeasurePrice>0.0678</UnitOfMeasurePrice>
      <AllowDiscount>1</AllowDiscount>
      <ItemStatus>1</ItemStatus>
      <ItemId>171622</ItemId>
    </Item>
    <Item>
      <PriceUpdateDate>2025-04-20 07:44:32</PriceUpdateDate>
      <ItemCode>7290019939504</ItemCode>
      <ItemType>1</ItemType>
      <ItemName>מיקס פופקורן מקורמל</ItemName>
      <ManufacturerName>לא ידוע</ManufacturerName>
      <ManufactureCountry>לא ידוע</ManufactureCountry>
      <ManufacturerItemDescription>מיקס פופקורן מקורמל</ManufacturerItemDescription>
      <UnitQty>לא ידוע</UnitQty>
      <Quantity>55.00</Quantity>
      <UnitOfMeasure>100 גרם</UnitOfMeasure>
      <bIsWeighted>0</bIsWeighted>
      <QtyInPackage>לא ידוע</QtyInPackage>
      <ItemPrice>6.50</ItemPrice>
      <UnitOfMeasurePrice>0.1182</UnitOfMeasurePrice>
      <AllowDiscount>1</AllowDiscount>
      <ItemStatus>1</ItemStatus>
      <ItemId>182909</ItemId>
    </Item>
    <Item>
      <PriceUpdateDate>2025-04-20 07:45:44</PriceUpdateDate>
      <ItemCode>7290013146403</ItemCode>
      <ItemType>1</ItemType>
      <ItemName>סירופ בטעם קרמל מלוח</ItemName>
      <ManufacturerName>לא ידוע</ManufacturerName>
      <ManufactureCountry>לא ידוע</ManufactureCountry>
      <ManufacturerItemDescription>סירופ בטעם קרמל מלוח</ManufacturerItemDescription>
      <UnitQty>יחידה   </UnitQty>
      <Quantity>0.00</Quantity>
      <UnitOfMeasure>יחידה   </UnitOfMeasure>
      <bIsWeighted>0</bIsWeighted>
      <QtyInPackage>לא ידוע</QtyInPackage>
      <ItemPrice>19.90</ItemPrice>
      <UnitOfMeasurePrice>0.0000</UnitOfMeasurePrice>
      <AllowDiscount>1</AllowDiscount>
      <ItemStatus>1</ItemStatus>
      <ItemId>181745</ItemId>
    </Item>
    <Item>
      <PriceUpdateDate>2025-04-20 07:46:14</PriceUpdateDate>
      <ItemCode>7290008713900</ItemCode>
      <ItemType>1</ItemType>
      <ItemName>לחם שיפון עגול 750 ג</ItemName>
      <ManufacturerName>לא ידוע</ManufacturerName>
      <ManufactureCountry>לא ידוע</ManufactureCountry>
      <ManufacturerItemDescription>לחם שיפון עגול 750 ג</ManufacturerItemDescription>
      <UnitQty>לא ידוע</UnitQty>
      <Quantity>750.00</Quantity>
      <UnitOfMeasure>100 גרם</UnitOfMeasure>
      <bIsWeighted>0</bIsWeighted>
      <QtyInPackage>לא ידוע</QtyInPackage>
      <ItemPrice>16.90</ItemPrice>
      <UnitOfMeasurePrice>0.0225</UnitOfMeasurePrice>
      <AllowDiscount>1</AllowDiscount>
      <ItemStatus>1</ItemStatus>
      <ItemId>176079</ItemId>
    </Item>
    <Item>
      <PriceUpdateDate>2025-04-20 07:47:29</PriceUpdateDate>
      <ItemCode>7290008343572</ItemCode>
      <ItemType>1</ItemType>
      <ItemName>אגרול סיני 1 ק"ג שלו</ItemName>
      <ManufacturerName>לא ידוע</ManufacturerName>
      <ManufactureCountry>לא ידוע</ManufactureCountry>
      <ManufacturerItemDescription>אגרול סיני 1 ק"ג שלו</ManufacturerItemDescription>
      <UnitQty>לא ידוע</UnitQty>
      <Quantity>1000.00</Quantity>
      <UnitOfMeasure>100 גרם</UnitOfMeasure>
      <bIsWeighted>0</bIsWeighted>
      <QtyInPackage>לא ידוע</QtyInPackage>
      <ItemPrice>23.90</ItemPrice>
      <UnitOfMeasurePrice>0.0239</UnitOfMeasurePrice>
      <AllowDiscount>1</AllowDiscount>
      <ItemStatus>1</ItemStatus>
      <ItemId>170311</ItemId>
    </Item>
    <Item>
      <PriceUpdateDate>2025-04-20 07:48:17</PriceUpdateDate>
      <ItemCode>7290008863001</ItemCode>
      <ItemType>1</ItemType>
      <ItemName>עוגה ג'ינגי בציפוי פ</ItemName>
      <ManufacturerName>לא ידוע</ManufacturerName>
      <ManufactureCountry>לא ידוע</ManufactureCountry>
      <ManufacturerItemDescription>עוגה ג'ינגי בציפוי פ</ManufacturerItemDescription>
      <UnitQty>לא ידוע</UnitQty>
      <Quantity>450.00</Quantity>
      <UnitOfMeasure>100 גרם</UnitOfMeasure>
      <bIsWeighted>0</bIsWeighted>
      <QtyInPackage>לא ידוע</QtyInPackage>
      <ItemPrice>48.90</ItemPrice>
      <UnitOfMeasurePrice>0.1087</UnitOfMeasurePrice>
      <AllowDiscount>1</AllowDiscount>
      <ItemStatus>1</ItemStatus>
      <ItemId>170515</ItemId>
    </Item>
    <Item>
      <PriceUpdateDate>2025-04-20 07:48:21</PriceUpdateDate>
      <ItemCode>7290008863155</ItemCode>
      <ItemType>1</ItemType>
      <ItemName>עוגת פנטזיה 600גר</ItemName>
      <ManufacturerName>לא ידוע</ManufacturerName>
      <ManufactureCountry>לא ידוע</ManufactureCountry>
      <ManufacturerItemDescription>עוגת פנטזיה 600גר</ManufacturerItemDescription>
      <UnitQty>לא ידוע</UnitQty>
      <Quantity>600.00</Quantity>
      <UnitOfMeasure>100 גרם</UnitOfMeasure>
      <bIsWeighted>0</bIsWeighted>
      <QtyInPackage>לא ידוע</QtyInPackage>
      <ItemPrice>74.90</ItemPrice>
      <UnitOfMeasurePrice>0.1248</UnitOfMeasurePrice>
      <AllowDiscount>1</AllowDiscount>
      <ItemStatus>1</ItemStatus>
      <ItemId>170529</ItemId>
    </Item>
    <Item>
      <PriceUpdateDate>2025-04-20 07:48:24</PriceUpdateDate>
      <ItemCode>7290008863285</ItemCode>
      <ItemType>1</ItemType>
      <ItemName>עוגת פראג 800גר</ItemName>
      <ManufacturerName>לא ידוע</ManufacturerName>
      <ManufactureCountry>לא ידוע</ManufactureCountry>
      <ManufacturerItemDescription>עוגת פראג 800גר</ManufacturerItemDescription>
      <UnitQty>לא ידוע</UnitQty>
      <Quantity>800.00</Quantity>
      <UnitOfMeasure>100 גרם</UnitOfMeasure>
      <bIsWeighted>0</bIsWeighted>
      <QtyInPackage>לא ידוע</QtyInPackage>
      <ItemPrice>94.90</ItemPrice>
      <UnitOfMeasurePrice>0.1186</UnitOfMeasurePrice>
      <AllowDiscount>1</AllowDiscount>
      <ItemStatus>1</ItemStatus>
      <ItemId>170540</ItemId>
    </Item>
    <Item>
      <PriceUpdateDate>2025-04-20 07:48:26</PriceUpdateDate>
      <ItemCode>7290008863391</ItemCode>
      <ItemType>1</ItemType>
      <ItemName>פחזניות 350גר</ItemName>
      <ManufacturerName>לא ידוע</ManufacturerName>
      <ManufactureCountry>לא ידוע</ManufactureCountry>
      <ManufacturerItemDescription>פחזניות 350גר</ManufacturerItemDescription>
      <UnitQty>לא ידוע</UnitQty>
      <Quantity>350.00</Quantity>
      <UnitOfMeasure>100 גרם</UnitOfMeasure>
      <bIsWeighted>0</bIsWeighted>
      <QtyInPackage>לא ידוע</QtyInPackage>
      <ItemPrice>34.90</ItemPrice>
      <UnitOfMeasurePrice>0.0997</UnitOfMeasurePrice>
      <AllowDiscount>1</AllowDiscount>
      <ItemStatus>1</ItemStatus>
      <ItemId>170551</ItemId>
    </Item>
    <Item>
      <PriceUpdateDate>2025-04-20 07:49:02</PriceUpdateDate>
      <ItemCode>7290002769316</ItemCode>
      <ItemType>1</ItemType>
      <ItemName>עוגת קראנץ 500 גרם</ItemName>
      <ManufacturerName>לא ידוע</ManufacturerName>
      <ManufactureCountry>לא ידוע</ManufactureCountry>
      <ManufacturerItemDescription>עוגת קראנץ 500 גרם</ManufacturerItemDescription>
      <UnitQty>לא ידוע</UnitQty>
      <Quantity>500.00</Quantity>
      <UnitOfMeasure>100 גרם</UnitOfMeasure>
      <bIsWeighted>0</bIsWeighted>
      <QtyInPackage>לא ידוע</QtyInPackage>
      <ItemPrice>18.90</ItemPrice>
      <UnitOfMeasurePrice>0.0378</UnitOfMeasurePrice>
      <AllowDiscount>1</AllowDiscount>
      <ItemStatus>1</ItemStatus>
      <ItemId>170692</ItemId>
    </Item>
    <Item>
      <PriceUpdateDate>2025-04-20 07:50:37</PriceUpdateDate>
      <ItemCode>5000159561976</ItemCode>
      <ItemType>1</ItemType>
      <ItemName>באונטי חטיף בודד 57</ItemName>
      <ManufacturerName>קריות זול</ManufacturerName>
      <ManufactureCountry>לא ידוע</ManufactureCountry>
      <ManufacturerItemDescription>באונטי חטיף בודד 57</ManufacturerItemDescription>
      <UnitQty>לא ידוע</UnitQty>
      <Quantity>57.00</Quantity>
      <UnitOfMeasure>100 גרם</UnitOfMeasure>
      <bIsWeighted>0</bIsWeighted>
      <QtyInPackage>לא ידוע</QtyInPackage>
      <ItemPrice>5.90</ItemPrice>
      <UnitOfMeasurePrice>0.1035</UnitOfMeasurePrice>
      <AllowDiscount>1</AllowDiscount>
      <ItemStatus>1</ItemStatus>
      <ItemId>181011</ItemId>
    </Item>
    <Item>
      <PriceUpdateDate>2025-04-20 07:51:18</PriceUpdateDate>
      <ItemCode>7290014471412</ItemCode>
      <ItemType>1</ItemType>
      <ItemName>מוזלי עם בוטנים אגוז</ItemName>
      <ManufacturerName>לא ידוע</ManufacturerName>
      <ManufactureCountry>לא ידוע</ManufactureCountry>
      <ManufacturerItemDescription>מוזלי עם בוטנים אגוז</ManufacturerItemDescription>
      <UnitQty>לא ידוע</UnitQty>
      <Quantity>850.00</Quantity>
      <UnitOfMeasure>100 גרם</UnitOfMeasure>
      <bIsWeighted>0</bIsWeighted>
      <QtyInPackage>לא ידוע</QtyInPackage>
      <ItemPrice>22.90</ItemPrice>
      <UnitOfMeasurePrice>0.0269</UnitOfMeasurePrice>
      <AllowDiscount>1</AllowDiscount>
      <ItemStatus>1</ItemStatus>
      <ItemId>171003</ItemId>
    </Item>
    <Item>
      <PriceUpdateDate>2025-04-20 07:51:19</PriceUpdateDate>
      <ItemCode>7290014471443</ItemCode>
      <ItemType>1</ItemType>
      <ItemName>גרנולה עם צימוקים אג</ItemName>
      <ManufacturerName>לא ידוע</ManufacturerName>
      <ManufactureCountry>לא ידוע</ManufactureCountry>
      <ManufacturerItemDescription>גרנולה עם צימוקים אג</ManufacturerItemDescription>
      <UnitQty>לא ידוע</UnitQty>
      <Quantity>850.00</Quantity>
      <UnitOfMeasure>100 גרם</UnitOfMeasure>
      <bIsWeighted>0</bIsWeighted>
      <QtyInPackage>לא ידוע</QtyInPackage>
      <ItemPrice>22.90</ItemPrice>
      <UnitOfMeasurePrice>0.0269</UnitOfMeasurePrice>
      <AllowDiscount>1</AllowDiscount>
      <ItemStatus>1</ItemStatus>
      <ItemId>171006</ItemId>
    </Item>
    <Item>
      <PriceUpdateDate>2025-04-20 07:52:00</PriceUpdateDate>
      <ItemCode>7290117906835</ItemCode>
      <ItemType>1</ItemType>
      <ItemName>פירורי לחם מתובלים ב</ItemName>
      <ManufacturerName>לא ידוע</ManufacturerName>
      <ManufactureCountry>לא ידוע</ManufactureCountry>
      <ManufacturerItemDescription>פירורי לחם מתובלים ב</ManufacturerItemDescription>
      <UnitQty>לא ידוע</UnitQty>
      <Quantity>400.00</Quantity>
      <UnitOfMeasure>100 גרם</UnitOfMeasure>
      <bIsWeighted>0</bIsWeighted>
      <QtyInPackage>לא ידוע</QtyInPackage>
      <ItemPrice>14.90</ItemPrice>
      <UnitOfMeasurePrice>0.0373</UnitOfMeasurePrice>
      <AllowDiscount>1</AllowDiscount>
      <ItemStatus>1</ItemStatus>
      <ItemId>183084</ItemId>
    </Item>
    <Item>
      <PriceUpdateDate>2025-04-20 07:54:51</PriceUpdateDate>
      <ItemCode>5900020029669</ItemCode>
      <ItemType>1</ItemType>
      <ItemName>פיטנס חטיף דגני פירו</ItemName>
      <ManufacturerName>לא ידוע</ManufacturerName>
      <ManufactureCountry>לא ידוע</ManufactureCountry>
      <ManufacturerItemDescription>פיטנס חטיף דגני פירו</ManufacturerItemDescription>
      <UnitQty>לא ידוע</UnitQty>
      <Quantity>141.00</Quantity>
      <UnitOfMeasure>100 גרם</UnitOfMeasure>
      <bIsWeighted>0</bIsWeighted>
      <QtyInPackage>לא ידוע</QtyInPackage>
      <ItemPrice>18.90</ItemPrice>
      <UnitOfMeasurePrice>0.1340</UnitOfMeasurePrice>
      <AllowDiscount>1</AllowDiscount>
      <ItemStatus>1</ItemStatus>
      <ItemId>165344</ItemId>
    </Item>
    <Item>
      <PriceUpdateDate>2025-04-20 07:54:51</PriceUpdateDate>
      <ItemCode>5900020031877</ItemCode>
      <ItemType>1</ItemType>
      <ItemName>חטיף דגנים צ'יריוס ה</ItemName>
      <ManufacturerName>לא ידוע</ManufacturerName>
      <ManufactureCountry>לא ידוע</ManufactureCountry>
      <ManufacturerItemDescription>חטיף דגנים צ'יריוס ה</ManufacturerItemDescription>
      <UnitQty>יחידה   </UnitQty>
      <Quantity>0.00</Quantity>
      <UnitOfMeasure>יחידה   </UnitOfMeasure>
      <bIsWeighted>0</bIsWeighted>
      <QtyInPackage>לא ידוע</QtyInPackage>
      <ItemPrice>17.90</ItemPrice>
      <UnitOfMeasurePrice>0.0000</UnitOfMeasurePrice>
      <AllowDiscount>1</AllowDiscount>
      <ItemStatus>1</ItemStatus>
      <ItemId>165346</ItemId>
    </Item>
    <Item>
      <PriceUpdateDate>2025-04-20 07:54:52</PriceUpdateDate>
      <ItemCode>5900020034021</ItemCode>
      <ItemType>1</ItemType>
      <ItemName>פיטנס חטיף דגנים שוק</ItemName>
      <ManufacturerName>לא ידוע</ManufacturerName>
      <ManufactureCountry>לא ידוע</ManufactureCountry>
      <ManufacturerItemDescription>פיטנס חטיף דגנים שוק</ManufacturerItemDescription>
      <UnitQty>לא ידוע</UnitQty>
      <Quantity>141.00</Quantity>
      <UnitOfMeasure>100 גרם</UnitOfMeasure>
      <bIsWeighted>0</bIsWeighted>
      <QtyInPackage>לא ידוע</QtyInPackage>
      <ItemPrice>18.90</ItemPrice>
      <UnitOfMeasurePrice>0.1340</UnitOfMeasurePrice>
      <AllowDiscount>1</AllowDiscount>
      <ItemStatus>1</ItemStatus>
      <ItemId>165351</ItemId>
    </Item>
    <Item>
      <PriceUpdateDate>2025-04-20 07:55:04</PriceUpdateDate>
      <ItemCode>7290000061085</ItemCode>
      <ItemType>1</ItemType>
      <ItemName>רוטב צילי מתוק אסם 2</ItemName>
      <ManufacturerName>קריות זול</ManufacturerName>
      <ManufactureCountry>לא ידוע</ManufactureCountry>
      <ManufacturerItemDescription>רוטב צילי מתוק אסם 2</ManufacturerItemDescription>
      <UnitQty>לא ידוע</UnitQty>
      <Quantity>290.00</Quantity>
      <UnitOfMeasure>לא ידוע</UnitOfMeasure>
      <bIsWeighted>0</bIsWeighted>
      <QtyInPackage>לא ידוע</QtyInPackage>
      <ItemPrice>15.90</ItemPrice>
      <UnitOfMeasurePrice>0.0548</UnitOfMeasurePrice>
      <AllowDiscount>1</AllowDiscount>
      <ItemStatus>1</ItemStatus>
      <ItemId>165385</ItemId>
    </Item>
    <Item>
      <PriceUpdateDate>2025-04-20 07:55:14</PriceUpdateDate>
      <ItemCode>7290000068190</ItemCode>
      <ItemType>1</ItemType>
      <ItemName>ג'לי תות אסם 85 גר</ItemName>
      <ManufacturerName>קריות זול</ManufacturerName>
      <ManufactureCountry>לא ידוע</ManufactureCountry>
      <ManufacturerItemDescription>ג'לי תות אסם 85 גר</ManufacturerItemDescription>
      <UnitQty>לא ידוע</UnitQty>
      <Quantity>85.00</Quantity>
      <UnitOfMeasure>100 גרם</UnitOfMeasure>
      <bIsWeighted>0</bIsWeighted>
      <QtyInPackage>לא ידוע</QtyInPackage>
      <ItemPrice>7.90</ItemPrice>
      <UnitOfMeasurePrice>0.0929</UnitOfMeasurePrice>
      <AllowDiscount>1</AllowDiscount>
      <ItemStatus>1</ItemStatus>
      <ItemId>165423</ItemId>
    </Item>
    <Item>
      <PriceUpdateDate>2025-04-20 07:56:20</PriceUpdateDate>
      <ItemCode>7290111566240</ItemCode>
      <ItemType>1</ItemType>
      <ItemName>שניצל דק צמחוני בטעם</ItemName>
      <ManufacturerName>קריות זול</ManufacturerName>
      <ManufactureCountry>לא ידוע</ManufactureCountry>
      <ManufacturerItemDescription>שניצל דק צמחוני בטעם</ManufacturerItemDescription>
      <UnitQty>לא ידוע</UnitQty>
      <Quantity>564.00</Quantity>
      <UnitOfMeasure>100 גרם</UnitOfMeasure>
      <bIsWeighted>0</bIsWeighted>
      <QtyInPackage>לא ידוע</QtyInPackage>
      <ItemPrice>39.90</ItemPrice>
      <UnitOfMeasurePrice>0.0707</UnitOfMeasurePrice>
      <AllowDiscount>1</AllowDiscount>
      <ItemStatus>1</ItemStatus>
      <ItemId>165681</ItemId>
    </Item>
    <Item>
      <PriceUpdateDate>2025-04-20 07:56:40</PriceUpdateDate>
      <ItemCode>7290112964472</ItemCode>
      <ItemType>1</ItemType>
      <ItemName>רוטב שום לסלט אסם 29</ItemName>
      <ManufacturerName>לא ידוע</ManufacturerName>
      <ManufactureCountry>לא ידוע</ManufactureCountry>
      <ManufacturerItemDescription>רוטב שום לסלט אסם 29</ManufacturerItemDescription>
      <UnitQty>לא ידוע</UnitQty>
      <Quantity>290.00</Quantity>
      <UnitOfMeasure>100 גרם</UnitOfMeasure>
      <bIsWeighted>0</bIsWeighted>
      <QtyInPackage>לא ידוע</QtyInPackage>
      <ItemPrice>15.90</ItemPrice>
      <UnitOfMeasurePrice>0.0548</UnitOfMeasurePrice>
      <AllowDiscount>1</AllowDiscount>
      <ItemStatus>1</ItemStatus>
      <ItemId>165753</ItemId>
    </Item>
    <Item>
      <PriceUpdateDate>2025-04-20 07:56:43</PriceUpdateDate>
      <ItemCode>7290112965165</ItemCode>
      <ItemType>1</ItemType>
      <ItemName>זוג מרק נמס פטריות ב</ItemName>
      <ManufacturerName>לא ידוע</ManufacturerName>
      <ManufactureCountry>לא ידוע</ManufactureCountry>
      <ManufacturerItemDescription>זוג מרק נמס פטריות ב</ManufacturerItemDescription>
      <UnitQty>לא ידוע</UnitQty>
      <Quantity>34.00</Quantity>
      <UnitOfMeasure>100 גרם</UnitOfMeasure>
      <bIsWeighted>0</bIsWeighted>
      <QtyInPackage>לא ידוע</QtyInPackage>
      <ItemPrice>6.90</ItemPrice>
      <UnitOfMeasurePrice>0.2029</UnitOfMeasurePrice>
      <AllowDiscount>1</AllowDiscount>
      <ItemStatus>1</ItemStatus>
      <ItemId>165765</ItemId>
    </Item>
    <Item>
      <PriceUpdateDate>2025-04-20 07:56:45</PriceUpdateDate>
      <ItemCode>7290112965301</ItemCode>
      <ItemType>1</ItemType>
      <ItemName>זוג מרק נמס טעם עוף</ItemName>
      <ManufacturerName>לא ידוע</ManufacturerName>
      <ManufactureCountry>לא ידוע</ManufactureCountry>
      <ManufacturerItemDescription>זוג מרק נמס טעם עוף</ManufacturerItemDescription>
      <UnitQty>לא ידוע</UnitQty>
      <Quantity>38.00</Quantity>
      <UnitOfMeasure>100 גרם</UnitOfMeasure>
      <bIsWeighted>0</bIsWeighted>
      <QtyInPackage>לא ידוע</QtyInPackage>
      <ItemPrice>6.90</ItemPrice>
      <UnitOfMeasurePrice>0.1816</UnitOfMeasurePrice>
      <AllowDiscount>1</AllowDiscount>
      <ItemStatus>1</ItemStatus>
      <ItemId>165770</ItemId>
    </Item>
    <Item>
      <PriceUpdateDate>2025-04-20 07:57:09</PriceUpdateDate>
      <ItemCode>7290115203295</ItemCode>
      <ItemType>1</ItemType>
      <ItemName>פרפקטו פסטה ריציאולי</ItemName>
      <ManufacturerName>לא ידוע</ManufacturerName>
      <ManufactureCountry>לא ידוע</ManufactureCountry>
      <ManufacturerItemDescription>פרפקטו פסטה ריציאולי</ManufacturerItemDescription>
      <UnitQty>לא ידוע</UnitQty>
      <Quantity>500.00</Quantity>
      <UnitOfMeasure>100 גרם</UnitOfMeasure>
      <bIsWeighted>0</bIsWeighted>
      <QtyInPackage>לא ידוע</QtyInPackage>
      <ItemPrice>13.90</ItemPrice>
      <UnitOfMeasurePrice>0.0278</UnitOfMeasurePrice>
      <AllowDiscount>1</AllowDiscount>
      <ItemStatus>1</ItemStatus>
      <ItemId>165872</ItemId>
    </Item>
    <Item>
      <PriceUpdateDate>2025-04-20 07:57:31</PriceUpdateDate>
      <ItemCode>7290118422204</ItemCode>
      <ItemType>1</ItemType>
      <ItemName>פיטנס פריכיות מצופות</ItemName>
      <ManufacturerName>לא ידוע</ManufacturerName>
      <ManufactureCountry>לא ידוע</ManufactureCountry>
      <ManufacturerItemDescription>פיטנס פריכיות מצופות</ManufacturerItemDescription>
      <UnitQty>יחידה   </UnitQty>
      <Quantity>0.00</Quantity>
      <UnitOfMeasure>יחידה   </UnitOfMeasure>
      <bIsWeighted>0</bIsWeighted>
      <QtyInPackage>לא ידוע</QtyInPackage>
      <ItemPrice>10.90</ItemPrice>
      <UnitOfMeasurePrice>0.0000</UnitOfMeasurePrice>
      <AllowDiscount>1</AllowDiscount>
      <ItemStatus>1</ItemStatus>
      <ItemId>178176</ItemId>
    </Item>
    <Item>
      <PriceUpdateDate>2025-04-20 07:57:32</PriceUpdateDate>
      <ItemCode>7290118422723</ItemCode>
      <ItemType>1</ItemType>
      <ItemName>ערגליות מיניס בטעם ת</ItemName>
      <ManufacturerName>קריות זול</ManufacturerName>
      <ManufactureCountry>לא ידוע</ManufactureCountry>
      <ManufacturerItemDescription>ערגליות מיניס בטעם ת</ManufacturerItemDescription>
      <UnitQty>לא ידוע</UnitQty>
      <Quantity>300.00</Quantity>
      <UnitOfMeasure>100 גרם</UnitOfMeasure>
      <bIsWeighted>0</bIsWeighted>
      <QtyInPackage>לא ידוע</QtyInPackage>
      <ItemPrice>11.90</ItemPrice>
      <UnitOfMeasurePrice>0.0397</UnitOfMeasurePrice>
      <AllowDiscount>1</AllowDiscount>
      <ItemStatus>1</ItemStatus>
      <ItemId>175146</ItemId>
    </Item>
    <Item>
      <PriceUpdateDate>2025-04-20 07:57:48</PriceUpdateDate>
      <ItemCode>7613033548192</ItemCode>
      <ItemType>1</ItemType>
      <ItemName>פיטנס דגני בוקר שוקו</ItemName>
      <ManufacturerName>לא ידוע</ManufacturerName>
      <ManufactureCountry>לא ידוע</ManufactureCountry>
      <ManufacturerItemDescription>פיטנס דגני בוקר שוקו</ManufacturerItemDescription>
      <UnitQty>לא ידוע</UnitQty>
      <Quantity>375.00</Quantity>
      <UnitOfMeasure>100 גרם</UnitOfMeasure>
      <bIsWeighted>0</bIsWeighted>
      <QtyInPackage>לא ידוע</QtyInPackage>
      <ItemPrice>25.90</ItemPrice>
      <UnitOfMeasurePrice>0.0691</UnitOfMeasurePrice>
      <AllowDiscount>1</AllowDiscount>
      <ItemStatus>1</ItemStatus>
      <ItemId>165905</ItemId>
    </Item>
    <Item>
      <PriceUpdateDate>2025-04-20 07:57:52</PriceUpdateDate>
      <ItemCode>7613035809857</ItemCode>
      <ItemType>1</ItemType>
      <ItemName>רוטב עגבניות לפסטה ו</ItemName>
      <ManufacturerName>לא ידוע</ManufacturerName>
      <ManufactureCountry>לא ידוע</ManufactureCountry>
      <ManufacturerItemDescription>רוטב עגבניות לפסטה ו</ManufacturerItemDescription>
      <UnitQty>לא ידוע</UnitQty>
      <Quantity>40.00</Quantity>
      <UnitOfMeasure>100 גרם</UnitOfMeasure>
      <bIsWeighted>0</bIsWeighted>
      <QtyInPackage>לא ידוע</QtyInPackage>
      <ItemPrice>13.90</ItemPrice>
      <UnitOfMeasurePrice>0.3475</UnitOfMeasurePrice>
      <AllowDiscount>1</AllowDiscount>
      <ItemStatus>1</ItemStatus>
      <ItemId>165916</ItemId>
    </Item>
    <Item>
      <PriceUpdateDate>2025-04-20 07:57:53</PriceUpdateDate>
      <ItemCode>7613036710879</ItemCode>
      <ItemType>1</ItemType>
      <ItemName>קיט קט צ'אנקי מיני 1</ItemName>
      <ManufacturerName>לא ידוע</ManufacturerName>
      <ManufactureCountry>לא ידוע</ManufactureCountry>
      <ManufacturerItemDescription>קיט קט צ'אנקי מיני 1</ManufacturerItemDescription>
      <UnitQty>לא ידוע</UnitQty>
      <Quantity>194.00</Quantity>
      <UnitOfMeasure>100 גרם</UnitOfMeasure>
      <bIsWeighted>0</bIsWeighted>
      <QtyInPackage>לא ידוע</QtyInPackage>
      <ItemPrice>16.90</ItemPrice>
      <UnitOfMeasurePrice>0.0871</UnitOfMeasurePrice>
      <AllowDiscount>1</AllowDiscount>
      <ItemStatus>1</ItemStatus>
      <ItemId>165920</ItemId>
    </Item>
    <Item>
      <PriceUpdateDate>2025-04-20 07:57:58</PriceUpdateDate>
      <ItemCode>7613039771174</ItemCode>
      <ItemType>1</ItemType>
      <ItemName>טבעול סנסשיונל טחון</ItemName>
      <ManufacturerName>לא ידוע</ManufacturerName>
      <ManufactureCountry>לא ידוע</ManufactureCountry>
      <ManufacturerItemDescription>טבעול סנסשיונל טחון</ManufacturerItemDescription>
      <UnitQty>לא ידוע</UnitQty>
      <Quantity>400.00</Quantity>
      <UnitOfMeasure>100 גרם</UnitOfMeasure>
      <bIsWeighted>0</bIsWeighted>
      <QtyInPackage>לא ידוע</QtyInPackage>
      <ItemPrice>39.90</ItemPrice>
      <UnitOfMeasurePrice>0.0997</UnitOfMeasurePrice>
      <AllowDiscount>1</AllowDiscount>
      <ItemStatus>1</ItemStatus>
      <ItemId>165936</ItemId>
    </Item>
    <Item>
      <PriceUpdateDate>2025-04-20 07:58:29</PriceUpdateDate>
      <ItemCode>7290015172073</ItemCode>
      <ItemType>1</ItemType>
      <ItemName>גיוזה פיטריות דים סא</ItemName>
      <ManufacturerName>לא ידוע</ManufacturerName>
      <ManufactureCountry>לא ידוע</ManufactureCountry>
      <ManufacturerItemDescription>גיוזה פיטריות דים סא</ManufacturerItemDescription>
      <UnitQty>לא ידוע</UnitQty>
      <Quantity>270.00</Quantity>
      <UnitOfMeasure>100 גרם</UnitOfMeasure>
      <bIsWeighted>0</bIsWeighted>
      <QtyInPackage>לא ידוע</QtyInPackage>
      <ItemPrice>33.90</ItemPrice>
      <UnitOfMeasurePrice>0.1256</UnitOfMeasurePrice>
      <AllowDiscount>1</AllowDiscount>
      <ItemStatus>1</ItemStatus>
      <ItemId>179227</ItemId>
    </Item>
    <Item>
      <PriceUpdateDate>2025-05-05 08:26:44</PriceUpdateDate>
      <ItemCode>7290018972373</ItemCode>
      <ItemType>1</ItemType>
      <ItemName>אדממה פולי סויה מוקפ</ItemName>
      <ManufacturerName>לא ידוע</ManufacturerName>
      <ManufactureCountry>לא ידוע</ManufactureCountry>
      <ManufacturerItemDescription>אדממה פולי סויה מוקפ</ManufacturerItemDescription>
      <UnitQty>לא ידוע</UnitQty>
      <Quantity>450.00</Quantity>
      <UnitOfMeasure>100 גרם</UnitOfMeasure>
      <bIsWeighted>0</bIsWeighted>
      <QtyInPackage>לא ידוע</QtyInPackage>
      <ItemPrice>10.90</ItemPrice>
      <UnitOfMeasurePrice>0.0242</UnitOfMeasurePrice>
      <AllowDiscount>1</AllowDiscount>
      <ItemStatus>1</ItemStatus>
      <ItemId>178631</ItemId>
    </Item>
    <Item>
      <PriceUpdateDate>2025-05-05 08:29:02</PriceUpdateDate>
      <ItemCode>7290000288024</ItemCode>
      <ItemType>1</ItemType>
      <ItemName>אקונומיקה סנו ז'אוול</ItemName>
      <ManufacturerName>קריות זול</ManufacturerName>
      <ManufactureCountry>לא ידוע</ManufactureCountry>
      <ManufacturerItemDescription>אקונומיקה סנו ז'אוול</ManufacturerItemDescription>
      <UnitQty>לא ידוע</UnitQty>
      <Quantity>4.00</Quantity>
      <UnitOfMeasure>ליטר    </UnitOfMeasure>
      <bIsWeighted>0</bIsWeighted>
      <QtyInPackage>לא ידוע</QtyInPackage>
      <ItemPrice>17.90</ItemPrice>
      <UnitOfMeasurePrice>4.4750</UnitOfMeasurePrice>
      <AllowDiscount>1</AllowDiscount>
      <ItemStatus>1</ItemStatus>
      <ItemId>81558</ItemId>
    </Item>
    <Item>
      <PriceUpdateDate>2025-05-05 08:29:25</PriceUpdateDate>
      <ItemCode>7290012117350</ItemCode>
      <ItemType>1</ItemType>
      <ItemName>ריצפז פרש לילך לבנדר</ItemName>
      <ManufacturerName>לא ידוע</ManufacturerName>
      <ManufactureCountry>לא ידוע</ManufactureCountry>
      <ManufacturerItemDescription>ריצפז פרש לילך לבנדר</ManufacturerItemDescription>
      <UnitQty>לא ידוע</UnitQty>
      <Quantity>2.00</Quantity>
      <UnitOfMeasure>ליטר    </UnitOfMeasure>
      <bIsWeighted>0</bIsWeighted>
      <QtyInPackage>לא ידוע</QtyInPackage>
      <ItemPrice>18.90</ItemPrice>
      <UnitOfMeasurePrice>9.4500</UnitOfMeasurePrice>
      <AllowDiscount>1</AllowDiscount>
      <ItemStatus>1</ItemStatus>
      <ItemId>81983</ItemId>
    </Item>
    <Item>
      <PriceUpdateDate>2025-05-05 09:01:19</PriceUpdateDate>
      <ItemCode>8420822132475</ItemCode>
      <ItemType>1</ItemType>
      <ItemName>סופר קלינר KH 7 למטב</ItemName>
      <ManufacturerName>לא ידוע</ManufacturerName>
      <ManufactureCountry>לא ידוע</ManufactureCountry>
      <ManufacturerItemDescription>סופר קלינר KH 7 למטב</ManufacturerItemDescription>
      <UnitQty>לא ידוע</UnitQty>
      <Quantity>750.00</Quantity>
      <UnitOfMeasure>לא ידוע</UnitOfMeasure>
      <bIsWeighted>0</bIsWeighted>
      <QtyInPackage>לא ידוע</QtyInPackage>
      <ItemPrice>17.90</ItemPrice>
      <UnitOfMeasurePrice>0.0239</UnitOfMeasurePrice>
      <AllowDiscount>1</AllowDiscount>
      <ItemStatus>1</ItemStatus>
      <ItemId>182670</ItemId>
    </Item>
    <Item>
      <PriceUpdateDate>2025-05-05 09:01:27</PriceUpdateDate>
      <ItemCode>7290112003188</ItemCode>
      <ItemType>1</ItemType>
      <ItemName>קולון קפסולות 60 יח</ItemName>
      <ManufacturerName>לא ידוע</ManufacturerName>
      <ManufactureCountry>לא ידוע</ManufactureCountry>
      <ManufacturerItemDescription>קולון קפסולות 60 יח</ManufacturerItemDescription>
      <UnitQty>יחידה   </UnitQty>
      <Quantity>0.00</Quantity>
      <UnitOfMeasure>יחידה   </UnitOfMeasure>
      <bIsWeighted>0</bIsWeighted>
      <QtyInPackage>לא ידוע</QtyInPackage>
      <ItemPrice>55.90</ItemPrice>
      <UnitOfMeasurePrice>0.0000</UnitOfMeasurePrice>
      <AllowDiscount>1</AllowDiscount>
      <ItemStatus>1</ItemStatus>
      <ItemId>157376</ItemId>
    </Item>
    <Item>
      <PriceUpdateDate>2025-05-05 09:11:03</PriceUpdateDate>
      <ItemCode>7290011498221</ItemCode>
      <ItemType>1</ItemType>
      <ItemName>סילאן שקד תבור 900 ג</ItemName>
      <ManufacturerName>לא ידוע</ManufacturerName>
      <ManufactureCountry>לא ידוע</ManufactureCountry>
      <ManufacturerItemDescription>סילאן שקד תבור 900 ג</ManufacturerItemDescription>
      <UnitQty>לא ידוע</UnitQty>
      <Quantity>900.00</Quantity>
      <UnitOfMeasure>100 גרם</UnitOfMeasure>
      <bIsWeighted>0</bIsWeighted>
      <QtyInPackage>לא ידוע</QtyInPackage>
      <ItemPrice>20.90</ItemPrice>
      <UnitOfMeasurePrice>0.0232</UnitOfMeasurePrice>
      <AllowDiscount>1</AllowDiscount>
      <ItemStatus>1</ItemStatus>
      <ItemId>181644</ItemId>
    </Item>
    <Item>
      <PriceUpdateDate>2025-05-05 14:07:06</PriceUpdateDate>
      <ItemCode>7290017888095</ItemCode>
      <ItemType>1</ItemType>
      <ItemName>שוופס מוגז עדין פירו</ItemName>
      <ManufacturerName>לא ידוע</ManufacturerName>
      <ManufactureCountry>לא ידוע</ManufactureCountry>
      <ManufacturerItemDescription>שוופס מוגז עדין פירו</ManufacturerItemDescription>
      <UnitQty>לא ידוע</UnitQty>
      <Quantity>1320.00</Quantity>
      <UnitOfMeasure>לא ידוע</UnitOfMeasure>
      <bIsWeighted>0</bIsWeighted>
      <QtyInPackage>לא ידוע</QtyInPackage>
      <ItemPrice>15.90</ItemPrice>
      <UnitOfMeasurePrice>0.0120</UnitOfMeasurePrice>
      <AllowDiscount>1</AllowDiscount>
      <ItemStatus>1</ItemStatus>
      <ItemId>126672</ItemId>
    </Item>
    <Item>
      <PriceUpdateDate>2025-05-05 14:35:31</PriceUpdateDate>
      <ItemCode>8000380004966</ItemCode>
      <ItemType>1</ItemType>
      <ItemName>וופל קוודרטיני קוביו</ItemName>
      <ManufacturerName>קריות זול</ManufacturerName>
      <ManufactureCountry>לא ידוע</ManufactureCountry>
      <ManufacturerItemDescription>וופל קוודרטיני קוביו</ManufacturerItemDescription>
      <UnitQty>לא ידוע</UnitQty>
      <Quantity>250.00</Quantity>
      <UnitOfMeasure>100 גרם</UnitOfMeasure>
      <bIsWeighted>0</bIsWeighted>
      <QtyInPackage>לא ידוע</QtyInPackage>
      <ItemPrice>19.90</ItemPrice>
      <UnitOfMeasurePrice>0.0796</UnitOfMeasurePrice>
      <AllowDiscount>1</AllowDiscount>
      <ItemStatus>1</ItemStatus>
      <ItemId>167472</ItemId>
    </Item>
    <Item>
      <PriceUpdateDate>2025-05-05 14:53:00</PriceUpdateDate>
      <ItemCode>7290100703564</ItemCode>
      <ItemType>1</ItemType>
      <ItemName>פתיתי שיבולת שועל עב</ItemName>
      <ManufacturerName>לא ידוע</ManufacturerName>
      <ManufactureCountry>לא ידוע</ManufactureCountry>
      <ManufacturerItemDescription>פתיתי שיבולת שועל עב</ManufacturerItemDescription>
      <UnitQty>לא ידוע</UnitQty>
      <Quantity>500.00</Quantity>
      <UnitOfMeasure>100 גרם</UnitOfMeasure>
      <bIsWeighted>0</bIsWeighted>
      <QtyInPackage>לא ידוע</QtyInPackage>
      <ItemPrice>9.90</ItemPrice>
      <UnitOfMeasurePrice>0.0198</UnitOfMeasurePrice>
      <AllowDiscount>1</AllowDiscount>
      <ItemStatus>1</ItemStatus>
      <ItemId>167648</ItemId>
    </Item>
    <Item>
      <PriceUpdateDate>2025-05-06 08:34:25</PriceUpdateDate>
      <ItemCode>7290113192331</ItemCode>
      <ItemType>1</ItemType>
      <ItemName>זיתים ירוקים שלמים ג</ItemName>
      <ManufacturerName>לא ידוע</ManufacturerName>
      <ManufactureCountry>לא ידוע</ManufactureCountry>
      <ManufacturerItemDescription>זיתים ירוקים שלמים ג</ManufacturerItemDescription>
      <UnitQty>לא ידוע</UnitQty>
      <Quantity>560.00</Quantity>
      <UnitOfMeasure>100 גרם</UnitOfMeasure>
      <bIsWeighted>0</bIsWeighted>
      <QtyInPackage>לא ידוע</QtyInPackage>
      <ItemPrice>13.90</ItemPrice>
      <UnitOfMeasurePrice>0.0248</UnitOfMeasurePrice>
      <AllowDiscount>1</AllowDiscount>
      <ItemStatus>1</ItemStatus>
      <ItemId>155074</ItemId>
    </Item>
    <Item>
      <PriceUpdateDate>2025-05-12 15:46:52</PriceUpdateDate>
      <ItemCode>5900951316272</ItemCode>
      <ItemType>1</ItemType>
      <ItemName>אם אן אם בוטנים 150</ItemName>
      <ManufacturerName>לא ידוע</ManufacturerName>
      <ManufactureCountry>לא ידוע</ManufactureCountry>
      <ManufacturerItemDescription>אם אן אם בוטנים 150</ManufacturerItemDescription>
      <UnitQty>לא ידוע</UnitQty>
      <Quantity>150.00</Quantity>
      <UnitOfMeasure>100 גרם</UnitOfMeasure>
      <bIsWeighted>0</bIsWeighted>
      <QtyInPackage>לא ידוע</QtyInPackage>
      <ItemPrice>16.90</ItemPrice>
      <UnitOfMeasurePrice>0.1127</UnitOfMeasurePrice>
      <AllowDiscount>1</AllowDiscount>
      <ItemStatus>1</ItemStatus>
      <ItemId>181799</ItemId>
    </Item>
    <Item>
      <PriceUpdateDate>2025-05-13 11:50:29</PriceUpdateDate>
      <ItemCode>7290000045580</ItemCode>
      <ItemType>1</ItemType>
      <ItemName>גבינת חורש 16 יחידות</ItemName>
      <ManufacturerName>קריות זול</ManufacturerName>
      <ManufactureCountry>לא ידוע</ManufactureCountry>
      <ManufacturerItemDescription>גבינת חורש 16 יחידות</ManufacturerItemDescription>
      <UnitQty>לא ידוע</UnitQty>
      <Quantity>240.00</Quantity>
      <UnitOfMeasure>100 גרם</UnitOfMeasure>
      <bIsWeighted>0</bIsWeighted>
      <QtyInPackage>לא ידוע</QtyInPackage>
      <ItemPrice>23.70</ItemPrice>
      <UnitOfMeasurePrice>0.0987</UnitOfMeasurePrice>
      <AllowDiscount>1</AllowDiscount>
      <ItemStatus>1</ItemStatus>
      <ItemId>85886</ItemId>
    </Item>
    <Item>
      <PriceUpdateDate>2025-05-13 11:50:53</PriceUpdateDate>
      <ItemCode>7290014761193</ItemCode>
      <ItemType>1</ItemType>
      <ItemName>יוגורט עם פירות יער</ItemName>
      <ManufacturerName>לא ידוע</ManufacturerName>
      <ManufactureCountry>לא ידוע</ManufactureCountry>
      <ManufacturerItemDescription>יוגורט עם פירות יער</ManufacturerItemDescription>
      <UnitQty>לא ידוע</UnitQty>
      <Quantity>125.00</Quantity>
      <UnitOfMeasure>100 גרם</UnitOfMeasure>
      <bIsWeighted>0</bIsWeighted>
      <QtyInPackage>לא ידוע</QtyInPackage>
      <ItemPrice>4.10</ItemPrice>
      <UnitOfMeasurePrice>0.0328</UnitOfMeasurePrice>
      <AllowDiscount>1</AllowDiscount>
      <ItemStatus>1</ItemStatus>
      <ItemId>100297</ItemId>
    </Item>
    <Item>
      <PriceUpdateDate>2025-05-14 10:20:17</PriceUpdateDate>
      <ItemCode>7290019587774</ItemCode>
      <ItemType>1</ItemType>
      <ItemName>לבבות דקל בייבי בצנצ</ItemName>
      <ManufacturerName>לא ידוע</ManufacturerName>
      <ManufactureCountry>לא ידוע</ManufactureCountry>
      <ManufacturerItemDescription>לבבות דקל בייבי בצנצ</ManufacturerItemDescription>
      <UnitQty>לא ידוע</UnitQty>
      <Quantity>190.00</Quantity>
      <UnitOfMeasure>100 גרם</UnitOfMeasure>
      <bIsWeighted>0</bIsWeighted>
      <QtyInPackage>לא ידוע</QtyInPackage>
      <ItemPrice>10.90</ItemPrice>
      <UnitOfMeasurePrice>0.0574</UnitOfMeasurePrice>
      <AllowDiscount>1</AllowDiscount>
      <ItemStatus>1</ItemStatus>
      <ItemId>187983</ItemId>
    </Item>
    <Item>
      <PriceUpdateDate>2025-05-18 13:41:21</PriceUpdateDate>
      <ItemCode>7290002881247</ItemCode>
      <ItemType>1</ItemType>
      <ItemName>אננס פרוסות 850 גר</ItemName>
      <ManufacturerName>קריות זול</ManufacturerName>
      <ManufactureCountry>לא ידוע</ManufactureCountry>
      <ManufacturerItemDescription>אננס פרוסות 850 גר</ManufacturerItemDescription>
      <UnitQty>לא ידוע</UnitQty>
      <Quantity>850.00</Quantity>
      <UnitOfMeasure>100 גרם</UnitOfMeasure>
      <bIsWeighted>0</bIsWeighted>
      <QtyInPackage>לא ידוע</QtyInPackage>
      <ItemPrice>9.90</ItemPrice>
      <UnitOfMeasurePrice>0.0116</UnitOfMeasurePrice>
      <AllowDiscount>1</AllowDiscount>
      <ItemStatus>1</ItemStatus>
      <ItemId>79035</ItemId>
    </Item>
    <Item>
      <PriceUpdateDate>2025-05-18 15:18:42</PriceUpdateDate>
      <ItemCode>7290110115876</ItemCode>
      <ItemType>1</ItemType>
      <ItemName>קינלי סודה 1.5ליטר</ItemName>
      <ManufacturerName>קריות זול</ManufacturerName>
      <ManufactureCountry>לא ידוע</ManufactureCountry>
      <ManufacturerItemDescription>קינלי סודה 1.5ליטר</ManufacturerItemDescription>
      <UnitQty>לא ידוע</UnitQty>
      <Quantity>1500.00</Quantity>
      <UnitOfMeasure>לא ידוע</UnitOfMeasure>
      <bIsWeighted>0</bIsWeighted>
      <QtyInPackage>לא ידוע</QtyInPackage>
      <ItemPrice>6.10</ItemPrice>
      <UnitOfMeasurePrice>0.0041</UnitOfMeasurePrice>
      <AllowDiscount>1</AllowDiscount>
      <ItemStatus>1</ItemStatus>
      <ItemId>159601</ItemId>
    </Item>
    <Item>
      <PriceUpdateDate>2025-05-18 15:18:48</PriceUpdateDate>
      <ItemCode>7290001594377</ItemCode>
      <ItemType>1</ItemType>
      <ItemName>פריגת משקה קל תפוזים</ItemName>
      <ManufacturerName>קריות זול</ManufacturerName>
      <ManufactureCountry>לא ידוע</ManufactureCountry>
      <ManufacturerItemDescription>פריגת משקה קל תפוזים</ManufacturerItemDescription>
      <UnitQty>לא ידוע</UnitQty>
      <Quantity>500.00</Quantity>
      <UnitOfMeasure>לא ידוע</UnitOfMeasure>
      <bIsWeighted>0</bIsWeighted>
      <QtyInPackage>לא ידוע</QtyInPackage>
      <ItemPrice>8.10</ItemPrice>
      <UnitOfMeasurePrice>0.0162</UnitOfMeasurePrice>
      <AllowDiscount>1</AllowDiscount>
      <ItemStatus>1</ItemStatus>
      <ItemId>95821</ItemId>
    </Item>
    <Item>
      <PriceUpdateDate>2025-05-18 15:18:53</PriceUpdateDate>
      <ItemCode>7290011015985</ItemCode>
      <ItemType>1</ItemType>
      <ItemName>סירופ ד.אננס 750 מל</ItemName>
      <ManufacturerName>לא ידוע</ManufacturerName>
      <ManufactureCountry>לא ידוע</ManufactureCountry>
      <ManufacturerItemDescription>סירופ ד.אננס 750 מל</ManufacturerItemDescription>
      <UnitQty>לא ידוע</UnitQty>
      <Quantity>750.00</Quantity>
      <UnitOfMeasure>לא ידוע</UnitOfMeasure>
      <bIsWeighted>0</bIsWeighted>
      <QtyInPackage>לא ידוע</QtyInPackage>
      <ItemPrice>20.90</ItemPrice>
      <UnitOfMeasurePrice>0.0279</UnitOfMeasurePrice>
      <AllowDiscount>1</AllowDiscount>
      <ItemStatus>1</ItemStatus>
      <ItemId>172804</ItemId>
    </Item>
    <Item>
      <PriceUpdateDate>2025-05-18 15:19:05</PriceUpdateDate>
      <ItemCode>7290110115357</ItemCode>
      <ItemType>1</ItemType>
      <ItemName>קינלי סודה 1.5ליטר</ItemName>
      <ManufacturerName>קריות זול</ManufacturerName>
      <ManufactureCountry>לא ידוע</ManufactureCountry>
      <ManufacturerItemDescription>קינלי סודה 1.5ליטר</ManufacturerItemDescription>
      <UnitQty>לא ידוע</UnitQty>
      <Quantity>1500.00</Quantity>
      <UnitOfMeasure>לא ידוע</UnitOfMeasure>
      <bIsWeighted>0</bIsWeighted>
      <QtyInPackage>לא ידוע</QtyInPackage>
      <ItemPrice>6.10</ItemPrice>
      <UnitOfMeasurePrice>0.0041</UnitOfMeasurePrice>
      <AllowDiscount>1</AllowDiscount>
      <ItemStatus>1</ItemStatus>
      <ItemId>159445</ItemId>
    </Item>
    <Item>
      <PriceUpdateDate>2025-05-20 14:04:56</PriceUpdateDate>
      <ItemCode>7290006241535</ItemCode>
      <ItemType>1</ItemType>
      <ItemName>פריגת מנגו קפוא 350ג</ItemName>
      <ManufacturerName>קריות זול</ManufacturerName>
      <ManufactureCountry>לא ידוע</ManufactureCountry>
      <ManufacturerItemDescription>פריגת מנגו קפוא 350ג</ManufacturerItemDescription>
      <UnitQty>לא ידוע</UnitQty>
      <Quantity>350.00</Quantity>
      <UnitOfMeasure>100 גרם</UnitOfMeasure>
      <bIsWeighted>0</bIsWeighted>
      <QtyInPackage>לא ידוע</QtyInPackage>
      <ItemPrice>15.30</ItemPrice>
      <UnitOfMeasurePrice>0.0437</UnitOfMeasurePrice>
      <AllowDiscount>1</AllowDiscount>
      <ItemStatus>1</ItemStatus>
      <ItemId>84037</ItemId>
    </Item>
    <Item>
      <PriceUpdateDate>2025-05-20 14:04:59</PriceUpdateDate>
      <ItemCode>7290102391844</ItemCode>
      <ItemType>1</ItemType>
      <ItemName>מולר פרופ לבן+קציפת</ItemName>
      <ManufacturerName>לא ידוע</ManufacturerName>
      <ManufactureCountry>לא ידוע</ManufactureCountry>
      <ManufacturerItemDescription>מולר פרופ לבן+קציפת</ManufacturerItemDescription>
      <UnitQty>לא ידוע</UnitQty>
      <Quantity>150.00</Quantity>
      <UnitOfMeasure>100 גרם</UnitOfMeasure>
      <bIsWeighted>0</bIsWeighted>
      <QtyInPackage>לא ידוע</QtyInPackage>
      <ItemPrice>6.20</ItemPrice>
      <UnitOfMeasurePrice>0.0413</UnitOfMeasurePrice>
      <AllowDiscount>1</AllowDiscount>
      <ItemStatus>1</ItemStatus>
      <ItemId>84079</ItemId>
    </Item>
    <Item>
      <PriceUpdateDate>2025-05-20 14:05:12</PriceUpdateDate>
      <ItemCode>7290102399635</ItemCode>
      <ItemType>1</ItemType>
      <ItemName>מולר פרופ טרופיקל 4.</ItemName>
      <ManufacturerName>לא ידוע</ManufacturerName>
      <ManufactureCountry>לא ידוע</ManufactureCountry>
      <ManufacturerItemDescription>מולר פרופ טרופיקל 4.</ManufacturerItemDescription>
      <UnitQty>לא ידוע</UnitQty>
      <Quantity>150.00</Quantity>
      <UnitOfMeasure>100 גרם</UnitOfMeasure>
      <bIsWeighted>0</bIsWeighted>
      <QtyInPackage>לא ידוע</QtyInPackage>
      <ItemPrice>6.20</ItemPrice>
      <UnitOfMeasurePrice>0.0413</UnitOfMeasurePrice>
      <AllowDiscount>1</AllowDiscount>
      <ItemStatus>1</ItemStatus>
      <ItemId>147682</ItemId>
    </Item>
    <Item>
      <PriceUpdateDate>2025-05-20 14:05:13</PriceUpdateDate>
      <ItemCode>7290102399819</ItemCode>
      <ItemType>1</ItemType>
      <ItemName>מולר אקטיב יוגורט 20</ItemName>
      <ManufacturerName>לא ידוע</ManufacturerName>
      <ManufactureCountry>לא ידוע</ManufactureCountry>
      <ManufacturerItemDescription>מולר אקטיב יוגורט 20</ManufacturerItemDescription>
      <UnitQty>לא ידוע</UnitQty>
      <Quantity>200.00</Quantity>
      <UnitOfMeasure>100 גרם</UnitOfMeasure>
      <bIsWeighted>0</bIsWeighted>
      <QtyInPackage>לא ידוע</QtyInPackage>
      <ItemPrice>7.30</ItemPrice>
      <UnitOfMeasurePrice>0.0365</UnitOfMeasurePrice>
      <AllowDiscount>1</AllowDiscount>
      <ItemStatus>1</ItemStatus>
      <ItemId>134590</ItemId>
    </Item>
    <Item>
      <PriceUpdateDate>2025-05-28 15:14:00</PriceUpdateDate>
      <ItemCode>7290000111117</ItemCode>
      <ItemType>1</ItemType>
      <ItemName>בדין לבן מרכך כביסה</ItemName>
      <ManufacturerName>קריות זול</ManufacturerName>
      <ManufactureCountry>לא ידוע</ManufactureCountry>
      <ManufacturerItemDescription>בדין לבן מרכך כביסה</ManufacturerItemDescription>
      <UnitQty>לא ידוע</UnitQty>
      <Quantity>4.00</Quantity>
      <UnitOfMeasure>ליטר    </UnitOfMeasure>
      <bIsWeighted>0</bIsWeighted>
      <QtyInPackage>לא ידוע</QtyInPackage>
      <ItemPrice>27.90</ItemPrice>
      <UnitOfMeasurePrice>6.9750</UnitOfMeasurePrice>
      <AllowDiscount>1</AllowDiscount>
      <ItemStatus>1</ItemStatus>
      <ItemId>82593</ItemId>
    </Item>
    <Item>
      <PriceUpdateDate>2025-05-28 15:14:20</PriceUpdateDate>
      <ItemCode>7290112495150</ItemCode>
      <ItemType>1</ItemType>
      <ItemName>נשנושים עגול מלוח 30</ItemName>
      <ManufacturerName>לא ידוע</ManufacturerName>
      <ManufactureCountry>לא ידוע</ManufactureCountry>
      <ManufacturerItemDescription>נשנושים עגול מלוח 30</ManufacturerItemDescription>
      <UnitQty>לא ידוע</UnitQty>
      <Quantity>300.00</Quantity>
      <UnitOfMeasure>100 גרם</UnitOfMeasure>
      <bIsWeighted>0</bIsWeighted>
      <QtyInPackage>לא ידוע</QtyInPackage>
      <ItemPrice>17.90</ItemPrice>
      <UnitOfMeasurePrice>0.0597</UnitOfMeasurePrice>
      <AllowDiscount>1</AllowDiscount>
      <ItemStatus>1</ItemStatus>
      <ItemId>166394</ItemId>
    </Item>
    <Item>
      <PriceUpdateDate>2025-05-28 15:14:20</PriceUpdateDate>
      <ItemCode>7290112495174</ItemCode>
      <ItemType>1</ItemType>
      <ItemName>קוקטייל שומשום 300גר</ItemName>
      <ManufacturerName>לא ידוע</ManufacturerName>
      <ManufactureCountry>לא ידוע</ManufactureCountry>
      <ManufacturerItemDescription>קוקטייל שומשום 300גר</ManufacturerItemDescription>
      <UnitQty>לא ידוע</UnitQty>
      <Quantity>300.00</Quantity>
      <UnitOfMeasure>100 גרם</UnitOfMeasure>
      <bIsWeighted>0</bIsWeighted>
      <QtyInPackage>לא ידוע</QtyInPackage>
      <ItemPrice>17.90</ItemPrice>
      <UnitOfMeasurePrice>0.0597</UnitOfMeasurePrice>
      <AllowDiscount>1</AllowDiscount>
      <ItemStatus>1</ItemStatus>
      <ItemId>166396</ItemId>
    </Item>
    <Item>
      <PriceUpdateDate>2025-05-28 15:14:21</PriceUpdateDate>
      <ItemCode>7290112495280</ItemCode>
      <ItemType>1</ItemType>
      <ItemName>ברנפלקס ריבועי קינמו</ItemName>
      <ManufacturerName>לא ידוע</ManufacturerName>
      <ManufactureCountry>לא ידוע</ManufactureCountry>
      <ManufacturerItemDescription>ברנפלקס ריבועי קינמו</ManufacturerItemDescription>
      <UnitQty>לא ידוע</UnitQty>
      <Quantity>500.00</Quantity>
      <UnitOfMeasure>100 גרם</UnitOfMeasure>
      <bIsWeighted>0</bIsWeighted>
      <QtyInPackage>לא ידוע</QtyInPackage>
      <ItemPrice>28.90</ItemPrice>
      <UnitOfMeasurePrice>0.0578</UnitOfMeasurePrice>
      <AllowDiscount>1</AllowDiscount>
      <ItemStatus>1</ItemStatus>
      <ItemId>166401</ItemId>
    </Item>
    <Item>
      <PriceUpdateDate>2025-05-28 15:14:21</PriceUpdateDate>
      <ItemCode>7290112495594</ItemCode>
      <ItemType>1</ItemType>
      <ItemName>בייגלה שמיניות גדולו</ItemName>
      <ManufacturerName>לא ידוע</ManufacturerName>
      <ManufactureCountry>לא ידוע</ManufactureCountry>
      <ManufacturerItemDescription>בייגלה שמיניות גדולו</ManufacturerItemDescription>
      <UnitQty>יחידה   </UnitQty>
      <Quantity>0.00</Quantity>
      <UnitOfMeasure>יחידה   </UnitOfMeasure>
      <bIsWeighted>0</bIsWeighted>
      <QtyInPackage>לא ידוע</QtyInPackage>
      <ItemPrice>17.90</ItemPrice>
      <UnitOfMeasurePrice>0.0000</UnitOfMeasurePrice>
      <AllowDiscount>1</AllowDiscount>
      <ItemStatus>1</ItemStatus>
      <ItemId>166408</ItemId>
    </Item>
    <Item>
      <PriceUpdateDate>2025-05-28 15:14:29</PriceUpdateDate>
      <ItemCode>7290116532769</ItemCode>
      <ItemType>1</ItemType>
      <ItemName>גרנולה פרוטאין תפוח</ItemName>
      <ManufacturerName>לא ידוע</ManufacturerName>
      <ManufactureCountry>לא ידוע</ManufactureCountry>
      <ManufacturerItemDescription>גרנולה פרוטאין תפוח</ManufacturerItemDescription>
      <UnitQty>לא ידוע</UnitQty>
      <Quantity>300.00</Quantity>
      <UnitOfMeasure>100 גרם</UnitOfMeasure>
      <bIsWeighted>0</bIsWeighted>
      <QtyInPackage>לא ידוע</QtyInPackage>
      <ItemPrice>20.90</ItemPrice>
      <UnitOfMeasurePrice>0.0697</UnitOfMeasurePrice>
      <AllowDiscount>1</AllowDiscount>
      <ItemStatus>1</ItemStatus>
      <ItemId>172530</ItemId>
    </Item>
    <Item>
      <PriceUpdateDate>2025-05-28 15:14:31</PriceUpdateDate>
      <ItemCode>7290116533117</ItemCode>
      <ItemType>1</ItemType>
      <ItemName>פינוק ת.רחצה ורדים ל</ItemName>
      <ManufacturerName>לא ידוע</ManufacturerName>
      <ManufactureCountry>לא ידוע</ManufactureCountry>
      <ManufacturerItemDescription>פינוק ת.רחצה ורדים ל</ManufacturerItemDescription>
      <UnitQty>לא ידוע</UnitQty>
      <Quantity>700.00</Quantity>
      <UnitOfMeasure>לא ידוע</UnitOfMeasure>
      <bIsWeighted>0</bIsWeighted>
      <QtyInPackage>לא ידוע</QtyInPackage>
      <ItemPrice>13.90</ItemPrice>
      <UnitOfMeasurePrice>0.0199</UnitOfMeasurePrice>
      <AllowDiscount>1</AllowDiscount>
      <ItemStatus>1</ItemStatus>
      <ItemId>171888</ItemId>
    </Item>
    <Item>
      <PriceUpdateDate>2025-05-28 15:14:33</PriceUpdateDate>
      <ItemCode>7290116534718</ItemCode>
      <ItemType>1</ItemType>
      <ItemName>בדין מדולל מרכך כביס</ItemName>
      <ManufacturerName>לא ידוע</ManufacturerName>
      <ManufactureCountry>לא ידוע</ManufactureCountry>
      <ManufacturerItemDescription>בדין מדולל מרכך כביס</ManufacturerItemDescription>
      <UnitQty>לא ידוע</UnitQty>
      <Quantity>4000.00</Quantity>
      <UnitOfMeasure>לא ידוע</UnitOfMeasure>
      <bIsWeighted>0</bIsWeighted>
      <QtyInPackage>לא ידוע</QtyInPackage>
      <ItemPrice>26.90</ItemPrice>
      <UnitOfMeasurePrice>0.0067</UnitOfMeasurePrice>
      <AllowDiscount>1</AllowDiscount>
      <ItemStatus>1</ItemStatus>
      <ItemId>176249</ItemId>
    </Item>
    <Item>
      <PriceUpdateDate>2025-05-28 15:14:34</PriceUpdateDate>
      <ItemCode>7290116534879</ItemCode>
      <ItemType>1</ItemType>
      <ItemName>פינוק 3 ב 1 לגבר בתו</ItemName>
      <ManufacturerName>קריות זול</ManufacturerName>
      <ManufactureCountry>לא ידוע</ManufactureCountry>
      <ManufacturerItemDescription>פינוק 3 ב 1 לגבר בתו</ManufacturerItemDescription>
      <UnitQty>לא ידוע</UnitQty>
      <Quantity>700.00</Quantity>
      <UnitOfMeasure>לא ידוע</UnitOfMeasure>
      <bIsWeighted>0</bIsWeighted>
      <QtyInPackage>לא ידוע</QtyInPackage>
      <ItemPrice>13.90</ItemPrice>
      <UnitOfMeasurePrice>0.0199</UnitOfMeasurePrice>
      <AllowDiscount>1</AllowDiscount>
      <ItemStatus>1</ItemStatus>
      <ItemId>179237</ItemId>
    </Item>
    <Item>
      <PriceUpdateDate>2025-06-04 10:01:53</PriceUpdateDate>
      <ItemCode>7290000419909</ItemCode>
      <ItemType>1</ItemType>
      <ItemName>לנדוור קפה שחור טעם</ItemName>
      <ManufacturerName>לא ידוע</ManufacturerName>
      <ManufactureCountry>לא ידוע</ManufactureCountry>
      <ManufacturerItemDescription>לנדוור קפה שחור טעם</ManufacturerItemDescription>
      <UnitQty>לא ידוע</UnitQty>
      <Quantity>100.00</Quantity>
      <UnitOfMeasure>100 גרם</UnitOfMeasure>
      <bIsWeighted>0</bIsWeighted>
      <QtyInPackage>לא ידוע</QtyInPackage>
      <ItemPrice>11.90</ItemPrice>
      <UnitOfMeasurePrice>0.1190</UnitOfMeasurePrice>
      <AllowDiscount>1</AllowDiscount>
      <ItemStatus>1</ItemStatus>
      <ItemId>127790</ItemId>
    </Item>
    <Item>
      <PriceUpdateDate>2025-06-05 08:51:38</PriceUpdateDate>
      <ItemCode>7290110564742</ItemCode>
      <ItemType>1</ItemType>
      <ItemName>משקה קפה קר בסיגנון</ItemName>
      <ManufacturerName>לא ידוע</ManufacturerName>
      <ManufactureCountry>לא ידוע</ManufactureCountry>
      <ManufacturerItemDescription>משקה קפה קר בסיגנון</ManufacturerItemDescription>
      <UnitQty>לא ידוע</UnitQty>
      <Quantity>230.00</Quantity>
      <UnitOfMeasure>100 גרם</UnitOfMeasure>
      <bIsWeighted>0</bIsWeighted>
      <QtyInPackage>לא ידוע</QtyInPackage>
      <ItemPrice>9.10</ItemPrice>
      <UnitOfMeasurePrice>0.0396</UnitOfMeasurePrice>
      <AllowDiscount>1</AllowDiscount>
      <ItemStatus>1</ItemStatus>
      <ItemId>125940</ItemId>
    </Item>
    <Item>
      <PriceUpdateDate>2025-06-05 08:51:45</PriceUpdateDate>
      <ItemCode>7290119380824</ItemCode>
      <ItemType>1</ItemType>
      <ItemName>משקה קפה קר שיבולת ש</ItemName>
      <ManufacturerName>לא ידוע</ManufacturerName>
      <ManufactureCountry>לא ידוע</ManufactureCountry>
      <ManufacturerItemDescription>משקה קפה קר שיבולת ש</ManufacturerItemDescription>
      <UnitQty>לא ידוע</UnitQty>
      <Quantity>230.00</Quantity>
      <UnitOfMeasure>100 גרם</UnitOfMeasure>
      <bIsWeighted>0</bIsWeighted>
      <QtyInPackage>לא ידוע</QtyInPackage>
      <ItemPrice>9.10</ItemPrice>
      <UnitOfMeasurePrice>0.0396</UnitOfMeasurePrice>
      <AllowDiscount>1</AllowDiscount>
      <ItemStatus>1</ItemStatus>
      <ItemId>187537</ItemId>
    </Item>
    <Item>
      <PriceUpdateDate>2025-06-11 13:25:45</PriceUpdateDate>
      <ItemCode>5411188141303</ItemCode>
      <ItemType>1</ItemType>
      <ItemName>אלפרו בריסטה שיבולת</ItemName>
      <ManufacturerName>לא ידוע</ManufacturerName>
      <ManufactureCountry>לא ידוע</ManufactureCountry>
      <ManufacturerItemDescription>אלפרו בריסטה שיבולת</ManufacturerItemDescription>
      <UnitQty>לא ידוע</UnitQty>
      <Quantity>500.00</Quantity>
      <UnitOfMeasure>לא ידוע</UnitOfMeasure>
      <bIsWeighted>0</bIsWeighted>
      <QtyInPackage>לא ידוע</QtyInPackage>
      <ItemPrice>13.90</ItemPrice>
      <UnitOfMeasurePrice>0.0278</UnitOfMeasurePrice>
      <AllowDiscount>1</AllowDiscount>
      <ItemStatus>1</ItemStatus>
      <ItemId>187707</ItemId>
    </Item>
    <Item>
      <PriceUpdateDate>2025-06-15 14:20:20</PriceUpdateDate>
      <ItemCode>7290019333616</ItemCode>
      <ItemType>1</ItemType>
      <ItemName>ירקות מעורבים בטעם ח</ItemName>
      <ManufacturerName>לא ידוע</ManufacturerName>
      <ManufactureCountry>לא ידוע</ManufactureCountry>
      <ManufacturerItemDescription>ירקות מעורבים בטעם ח</ManufacturerItemDescription>
      <UnitQty>לא ידוע</UnitQty>
      <Quantity>320.00</Quantity>
      <UnitOfMeasure>100 גרם</UnitOfMeasure>
      <bIsWeighted>0</bIsWeighted>
      <QtyInPackage>לא ידוע</QtyInPackage>
      <ItemPrice>17.90</ItemPrice>
      <UnitOfMeasurePrice>0.0559</UnitOfMeasurePrice>
      <AllowDiscount>1</AllowDiscount>
      <ItemStatus>1</ItemStatus>
      <ItemId>188319</ItemId>
    </Item>
    <Item>
      <PriceUpdateDate>2025-06-17 07:41:33</PriceUpdateDate>
      <ItemCode>7290005896415</ItemCode>
      <ItemType>1</ItemType>
      <ItemName>בירה איגל ירוק פחית</ItemName>
      <ManufacturerName>לא ידוע</ManufacturerName>
      <ManufactureCountry>לא ידוע</ManufactureCountry>
      <ManufacturerItemDescription>בירה איגל ירוק פחית</ManufacturerItemDescription>
      <UnitQty>לא ידוע</UnitQty>
      <Quantity>500.00</Quantity>
      <UnitOfMeasure>לא ידוע</UnitOfMeasure>
      <bIsWeighted>0</bIsWeighted>
      <QtyInPackage>לא ידוע</QtyInPackage>
      <ItemPrice>8.90</ItemPrice>
      <UnitOfMeasurePrice>0.0178</UnitOfMeasurePrice>
      <AllowDiscount>1</AllowDiscount>
      <ItemStatus>1</ItemStatus>
      <ItemId>164959</ItemId>
    </Item>
    <Item>
      <PriceUpdateDate>2025-06-22 13:29:12</PriceUpdateDate>
      <ItemCode>7290006992185</ItemCode>
      <ItemType>1</ItemType>
      <ItemName>דייסת אורז מטרנה 200</ItemName>
      <ManufacturerName>קריות זול</ManufacturerName>
      <ManufactureCountry>לא ידוע</ManufactureCountry>
      <ManufacturerItemDescription>דייסת אורז מטרנה 200</ManufacturerItemDescription>
      <UnitQty>לא ידוע</UnitQty>
      <Quantity>200.00</Quantity>
      <UnitOfMeasure>100 גרם</UnitOfMeasure>
      <bIsWeighted>0</bIsWeighted>
      <QtyInPackage>לא ידוע</QtyInPackage>
      <ItemPrice>17.90</ItemPrice>
      <UnitOfMeasurePrice>0.0895</UnitOfMeasurePrice>
      <AllowDiscount>1</AllowDiscount>
      <ItemStatus>1</ItemStatus>
      <ItemId>80220</ItemId>
    </Item>
    <Item>
      <PriceUpdateDate>2025-06-23 08:06:25</PriceUpdateDate>
      <ItemCode>7290000554815</ItemCode>
      <ItemType>1</ItemType>
      <ItemName>מוצרלה חצי קשה 22% ב</ItemName>
      <ManufacturerName>קריות זול</ManufacturerName>
      <ManufactureCountry>ישראל</ManufactureCountry>
      <ManufacturerItemDescription>מוצרלה חצי קשה 22% ב</ManufacturerItemDescription>
      <UnitQty>קילוגרמים</UnitQty>
      <Quantity>1.00</Quantity>
      <UnitOfMeasure>ק"ג</UnitOfMeasure>
      <bIsWeighted>1</bIsWeighted>
      <QtyInPackage>לא ידוע</QtyInPackage>
      <ItemPrice>106.00</ItemPrice>
      <UnitOfMeasurePrice>106.0000</UnitOfMeasurePrice>
      <AllowDiscount>1</AllowDiscount>
      <ItemStatus>1</ItemStatus>
      <ItemId>175154</ItemId>
    </Item>
    <Item>
      <PriceUpdateDate>2025-06-23 08:06:33</PriceUpdateDate>
      <ItemCode>7290005992889</ItemCode>
      <ItemType>1</ItemType>
      <ItemName>גבינת שמנת 30% שום</ItemName>
      <ManufacturerName>לא ידוע</ManufacturerName>
      <ManufactureCountry>ישראל</ManufactureCountry>
      <ManufacturerItemDescription>גבינת שמנת 30% שום</ManufacturerItemDescription>
      <UnitQty>קילוגרמים</UnitQty>
      <Quantity>1.00</Quantity>
      <UnitOfMeasure>ק"ג</UnitOfMeasure>
      <bIsWeighted>1</bIsWeighted>
      <QtyInPackage>לא ידוע</QtyInPackage>
      <ItemPrice>66.00</ItemPrice>
      <UnitOfMeasurePrice>66.0000</UnitOfMeasurePrice>
      <AllowDiscount>1</AllowDiscount>
      <ItemStatus>1</ItemStatus>
      <ItemId>175097</ItemId>
    </Item>
    <Item>
      <PriceUpdateDate>2025-06-23 08:06:36</PriceUpdateDate>
      <ItemCode>7290004068028</ItemCode>
      <ItemType>1</ItemType>
      <ItemName>גד צזיקי לשתיה בסגנו</ItemName>
      <ManufacturerName>לא ידוע</ManufacturerName>
      <ManufactureCountry>לא ידוע</ManufactureCountry>
      <ManufacturerItemDescription>גד צזיקי לשתיה בסגנו</ManufacturerItemDescription>
      <UnitQty>לא ידוע</UnitQty>
      <Quantity>500.00</Quantity>
      <UnitOfMeasure>לא ידוע</UnitOfMeasure>
      <bIsWeighted>0</bIsWeighted>
      <QtyInPackage>לא ידוע</QtyInPackage>
      <ItemPrice>12.90</ItemPrice>
      <UnitOfMeasurePrice>0.0258</UnitOfMeasurePrice>
      <AllowDiscount>1</AllowDiscount>
      <ItemStatus>1</ItemStatus>
      <ItemId>77262</ItemId>
    </Item>
    <Item>
      <PriceUpdateDate>2025-06-23 08:06:39</PriceUpdateDate>
      <ItemCode>7290011499327</ItemCode>
      <ItemType>1</ItemType>
      <ItemName>בולגרית בקר מעודנת 2</ItemName>
      <ManufacturerName>לא ידוע</ManufacturerName>
      <ManufactureCountry>לא ידוע</ManufactureCountry>
      <ManufacturerItemDescription>בולגרית בקר מעודנת 2</ManufacturerItemDescription>
      <UnitQty>לא ידוע</UnitQty>
      <Quantity>250.00</Quantity>
      <UnitOfMeasure>100 גרם</UnitOfMeasure>
      <bIsWeighted>0</bIsWeighted>
      <QtyInPackage>לא ידוע</QtyInPackage>
      <ItemPrice>28.90</ItemPrice>
      <UnitOfMeasurePrice>0.1156</UnitOfMeasurePrice>
      <AllowDiscount>1</AllowDiscount>
      <ItemStatus>1</ItemStatus>
      <ItemId>77295</ItemId>
    </Item>
    <Item>
      <PriceUpdateDate>2025-06-24 08:16:05</PriceUpdateDate>
      <ItemCode>7290105368904</ItemCode>
      <ItemType>1</ItemType>
      <ItemName>שמנת מתוקה להקצפה 32</ItemName>
      <ManufacturerName>לא ידוע</ManufacturerName>
      <ManufactureCountry>לא ידוע</ManufactureCountry>
      <ManufacturerItemDescription>שמנת מתוקה להקצפה 32</ManufacturerItemDescription>
      <UnitQty>לא ידוע</UnitQty>
      <Quantity>500.00</Quantity>
      <UnitOfMeasure>לא ידוע</UnitOfMeasure>
      <bIsWeighted>0</bIsWeighted>
      <QtyInPackage>לא ידוע</QtyInPackage>
      <ItemPrice>9.60</ItemPrice>
      <UnitOfMeasurePrice>0.0192</UnitOfMeasurePrice>
      <AllowDiscount>1</AllowDiscount>
      <ItemStatus>1</ItemStatus>
      <ItemId>89482</ItemId>
    </Item>
    <Item>
      <PriceUpdateDate>2025-06-25 10:35:16</PriceUpdateDate>
      <ItemCode>7290010922147</ItemCode>
      <ItemType>1</ItemType>
      <ItemName>המבורגר משפחתי מארז</ItemName>
      <ManufacturerName>לא ידוע</ManufacturerName>
      <ManufactureCountry>לא ידוע</ManufactureCountry>
      <ManufacturerItemDescription>המבורגר משפחתי מארז</ManufacturerItemDescription>
      <UnitQty>לא ידוע</UnitQty>
      <Quantity>15000.00</Quantity>
      <UnitOfMeasure>100 גרם</UnitOfMeasure>
      <bIsWeighted>0</bIsWeighted>
      <QtyInPackage>לא ידוע</QtyInPackage>
      <ItemPrice>64.90</ItemPrice>
      <UnitOfMeasurePrice>0.0043</UnitOfMeasurePrice>
      <AllowDiscount>1</AllowDiscount>
      <ItemStatus>1</ItemStatus>
      <ItemId>188422</ItemId>
    </Item>
    <Item>
      <PriceUpdateDate>2025-06-29 14:10:14</PriceUpdateDate>
      <ItemCode>7290100681138</ItemCode>
      <ItemType>1</ItemType>
      <ItemName>אפרופו מארז אסם 3*50</ItemName>
      <ManufacturerName>קריות זול</ManufacturerName>
      <ManufactureCountry>לא ידוע</ManufactureCountry>
      <ManufacturerItemDescription>אפרופו מארז אסם 3*50</ManufacturerItemDescription>
      <UnitQty>לא ידוע</UnitQty>
      <Quantity>150.00</Quantity>
      <UnitOfMeasure>100 גרם</UnitOfMeasure>
      <bIsWeighted>0</bIsWeighted>
      <QtyInPackage>לא ידוע</QtyInPackage>
      <ItemPrice>15.90</ItemPrice>
      <UnitOfMeasurePrice>0.1060</UnitOfMeasurePrice>
      <AllowDiscount>1</AllowDiscount>
      <ItemStatus>1</ItemStatus>
      <ItemId>80411</ItemId>
    </Item>
    <Item>
      <PriceUpdateDate>2025-06-29 14:10:15</PriceUpdateDate>
      <ItemCode>7290100686171</ItemCode>
      <ItemType>1</ItemType>
      <ItemName>ביסלי גריל מארז 6 יח</ItemName>
      <ManufacturerName>לא ידוע</ManufacturerName>
      <ManufactureCountry>לא ידוע</ManufactureCountry>
      <ManufacturerItemDescription>ביסלי גריל מארז 6 יח</ManufacturerItemDescription>
      <UnitQty>לא ידוע</UnitQty>
      <Quantity>210.00</Quantity>
      <UnitOfMeasure>100 גרם</UnitOfMeasure>
      <bIsWeighted>0</bIsWeighted>
      <QtyInPackage>לא ידוע</QtyInPackage>
      <ItemPrice>16.90</ItemPrice>
      <UnitOfMeasurePrice>0.0805</UnitOfMeasurePrice>
      <AllowDiscount>1</AllowDiscount>
      <ItemStatus>1</ItemStatus>
      <ItemId>165581</ItemId>
    </Item>
    <Item>
      <PriceUpdateDate>2025-06-29 14:10:26</PriceUpdateDate>
      <ItemCode>7290115202816</ItemCode>
      <ItemType>1</ItemType>
      <ItemName>מנה חמה פאוצ נודלס ט</ItemName>
      <ManufacturerName>לא ידוע</ManufacturerName>
      <ManufactureCountry>לא ידוע</ManufactureCountry>
      <ManufacturerItemDescription>מנה חמה פאוצ נודלס ט</ManufacturerItemDescription>
      <UnitQty>יחידה   </UnitQty>
      <Quantity>0.00</Quantity>
      <UnitOfMeasure>יחידה   </UnitOfMeasure>
      <bIsWeighted>0</bIsWeighted>
      <QtyInPackage>לא ידוע</QtyInPackage>
      <ItemPrice>6.90</ItemPrice>
      <UnitOfMeasurePrice>0.0000</UnitOfMeasurePrice>
      <AllowDiscount>1</AllowDiscount>
      <ItemStatus>1</ItemStatus>
      <ItemId>181313</ItemId>
    </Item>
    <Item>
      <PriceUpdateDate>2025-07-01 12:35:19</PriceUpdateDate>
      <ItemCode>7290003359646</ItemCode>
      <ItemType>1</ItemType>
      <ItemName>עלי בצק למילוי 340 ג</ItemName>
      <ManufacturerName>לא ידוע</ManufacturerName>
      <ManufactureCountry>לא ידוע</ManufactureCountry>
      <ManufacturerItemDescription>עלי בצק למילוי 340 ג</ManufacturerItemDescription>
      <UnitQty>לא ידוע</UnitQty>
      <Quantity>340.00</Quantity>
      <UnitOfMeasure>100 גרם</UnitOfMeasure>
      <bIsWeighted>0</bIsWeighted>
      <QtyInPackage>לא ידוע</QtyInPackage>
      <ItemPrice>17.90</ItemPrice>
      <UnitOfMeasurePrice>0.0526</UnitOfMeasurePrice>
      <AllowDiscount>1</AllowDiscount>
      <ItemStatus>1</ItemStatus>
      <ItemId>188479</ItemId>
    </Item>
    <Item>
      <PriceUpdateDate>2025-07-07 11:48:46</PriceUpdateDate>
      <ItemCode>7290004532574</ItemCode>
      <ItemType>1</ItemType>
      <ItemName>גרעין שחור 200גר</ItemName>
      <ManufacturerName>לא ידוע</ManufacturerName>
      <ManufactureCountry>לא ידוע</ManufactureCountry>
      <ManufacturerItemDescription>גרעין שחור 200גר</ManufacturerItemDescription>
      <UnitQty>לא ידוע</UnitQty>
      <Quantity>200.00</Quantity>
      <UnitOfMeasure>100 גרם</UnitOfMeasure>
      <bIsWeighted>0</bIsWeighted>
      <QtyInPackage>לא ידוע</QtyInPackage>
      <ItemPrice>8.50</ItemPrice>
      <UnitOfMeasurePrice>0.0425</UnitOfMeasurePrice>
      <AllowDiscount>1</AllowDiscount>
      <ItemStatus>1</ItemStatus>
      <ItemId>89763</ItemId>
    </Item>
    <Item>
      <PriceUpdateDate>2025-07-07 11:48:46</PriceUpdateDate>
      <ItemCode>7290011885007</ItemCode>
      <ItemType>1</ItemType>
      <ItemName>פקאן סיני 200גר</ItemName>
      <ManufacturerName>לא ידוע</ManufacturerName>
      <ManufactureCountry>לא ידוע</ManufactureCountry>
      <ManufacturerItemDescription>פקאן סיני 200גר</ManufacturerItemDescription>
      <UnitQty>לא ידוע</UnitQty>
      <Quantity>200.00</Quantity>
      <UnitOfMeasure>100 גרם</UnitOfMeasure>
      <bIsWeighted>0</bIsWeighted>
      <QtyInPackage>לא ידוע</QtyInPackage>
      <ItemPrice>24.90</ItemPrice>
      <UnitOfMeasurePrice>0.1245</UnitOfMeasurePrice>
      <AllowDiscount>1</AllowDiscount>
      <ItemStatus>1</ItemStatus>
      <ItemId>89781</ItemId>
    </Item>
    <Item>
      <PriceUpdateDate>2025-07-08 12:03:14</PriceUpdateDate>
      <ItemCode>7290002507451</ItemCode>
      <ItemType>1</ItemType>
      <ItemName>קציצות סלומון לבישול</ItemName>
      <ManufacturerName>לא ידוע</ManufacturerName>
      <ManufactureCountry>לא ידוע</ManufactureCountry>
      <ManufacturerItemDescription>קציצות סלומון לבישול</ManufacturerItemDescription>
      <UnitQty>לא ידוע</UnitQty>
      <Quantity>750.00</Quantity>
      <UnitOfMeasure>100 גרם</UnitOfMeasure>
      <bIsWeighted>0</bIsWeighted>
      <QtyInPackage>לא ידוע</QtyInPackage>
      <ItemPrice>29.90</ItemPrice>
      <UnitOfMeasurePrice>0.0399</UnitOfMeasurePrice>
      <AllowDiscount>1</AllowDiscount>
      <ItemStatus>1</ItemStatus>
      <ItemId>173891</ItemId>
    </Item>
    <Item>
      <PriceUpdateDate>2025-07-15 11:11:35</PriceUpdateDate>
      <ItemCode>7290013677822</ItemCode>
      <ItemType>1</ItemType>
      <ItemName>גריסי פנינה 1 ק"ג</ItemName>
      <ManufacturerName>לא ידוע</ManufacturerName>
      <ManufactureCountry>לא ידוע</ManufactureCountry>
      <ManufacturerItemDescription>גריסי פנינה 1 ק"ג</ManufacturerItemDescription>
      <UnitQty>לא ידוע</UnitQty>
      <Quantity>1000.00</Quantity>
      <UnitOfMeasure>100 גרם</UnitOfMeasure>
      <bIsWeighted>0</bIsWeighted>
      <QtyInPackage>לא ידוע</QtyInPackage>
      <ItemPrice>9.90</ItemPrice>
      <UnitOfMeasurePrice>0.0099</UnitOfMeasurePrice>
      <AllowDiscount>1</AllowDiscount>
      <ItemStatus>1</ItemStatus>
      <ItemId>168613</ItemId>
    </Item>
    <Item>
      <PriceUpdateDate>2025-07-16 09:38:55</PriceUpdateDate>
      <ItemCode>7290117905517</ItemCode>
      <ItemType>1</ItemType>
      <ItemName>חלבה בטעם  וניל תוספ</ItemName>
      <ManufacturerName>לא ידוע</ManufacturerName>
      <ManufactureCountry>לא ידוע</ManufactureCountry>
      <ManufacturerItemDescription>חלבה בטעם  וניל תוספ</ManufacturerItemDescription>
      <UnitQty>לא ידוע</UnitQty>
      <Quantity>400.00</Quantity>
      <UnitOfMeasure>100 גרם</UnitOfMeasure>
      <bIsWeighted>0</bIsWeighted>
      <QtyInPackage>לא ידוע</QtyInPackage>
      <ItemPrice>16.90</ItemPrice>
      <UnitOfMeasurePrice>0.0422</UnitOfMeasurePrice>
      <AllowDiscount>1</AllowDiscount>
      <ItemStatus>1</ItemStatus>
      <ItemId>179484</ItemId>
    </Item>
    <Item>
      <PriceUpdateDate>2025-07-17 09:35:49</PriceUpdateDate>
      <ItemCode>7290119382224</ItemCode>
      <ItemType>1</ItemType>
      <ItemName>שוקולד פרה בטעם קפה</ItemName>
      <ManufacturerName>לא ידוע</ManufacturerName>
      <ManufactureCountry>לא ידוע</ManufactureCountry>
      <ManufacturerItemDescription>שוקולד פרה בטעם קפה</ManufacturerItemDescription>
      <UnitQty>לא ידוע</UnitQty>
      <Quantity>100.00</Quantity>
      <UnitOfMeasure>100 גרם</UnitOfMeasure>
      <bIsWeighted>0</bIsWeighted>
      <QtyInPackage>לא ידוע</QtyInPackage>
      <ItemPrice>10.90</ItemPrice>
      <UnitOfMeasurePrice>0.1090</UnitOfMeasurePrice>
      <AllowDiscount>1</AllowDiscount>
      <ItemStatus>1</ItemStatus>
      <ItemId>188709</ItemId>
    </Item>
    <Item>
      <PriceUpdateDate>2025-07-17 09:57:36</PriceUpdateDate>
      <ItemCode>7290000060965</ItemCode>
      <ItemType>1</ItemType>
      <ItemName>אטריות רחבות אסם 400</ItemName>
      <ManufacturerName>קריות זול</ManufacturerName>
      <ManufactureCountry>לא ידוע</ManufactureCountry>
      <ManufacturerItemDescription>אטריות רחבות אסם 400</ManufacturerItemDescription>
      <UnitQty>לא ידוע</UnitQty>
      <Quantity>400.00</Quantity>
      <UnitOfMeasure>100 גרם</UnitOfMeasure>
      <bIsWeighted>0</bIsWeighted>
      <QtyInPackage>לא ידוע</QtyInPackage>
      <ItemPrice>8.90</ItemPrice>
      <UnitOfMeasurePrice>0.0223</UnitOfMeasurePrice>
      <AllowDiscount>1</AllowDiscount>
      <ItemStatus>1</ItemStatus>
      <ItemId>165382</ItemId>
    </Item>
    <Item>
      <PriceUpdateDate>2025-07-18 07:39:36</PriceUpdateDate>
      <ItemCode>7290008464604</ItemCode>
      <ItemType>1</ItemType>
      <ItemName>בירה היינקן הולנד פח</ItemName>
      <ManufacturerName>קריות זול</ManufacturerName>
      <ManufactureCountry>לא ידוע</ManufactureCountry>
      <ManufacturerItemDescription>בירה היינקן הולנד פח</ManufacturerItemDescription>
      <UnitQty>לא ידוע</UnitQty>
      <Quantity>500.00</Quantity>
      <UnitOfMeasure>לא ידוע</UnitOfMeasure>
      <bIsWeighted>0</bIsWeighted>
      <QtyInPackage>לא ידוע</QtyInPackage>
      <ItemPrice>12.90</ItemPrice>
      <UnitOfMeasurePrice>0.0258</UnitOfMeasurePrice>
      <AllowDiscount>1</AllowDiscount>
      <ItemStatus>1</ItemStatus>
      <ItemId>164978</ItemId>
    </Item>
    <Item>
      <PriceUpdateDate>2025-07-18 07:40:17</PriceUpdateDate>
      <ItemCode>3161911229199</ItemCode>
      <ItemType>1</ItemType>
      <ItemName>אלוויר חמאה רכה 250ג</ItemName>
      <ManufacturerName>לא ידוע</ManufacturerName>
      <ManufactureCountry>לא ידוע</ManufactureCountry>
      <ManufacturerItemDescription>אלוויר חמאה רכה 250ג</ManufacturerItemDescription>
      <UnitQty>לא ידוע</UnitQty>
      <Quantity>250.00</Quantity>
      <UnitOfMeasure>100 גרם</UnitOfMeasure>
      <bIsWeighted>0</bIsWeighted>
      <QtyInPackage>לא ידוע</QtyInPackage>
      <ItemPrice>27.90</ItemPrice>
      <UnitOfMeasurePrice>0.1116</UnitOfMeasurePrice>
      <AllowDiscount>1</AllowDiscount>
      <ItemStatus>1</ItemStatus>
      <ItemId>163066</ItemId>
    </Item>
    <Item>
      <PriceUpdateDate>2025-07-20 12:42:03</PriceUpdateDate>
      <ItemCode>7290008345576</ItemCode>
      <ItemType>1</ItemType>
      <ItemName>איקרה ביתית לבנה 300</ItemName>
      <ManufacturerName>קריות זול</ManufacturerName>
      <ManufactureCountry>לא ידוע</ManufactureCountry>
      <ManufacturerItemDescription>איקרה ביתית לבנה 300</ManufacturerItemDescription>
      <UnitQty>לא ידוע</UnitQty>
      <Quantity>300.00</Quantity>
      <UnitOfMeasure>100 גרם</UnitOfMeasure>
      <bIsWeighted>0</bIsWeighted>
      <QtyInPackage>לא ידוע</QtyInPackage>
      <ItemPrice>20.90</ItemPrice>
      <UnitOfMeasurePrice>0.0697</UnitOfMeasurePrice>
      <AllowDiscount>1</AllowDiscount>
      <ItemStatus>1</ItemStatus>
      <ItemId>162429</ItemId>
    </Item>
    <Item>
      <PriceUpdateDate>2025-07-20 15:22:55</PriceUpdateDate>
      <ItemCode>7290004128340</ItemCode>
      <ItemType>1</ItemType>
      <ItemName>גבינת שמנת בטעם טבעי</ItemName>
      <ManufacturerName>קריות זול</ManufacturerName>
      <ManufactureCountry>לא ידוע</ManufactureCountry>
      <ManufacturerItemDescription>גבינת שמנת בטעם טבעי</ManufacturerItemDescription>
      <UnitQty>לא ידוע</UnitQty>
      <Quantity>200.00</Quantity>
      <UnitOfMeasure>100 גרם</UnitOfMeasure>
      <bIsWeighted>0</bIsWeighted>
      <QtyInPackage>לא ידוע</QtyInPackage>
      <ItemPrice>14.20</ItemPrice>
      <UnitOfMeasurePrice>0.0710</UnitOfMeasurePrice>
      <AllowDiscount>1</AllowDiscount>
      <ItemStatus>1</ItemStatus>
      <ItemId>86235</ItemId>
    </Item>
    <Item>
      <PriceUpdateDate>2025-07-30 14:50:22</PriceUpdateDate>
      <ItemCode>4002631026448</ItemCode>
      <ItemType>1</ItemType>
      <ItemName>בירה קונינגבכר  7% 5</ItemName>
      <ManufacturerName>לא ידוע</ManufacturerName>
      <ManufactureCountry>לא ידוע</ManufactureCountry>
      <ManufacturerItemDescription>בירה קונינגבכר  7% 5</ManufacturerItemDescription>
      <UnitQty>לא ידוע</UnitQty>
      <Quantity>500.00</Quantity>
      <UnitOfMeasure>לא ידוע</UnitOfMeasure>
      <bIsWeighted>0</bIsWeighted>
      <QtyInPackage>לא ידוע</QtyInPackage>
      <ItemPrice>9.50</ItemPrice>
      <UnitOfMeasurePrice>0.0190</UnitOfMeasurePrice>
      <AllowDiscount>1</AllowDiscount>
      <ItemStatus>1</ItemStatus>
      <ItemId>188952</ItemId>
    </Item>
    <Item>
      <PriceUpdateDate>2025-08-04 13:05:21</PriceUpdateDate>
      <ItemCode>7290020239044</ItemCode>
      <ItemType>1</ItemType>
      <ItemName>חטיפי בורקיטס גבינות</ItemName>
      <ManufacturerName>לא ידוע</ManufacturerName>
      <ManufactureCountry>לא ידוע</ManufactureCountry>
      <ManufacturerItemDescription>חטיפי בורקיטס גבינות</ManufacturerItemDescription>
      <UnitQty>לא ידוע</UnitQty>
      <Quantity>770.00</Quantity>
      <UnitOfMeasure>100 גרם</UnitOfMeasure>
      <bIsWeighted>0</bIsWeighted>
      <QtyInPackage>לא ידוע</QtyInPackage>
      <ItemPrice>31.90</ItemPrice>
      <UnitOfMeasurePrice>0.0414</UnitOfMeasurePrice>
      <AllowDiscount>1</AllowDiscount>
      <ItemStatus>1</ItemStatus>
      <ItemId>189001</ItemId>
    </Item>
    <Item>
      <PriceUpdateDate>2025-08-07 08:53:31</PriceUpdateDate>
      <ItemCode>7290010116355</ItemCode>
      <ItemType>1</ItemType>
      <ItemName>פסק זמן מיני מגדים 3</ItemName>
      <ManufacturerName>לא ידוע</ManufacturerName>
      <ManufactureCountry>לא ידוע</ManufactureCountry>
      <ManufacturerItemDescription>פסק זמן מיני מגדים 3</ManufacturerItemDescription>
      <UnitQty>לא ידוע</UnitQty>
      <Quantity>390.00</Quantity>
      <UnitOfMeasure>100 גרם</UnitOfMeasure>
      <bIsWeighted>0</bIsWeighted>
      <QtyInPackage>לא ידוע</QtyInPackage>
      <ItemPrice>34.90</ItemPrice>
      <UnitOfMeasurePrice>0.0895</UnitOfMeasurePrice>
      <AllowDiscount>1</AllowDiscount>
      <ItemStatus>1</ItemStatus>
      <ItemId>169336</ItemId>
    </Item>
    <Item>
      <PriceUpdateDate>2025-08-07 08:53:56</PriceUpdateDate>
      <ItemCode>7290119377107</ItemCode>
      <ItemType>1</ItemType>
      <ItemName>משפחתית מיני טעמי 35</ItemName>
      <ManufacturerName>לא ידוע</ManufacturerName>
      <ManufactureCountry>לא ידוע</ManufactureCountry>
      <ManufacturerItemDescription>משפחתית מיני טעמי 35</ManufacturerItemDescription>
      <UnitQty>לא ידוע</UnitQty>
      <Quantity>357.00</Quantity>
      <UnitOfMeasure>100 גרם</UnitOfMeasure>
      <bIsWeighted>0</bIsWeighted>
      <QtyInPackage>לא ידוע</QtyInPackage>
      <ItemPrice>34.90</ItemPrice>
      <UnitOfMeasurePrice>0.0978</UnitOfMeasurePrice>
      <AllowDiscount>1</AllowDiscount>
      <ItemStatus>1</ItemStatus>
      <ItemId>181370</ItemId>
    </Item>
    <Item>
      <PriceUpdateDate>2025-08-07 08:53:57</PriceUpdateDate>
      <ItemCode>7290119380640</ItemCode>
      <ItemType>1</ItemType>
      <ItemName>וופל אפיפית אגוזים כ</ItemName>
      <ManufacturerName>לא ידוע</ManufacturerName>
      <ManufactureCountry>לא ידוע</ManufactureCountry>
      <ManufacturerItemDescription>וופל אפיפית אגוזים כ</ManufacturerItemDescription>
      <UnitQty>לא ידוע</UnitQty>
      <Quantity>200.00</Quantity>
      <UnitOfMeasure>100 גרם</UnitOfMeasure>
      <bIsWeighted>0</bIsWeighted>
      <QtyInPackage>לא ידוע</QtyInPackage>
      <ItemPrice>11.90</ItemPrice>
      <UnitOfMeasurePrice>0.0595</UnitOfMeasurePrice>
      <AllowDiscount>1</AllowDiscount>
      <ItemStatus>1</ItemStatus>
      <ItemId>183501</ItemId>
    </Item>
    <Item>
      <PriceUpdateDate>2025-08-18 10:41:43</PriceUpdateDate>
      <ItemCode>7290112006295</ItemCode>
      <ItemType>1</ItemType>
      <ItemName>אירוויק ספריי פטל לי</ItemName>
      <ManufacturerName>לא ידוע</ManufacturerName>
      <ManufactureCountry>לא ידוע</ManufactureCountry>
      <ManufacturerItemDescription>אירוויק ספריי פטל לי</ManufacturerItemDescription>
      <UnitQty>לא ידוע</UnitQty>
      <Quantity>237.00</Quantity>
      <UnitOfMeasure>לא ידוע</UnitOfMeasure>
      <bIsWeighted>0</bIsWeighted>
      <QtyInPackage>לא ידוע</QtyInPackage>
      <ItemPrice>17.50</ItemPrice>
      <UnitOfMeasurePrice>0.0738</UnitOfMeasurePrice>
      <AllowDiscount>1</AllowDiscount>
      <ItemStatus>1</ItemStatus>
      <ItemId>182873</ItemId>
    </Item>
    <Item>
      <PriceUpdateDate>2025-08-20 09:35:22</PriceUpdateDate>
      <ItemCode>5000396021202</ItemCode>
      <ItemType>1</ItemType>
      <ItemName>ריץ קרקר 200 גרם בדצ</ItemName>
      <ManufacturerName>לא ידוע</ManufacturerName>
      <ManufactureCountry>לא ידוע</ManufactureCountry>
      <ManufacturerItemDescription>ריץ קרקר 200 גרם בדצ</ManufacturerItemDescription>
      <UnitQty>לא ידוע</UnitQty>
      <Quantity>200.00</Quantity>
      <UnitOfMeasure>100 גרם</UnitOfMeasure>
      <bIsWeighted>0</bIsWeighted>
      <QtyInPackage>לא ידוע</QtyInPackage>
      <ItemPrice>11.90</ItemPrice>
      <UnitOfMeasurePrice>0.0595</UnitOfMeasurePrice>
      <AllowDiscount>1</AllowDiscount>
      <ItemStatus>1</ItemStatus>
      <ItemId>189134</ItemId>
    </Item>
    <Item>
      <PriceUpdateDate>2025-08-24 07:52:21</PriceUpdateDate>
      <ItemCode>7290002787884</ItemCode>
      <ItemType>1</ItemType>
      <ItemName>מקלות פילו תפו"א 600</ItemName>
      <ManufacturerName>לא ידוע</ManufacturerName>
      <ManufactureCountry>לא ידוע</ManufactureCountry>
      <ManufacturerItemDescription>מקלות פילו תפו"א 600</ManufacturerItemDescription>
      <UnitQty>לא ידוע</UnitQty>
      <Quantity>600.00</Quantity>
      <UnitOfMeasure>100 גרם</UnitOfMeasure>
      <bIsWeighted>0</bIsWeighted>
      <QtyInPackage>לא ידוע</QtyInPackage>
      <ItemPrice>19.90</ItemPrice>
      <UnitOfMeasurePrice>0.0332</UnitOfMeasurePrice>
      <AllowDiscount>1</AllowDiscount>
      <ItemStatus>1</ItemStatus>
      <ItemId>173937</ItemId>
    </Item>
    <Item>
      <PriceUpdateDate>2025-08-24 11:35:33</PriceUpdateDate>
      <ItemCode>7290019964117</ItemCode>
      <ItemType>1</ItemType>
      <ItemName>מארז 10 קפסולות ארומ</ItemName>
      <ManufacturerName>לא ידוע</ManufacturerName>
      <ManufactureCountry>לא ידוע</ManufactureCountry>
      <ManufacturerItemDescription>מארז 10 קפסולות ארומ</ManufacturerItemDescription>
      <UnitQty>לא ידוע</UnitQty>
      <Quantity>56.00</Quantity>
      <UnitOfMeasure>100 גרם</UnitOfMeasure>
      <bIsWeighted>0</bIsWeighted>
      <QtyInPackage>לא ידוע</QtyInPackage>
      <ItemPrice>21.90</ItemPrice>
      <UnitOfMeasurePrice>0.3911</UnitOfMeasurePrice>
      <AllowDiscount>1</AllowDiscount>
      <ItemStatus>1</ItemStatus>
      <ItemId>189184</ItemId>
    </Item>
    <Item>
      <PriceUpdateDate>2025-09-01 08:44:42</PriceUpdateDate>
      <ItemCode>7290006271174</ItemCode>
      <ItemType>1</ItemType>
      <ItemName>גחנון לאפיה בתנור מע</ItemName>
      <ManufacturerName>קריות זול</ManufacturerName>
      <ManufactureCountry>לא ידוע</ManufactureCountry>
      <ManufacturerItemDescription>גחנון לאפיה בתנור מע</ManufacturerItemDescription>
      <UnitQty>לא ידוע</UnitQty>
      <Quantity>700.00</Quantity>
      <UnitOfMeasure>100 גרם</UnitOfMeasure>
      <bIsWeighted>0</bIsWeighted>
      <QtyInPackage>לא ידוע</QtyInPackage>
      <ItemPrice>23.90</ItemPrice>
      <UnitOfMeasurePrice>0.0341</UnitOfMeasurePrice>
      <AllowDiscount>1</AllowDiscount>
      <ItemStatus>1</ItemStatus>
      <ItemId>166943</ItemId>
    </Item>
    <Item>
      <PriceUpdateDate>2025-09-03 11:41:17</PriceUpdateDate>
      <ItemCode>7290000104829</ItemCode>
      <ItemType>1</ItemType>
      <ItemName>קלחוני תירס סנפרוסט</ItemName>
      <ManufacturerName>קריות זול</ManufacturerName>
      <ManufactureCountry>לא ידוע</ManufactureCountry>
      <ManufacturerItemDescription>קלחוני תירס סנפרוסט</ManufacturerItemDescription>
      <UnitQty>לא ידוע</UnitQty>
      <Quantity>1000.00</Quantity>
      <UnitOfMeasure>100 גרם</UnitOfMeasure>
      <bIsWeighted>0</bIsWeighted>
      <QtyInPackage>לא ידוע</QtyInPackage>
      <ItemPrice>24.90</ItemPrice>
      <UnitOfMeasurePrice>0.0249</UnitOfMeasurePrice>
      <AllowDiscount>1</AllowDiscount>
      <ItemStatus>1</ItemStatus>
      <ItemId>85621</ItemId>
    </Item>
    <Item>
      <PriceUpdateDate>2025-09-08 08:50:27</PriceUpdateDate>
      <ItemCode>7290119383603</ItemCode>
      <ItemType>1</ItemType>
      <ItemName>מאסט קראנצ' בטעם תות</ItemName>
      <ManufacturerName>לא ידוע</ManufacturerName>
      <ManufactureCountry>לא ידוע</ManufactureCountry>
      <ManufacturerItemDescription>מאסט קראנצ' בטעם תות</ManufacturerItemDescription>
      <UnitQty>לא ידוע</UnitQty>
      <Quantity>58.00</Quantity>
      <UnitOfMeasure>100 גרם</UnitOfMeasure>
      <bIsWeighted>0</bIsWeighted>
      <QtyInPackage>לא ידוע</QtyInPackage>
      <ItemPrice>11.50</ItemPrice>
      <UnitOfMeasurePrice>0.1983</UnitOfMeasurePrice>
      <AllowDiscount>1</AllowDiscount>
      <ItemStatus>1</ItemStatus>
      <ItemId>189287</ItemId>
    </Item>
    <Item>
      <PriceUpdateDate>2025-09-10 14:50:20</PriceUpdateDate>
      <ItemCode>7290118427872</ItemCode>
      <ItemType>1</ItemType>
      <ItemName>פיטנס בר גרנולה חמוצ</ItemName>
      <ManufacturerName>לא ידוע</ManufacturerName>
      <ManufactureCountry>לא ידוע</ManufactureCountry>
      <ManufacturerItemDescription>פיטנס בר גרנולה חמוצ</ManufacturerItemDescription>
      <UnitQty>לא ידוע</UnitQty>
      <Quantity>190.00</Quantity>
      <UnitOfMeasure>100 גרם</UnitOfMeasure>
      <bIsWeighted>0</bIsWeighted>
      <QtyInPackage>לא ידוע</QtyInPackage>
      <ItemPrice>18.90</ItemPrice>
      <UnitOfMeasurePrice>0.0995</UnitOfMeasurePrice>
      <AllowDiscount>1</AllowDiscount>
      <ItemStatus>1</ItemStatus>
      <ItemId>189328</ItemId>
    </Item>
    <Item>
      <PriceUpdateDate>2025-09-10 15:05:21</PriceUpdateDate>
      <ItemCode>7290118427858</ItemCode>
      <ItemType>1</ItemType>
      <ItemName>פיטנס בר גרנולה שוקו</ItemName>
      <ManufacturerName>לא ידוע</ManufacturerName>
      <ManufactureCountry>לא ידוע</ManufactureCountry>
      <ManufacturerItemDescription>פיטנס בר גרנולה שוקו</ManufacturerItemDescription>
      <UnitQty>לא ידוע</UnitQty>
      <Quantity>190.00</Quantity>
      <UnitOfMeasure>100 גרם</UnitOfMeasure>
      <bIsWeighted>0</bIsWeighted>
      <QtyInPackage>לא ידוע</QtyInPackage>
      <ItemPrice>18.90</ItemPrice>
      <UnitOfMeasurePrice>0.0995</UnitOfMeasurePrice>
      <AllowDiscount>1</AllowDiscount>
      <ItemStatus>1</ItemStatus>
      <ItemId>189329</ItemId>
    </Item>
    <Item>
      <PriceUpdateDate>2025-10-21 14:17:59</PriceUpdateDate>
      <ItemCode>7290118429340</ItemCode>
      <ItemType>1</ItemType>
      <ItemName>טבעול טופו קראנץ' חד</ItemName>
      <ManufacturerName>לא ידוע</ManufacturerName>
      <ManufactureCountry>לא ידוע</ManufactureCountry>
      <ManufacturerItemDescription>טבעול טופו קראנץ' חד</ManufacturerItemDescription>
      <UnitQty>לא ידוע</UnitQty>
      <Quantity>470.00</Quantity>
      <UnitOfMeasure>100 גרם</UnitOfMeasure>
      <bIsWeighted>0</bIsWeighted>
      <QtyInPackage>לא ידוע</QtyInPackage>
      <ItemPrice>39.90</ItemPrice>
      <UnitOfMeasurePrice>0.0849</UnitOfMeasurePrice>
      <AllowDiscount>1</AllowDiscount>
      <ItemStatus>1</ItemStatus>
      <ItemId>189157</ItemId>
    </Item>
    <Item>
      <PriceUpdateDate>2025-11-02 11:05:18</PriceUpdateDate>
      <ItemCode>7290108358742</ItemCode>
      <ItemType>1</ItemType>
      <ItemName>ג'ל כביסה+מרכך בניחו</ItemName>
      <ManufacturerName>לא ידוע</ManufacturerName>
      <ManufactureCountry>לא ידוע</ManufactureCountry>
      <ManufacturerItemDescription>ג'ל כביסה+מרכך בניחו</ManufacturerItemDescription>
      <UnitQty>לא ידוע</UnitQty>
      <Quantity>2000.00</Quantity>
      <UnitOfMeasure>לא ידוע</UnitOfMeasure>
      <bIsWeighted>0</bIsWeighted>
      <QtyInPackage>לא ידוע</QtyInPackage>
      <ItemPrice>39.90</ItemPrice>
      <UnitOfMeasurePrice>0.0199</UnitOfMeasurePrice>
      <AllowDiscount>1</AllowDiscount>
      <ItemStatus>1</ItemStatus>
      <ItemId>189752</ItemId>
    </Item>
    <Item>
      <PriceUpdateDate>2025-11-03 12:12:47</PriceUpdateDate>
      <ItemCode>7290114606530</ItemCode>
      <ItemType>1</ItemType>
      <ItemName>רוטב בטעם מיונז וקטש</ItemName>
      <ManufacturerName>לא ידוע</ManufacturerName>
      <ManufactureCountry>לא ידוע</ManufactureCountry>
      <ManufacturerItemDescription>רוטב בטעם מיונז וקטש</ManufacturerItemDescription>
      <UnitQty>לא ידוע</UnitQty>
      <Quantity>515.00</Quantity>
      <UnitOfMeasure>100 גרם</UnitOfMeasure>
      <bIsWeighted>0</bIsWeighted>
      <QtyInPackage>לא ידוע</QtyInPackage>
      <ItemPrice>17.90</ItemPrice>
      <UnitOfMeasurePrice>0.0348</UnitOfMeasurePrice>
      <AllowDiscount>1</AllowDiscount>
      <ItemStatus>1</ItemStatus>
      <ItemId>173237</ItemId>
    </Item>
    <Item>
      <PriceUpdateDate>2025-11-03 12:20:24</PriceUpdateDate>
      <ItemCode>7290102395217</ItemCode>
      <ItemType>1</ItemType>
      <ItemName>מולר ביאנקו במתיקות</ItemName>
      <ManufacturerName>לא ידוע</ManufacturerName>
      <ManufactureCountry>לא ידוע</ManufactureCountry>
      <ManufacturerItemDescription>מולר ביאנקו במתיקות</ManufacturerItemDescription>
      <UnitQty>יחידה   </UnitQty>
      <Quantity>0.00</Quantity>
      <UnitOfMeasure>יחידה   </UnitOfMeasure>
      <bIsWeighted>0</bIsWeighted>
      <QtyInPackage>לא ידוע</QtyInPackage>
      <ItemPrice>25.80</ItemPrice>
      <UnitOfMeasurePrice>0.0000</UnitOfMeasurePrice>
      <AllowDiscount>1</AllowDiscount>
      <ItemStatus>1</ItemStatus>
      <ItemId>84221</ItemId>
    </Item>
    <Item>
      <PriceUpdateDate>2025-11-11 10:28:00</PriceUpdateDate>
      <ItemCode>7290118428299</ItemCode>
      <ItemType>1</ItemType>
      <ItemName>פיטנס קרקר דק כוסמין</ItemName>
      <ManufacturerName>לא ידוע</ManufacturerName>
      <ManufactureCountry>לא ידוע</ManufactureCountry>
      <ManufacturerItemDescription>פיטנס קרקר דק כוסמין</ManufacturerItemDescription>
      <UnitQty>לא ידוע</UnitQty>
      <Quantity>140.00</Quantity>
      <UnitOfMeasure>100 גרם</UnitOfMeasure>
      <bIsWeighted>0</bIsWeighted>
      <QtyInPackage>לא ידוע</QtyInPackage>
      <ItemPrice>13.50</ItemPrice>
      <UnitOfMeasurePrice>0.0964</UnitOfMeasurePrice>
      <AllowDiscount>1</AllowDiscount>
      <ItemStatus>1</ItemStatus>
      <ItemId>187513</ItemId>
    </Item>
    <Item>
      <PriceUpdateDate>2025-11-11 11:09:08</PriceUpdateDate>
      <ItemCode>7296058110010</ItemCode>
      <ItemType>1</ItemType>
      <ItemName>פריכיות אורז מלא 110</ItemName>
      <ManufacturerName>לא ידוע</ManufacturerName>
      <ManufactureCountry>לא ידוע</ManufactureCountry>
      <ManufacturerItemDescription>פריכיות אורז מלא 110</ManufacturerItemDescription>
      <UnitQty>לא ידוע</UnitQty>
      <Quantity>110.00</Quantity>
      <UnitOfMeasure>100 גרם</UnitOfMeasure>
      <bIsWeighted>0</bIsWeighted>
      <QtyInPackage>לא ידוע</QtyInPackage>
      <ItemPrice>5.90</ItemPrice>
      <UnitOfMeasurePrice>0.0536</UnitOfMeasurePrice>
      <AllowDiscount>1</AllowDiscount>
      <ItemStatus>1</ItemStatus>
      <ItemId>156442</ItemId>
    </Item>
    <Item>
      <PriceUpdateDate>2025-11-11 11:09:10</PriceUpdateDate>
      <ItemCode>7290113198609</ItemCode>
      <ItemType>1</ItemType>
      <ItemName>סוכריות גומי נחשים ב</ItemName>
      <ManufacturerName>לא ידוע</ManufacturerName>
      <ManufactureCountry>לא ידוע</ManufactureCountry>
      <ManufacturerItemDescription>סוכריות גומי נחשים ב</ManufacturerItemDescription>
      <UnitQty>לא ידוע</UnitQty>
      <Quantity>150.00</Quantity>
      <UnitOfMeasure>100 גרם</UnitOfMeasure>
      <bIsWeighted>0</bIsWeighted>
      <QtyInPackage>לא ידוע</QtyInPackage>
      <ItemPrice>10.90</ItemPrice>
      <UnitOfMeasurePrice>0.0727</UnitOfMeasurePrice>
      <AllowDiscount>1</AllowDiscount>
      <ItemStatus>1</ItemStatus>
      <ItemId>160327</ItemId>
    </Item>
    <Item>
      <PriceUpdateDate>2025-11-19 10:05:20</PriceUpdateDate>
      <ItemCode>7290015381734</ItemCode>
      <ItemType>1</ItemType>
      <ItemName>פרפיום מרסס מבשם סופ</ItemName>
      <ManufacturerName>לא ידוע</ManufacturerName>
      <ManufactureCountry>לא ידוע</ManufactureCountry>
      <ManufacturerItemDescription>פרפיום מרסס מבשם סופ</ManufacturerItemDescription>
      <UnitQty>לא ידוע</UnitQty>
      <Quantity>750.00</Quantity>
      <UnitOfMeasure>לא ידוע</UnitOfMeasure>
      <bIsWeighted>0</bIsWeighted>
      <QtyInPackage>לא ידוע</QtyInPackage>
      <ItemPrice>24.90</ItemPrice>
      <UnitOfMeasurePrice>0.0332</UnitOfMeasurePrice>
      <AllowDiscount>1</AllowDiscount>
      <ItemStatus>1</ItemStatus>
      <ItemId>189953</ItemId>
    </Item>
    <Item>
      <PriceUpdateDate>2025-11-19 10:05:20</PriceUpdateDate>
      <ItemCode>7290020228161</ItemCode>
      <ItemType>1</ItemType>
      <ItemName>דוייפאק כביסכל 2 ליט</ItemName>
      <ManufacturerName>לא ידוע</ManufacturerName>
      <ManufactureCountry>לא ידוע</ManufactureCountry>
      <ManufacturerItemDescription>דוייפאק כביסכל 2 ליט</ManufacturerItemDescription>
      <UnitQty>לא ידוע</UnitQty>
      <Quantity>2000.00</Quantity>
      <UnitOfMeasure>לא ידוע</UnitOfMeasure>
      <bIsWeighted>0</bIsWeighted>
      <QtyInPackage>לא ידוע</QtyInPackage>
      <ItemPrice>39.90</ItemPrice>
      <UnitOfMeasurePrice>0.0199</UnitOfMeasurePrice>
      <AllowDiscount>1</AllowDiscount>
      <ItemStatus>1</ItemStatus>
      <ItemId>189959</ItemId>
    </Item>
    <Item>
      <PriceUpdateDate>2025-12-01 11:47:31</PriceUpdateDate>
      <ItemCode>7290112497123</ItemCode>
      <ItemType>1</ItemType>
      <ItemName>*מבצע* סחלב תערובת ל</ItemName>
      <ManufacturerName>לא ידוע</ManufacturerName>
      <ManufactureCountry>לא ידוע</ManufactureCountry>
      <ManufacturerItemDescription>*מבצע* סחלב תערובת ל</ManufacturerItemDescription>
      <UnitQty>לא ידוע</UnitQty>
      <Quantity>112.00</Quantity>
      <UnitOfMeasure>100 גרם</UnitOfMeasure>
      <bIsWeighted>0</bIsWeighted>
      <QtyInPackage>לא ידוע</QtyInPackage>
      <ItemPrice>13.80</ItemPrice>
      <UnitOfMeasurePrice>0.1232</UnitOfMeasurePrice>
      <AllowDiscount>1</AllowDiscount>
      <ItemStatus>1</ItemStatus>
      <ItemId>166437</ItemId>
    </Item>
    <Item>
      <PriceUpdateDate>2025-12-03 10:03:44</PriceUpdateDate>
      <ItemCode>7290001216040</ItemCode>
      <ItemType>1</ItemType>
      <ItemName>טחינה גולמית אל ארז</ItemName>
      <ManufacturerName>לא ידוע</ManufacturerName>
      <ManufactureCountry>לא ידוע</ManufactureCountry>
      <ManufacturerItemDescription>טחינה גולמית אל ארז</ManufacturerItemDescription>
      <UnitQty>לא ידוע</UnitQty>
      <Quantity>500.00</Quantity>
      <UnitOfMeasure>100 גרם</UnitOfMeasure>
      <bIsWeighted>0</bIsWeighted>
      <QtyInPackage>לא ידוע</QtyInPackage>
      <ItemPrice>18.90</ItemPrice>
      <UnitOfMeasurePrice>0.0378</UnitOfMeasurePrice>
      <AllowDiscount>1</AllowDiscount>
      <ItemStatus>1</ItemStatus>
      <ItemId>103862</ItemId>
    </Item>
    <Item>
      <PriceUpdateDate>2025-12-03 13:15:25</PriceUpdateDate>
      <ItemCode>7622201809188</ItemCode>
      <ItemType>1</ItemType>
      <ItemName>מילקה ביסקוויט 150גר</ItemName>
      <ManufacturerName>לא ידוע</ManufacturerName>
      <ManufactureCountry>לא ידוע</ManufactureCountry>
      <ManufacturerItemDescription>מילקה ביסקוויט 150גר</ManufacturerItemDescription>
      <UnitQty>לא ידוע</UnitQty>
      <Quantity>150.00</Quantity>
      <UnitOfMeasure>100 גרם</UnitOfMeasure>
      <bIsWeighted>0</bIsWeighted>
      <QtyInPackage>לא ידוע</QtyInPackage>
      <ItemPrice>16.90</ItemPrice>
      <UnitOfMeasurePrice>0.1127</UnitOfMeasurePrice>
      <AllowDiscount>1</AllowDiscount>
      <ItemStatus>1</ItemStatus>
      <ItemId>166127</ItemId>
    </Item>
    <Item>
      <PriceUpdateDate>2025-12-03 13:15:32</PriceUpdateDate>
      <ItemCode>4009300525684</ItemCode>
      <ItemType>1</ItemType>
      <ItemName>פומפדור חליטות גינגר</ItemName>
      <ManufacturerName>לא ידוע</ManufacturerName>
      <ManufactureCountry>לא ידוע</ManufactureCountry>
      <ManufacturerItemDescription>פומפדור חליטות גינגר</ManufacturerItemDescription>
      <UnitQty>יחידה   </UnitQty>
      <Quantity>0.00</Quantity>
      <UnitOfMeasure>יחידה   </UnitOfMeasure>
      <bIsWeighted>0</bIsWeighted>
      <QtyInPackage>לא ידוע</QtyInPackage>
      <ItemPrice>16.50</ItemPrice>
      <UnitOfMeasurePrice>0.0000</UnitOfMeasurePrice>
      <AllowDiscount>1</AllowDiscount>
      <ItemStatus>1</ItemStatus>
      <ItemId>84505</ItemId>
    </Item>
    <Item>
      <PriceUpdateDate>2025-12-11 16:50:16</PriceUpdateDate>
      <ItemCode>7290121132060</ItemCode>
      <ItemType>1</ItemType>
      <ItemName>מיונז עם שיפקה 250 ג</ItemName>
      <ManufacturerName>לא ידוע</ManufacturerName>
      <ManufactureCountry>לא ידוע</ManufactureCountry>
      <ManufacturerItemDescription>מיונז עם שיפקה 250 ג</ManufacturerItemDescription>
      <UnitQty>לא ידוע</UnitQty>
      <Quantity>250.00</Quantity>
      <UnitOfMeasure>100 גרם</UnitOfMeasure>
      <bIsWeighted>0</bIsWeighted>
      <QtyInPackage>לא ידוע</QtyInPackage>
      <ItemPrice>12.90</ItemPrice>
      <UnitOfMeasurePrice>0.0516</UnitOfMeasurePrice>
      <AllowDiscount>1</AllowDiscount>
      <ItemStatus>1</ItemStatus>
      <ItemId>190311</ItemId>
    </Item>
    <Item>
      <PriceUpdateDate>2025-12-15 14:29:26</PriceUpdateDate>
      <ItemCode>7290002409045</ItemCode>
      <ItemType>1</ItemType>
      <ItemName>בורקס תפו"א 800גר</ItemName>
      <ManufacturerName>לא ידוע</ManufacturerName>
      <ManufactureCountry>לא ידוע</ManufactureCountry>
      <ManufacturerItemDescription>בורקס תפו"א 800גר</ManufacturerItemDescription>
      <UnitQty>לא ידוע</UnitQty>
      <Quantity>800.00</Quantity>
      <UnitOfMeasure>100 גרם</UnitOfMeasure>
      <bIsWeighted>0</bIsWeighted>
      <QtyInPackage>לא ידוע</QtyInPackage>
      <ItemPrice>21.90</ItemPrice>
      <UnitOfMeasurePrice>0.0274</UnitOfMeasurePrice>
      <AllowDiscount>1</AllowDiscount>
      <ItemStatus>1</ItemStatus>
      <ItemId>168151</ItemId>
    </Item>
    <Item>
      <PriceUpdateDate>2025-12-15 14:29:29</PriceUpdateDate>
      <ItemCode>7290002409175</ItemCode>
      <ItemType>1</ItemType>
      <ItemName>בצק עלים 1קג</ItemName>
      <ManufacturerName>לא ידוע</ManufacturerName>
      <ManufactureCountry>לא ידוע</ManufactureCountry>
      <ManufacturerItemDescription>בצק עלים 1קג</ManufacturerItemDescription>
      <UnitQty>לא ידוע</UnitQty>
      <Quantity>1000.00</Quantity>
      <UnitOfMeasure>100 גרם</UnitOfMeasure>
      <bIsWeighted>0</bIsWeighted>
      <QtyInPackage>לא ידוע</QtyInPackage>
      <ItemPrice>18.90</ItemPrice>
      <UnitOfMeasurePrice>0.0189</UnitOfMeasurePrice>
      <AllowDiscount>1</AllowDiscount>
      <ItemStatus>1</ItemStatus>
      <ItemId>168160</ItemId>
    </Item>
    <Item>
      <PriceUpdateDate>2025-12-16 07:55:20</PriceUpdateDate>
      <ItemCode>7290003959068</ItemCode>
      <ItemType>1</ItemType>
      <ItemName>פלפלים חריפים ברוטב</ItemName>
      <ManufacturerName>לא ידוע</ManufacturerName>
      <ManufactureCountry>לא ידוע</ManufactureCountry>
      <ManufacturerItemDescription>פלפלים חריפים ברוטב</ManufacturerItemDescription>
      <UnitQty>לא ידוע</UnitQty>
      <Quantity>200.00</Quantity>
      <UnitOfMeasure>100 גרם</UnitOfMeasure>
      <bIsWeighted>0</bIsWeighted>
      <QtyInPackage>לא ידוע</QtyInPackage>
      <ItemPrice>12.90</ItemPrice>
      <UnitOfMeasurePrice>0.0645</UnitOfMeasurePrice>
      <AllowDiscount>1</AllowDiscount>
      <ItemStatus>1</ItemStatus>
      <ItemId>176257</ItemId>
    </Item>
    <Item>
      <PriceUpdateDate>2025-12-16 07:55:28</PriceUpdateDate>
      <ItemCode>7290014435810</ItemCode>
      <ItemType>1</ItemType>
      <ItemName>הרינג כבוש עם בצל במ</ItemName>
      <ManufacturerName>לא ידוע</ManufacturerName>
      <ManufactureCountry>לא ידוע</ManufactureCountry>
      <ManufacturerItemDescription>הרינג כבוש עם בצל במ</ManufacturerItemDescription>
      <UnitQty>לא ידוע</UnitQty>
      <Quantity>180.00</Quantity>
      <UnitOfMeasure>100 גרם</UnitOfMeasure>
      <bIsWeighted>0</bIsWeighted>
      <QtyInPackage>לא ידוע</QtyInPackage>
      <ItemPrice>23.90</ItemPrice>
      <UnitOfMeasurePrice>0.1328</UnitOfMeasurePrice>
      <AllowDiscount>1</AllowDiscount>
      <ItemStatus>1</ItemStatus>
      <ItemId>102172</ItemId>
    </Item>
    <Item>
      <PriceUpdateDate>2025-12-16 07:55:32</PriceUpdateDate>
      <ItemCode>7290015282628</ItemCode>
      <ItemType>1</ItemType>
      <ItemName>חציל בטעם כבד 200 גר</ItemName>
      <ManufacturerName>לא ידוע</ManufacturerName>
      <ManufactureCountry>לא ידוע</ManufactureCountry>
      <ManufacturerItemDescription>חציל בטעם כבד 200 גר</ManufacturerItemDescription>
      <UnitQty>לא ידוע</UnitQty>
      <Quantity>200.00</Quantity>
      <UnitOfMeasure>100 גרם</UnitOfMeasure>
      <bIsWeighted>0</bIsWeighted>
      <QtyInPackage>לא ידוע</QtyInPackage>
      <ItemPrice>12.90</ItemPrice>
      <UnitOfMeasurePrice>0.0645</UnitOfMeasurePrice>
      <AllowDiscount>1</AllowDiscount>
      <ItemStatus>1</ItemStatus>
      <ItemId>119495</ItemId>
    </Item>
    <Item>
      <PriceUpdateDate>2025-12-23 13:13:55</PriceUpdateDate>
      <ItemCode>7290107879521</ItemCode>
      <ItemType>1</ItemType>
      <ItemName>מאגדת לה פרוטה תות 5</ItemName>
      <ManufacturerName>לא ידוע</ManufacturerName>
      <ManufactureCountry>לא ידוע</ManufactureCountry>
      <ManufacturerItemDescription>מאגדת לה פרוטה תות 5</ManufacturerItemDescription>
      <UnitQty>יחידה   </UnitQty>
      <Quantity>0.00</Quantity>
      <UnitOfMeasure>יחידה   </UnitOfMeasure>
      <bIsWeighted>0</bIsWeighted>
      <QtyInPackage>לא ידוע</QtyInPackage>
      <ItemPrice>27.90</ItemPrice>
      <UnitOfMeasurePrice>0.0000</UnitOfMeasurePrice>
      <AllowDiscount>1</AllowDiscount>
      <ItemStatus>1</ItemStatus>
      <ItemId>104025</ItemId>
    </Item>
    <Item>
      <PriceUpdateDate>2015-01-01 00:00:00</PriceUpdateDate>
      <ItemCode>8686868600105</ItemCode>
      <ItemType>1</ItemType>
      <ItemName>אביזרי שיער מברשות ה</ItemName>
      <ManufacturerName>לא ידוע</ManufacturerName>
      <ManufactureCountry>לא ידוע</ManufactureCountry>
      <ManufacturerItemDescription>אביזרי שיער מברשות ה</ManufacturerItemDescription>
      <UnitQty>יחידה   </UnitQty>
      <Quantity>0.00</Quantity>
      <UnitOfMeasure>יחידה   </UnitOfMeasure>
      <bIsWeighted>0</bIsWeighted>
      <QtyInPackage>לא ידוע</QtyInPackage>
      <ItemPrice>12.90</ItemPrice>
      <UnitOfMeasurePrice>0.0000</UnitOfMeasurePrice>
      <AllowDiscount>1</AllowDiscount>
      <ItemStatus>1</ItemStatus>
      <ItemId>92484</ItemId>
    </Item>
  </Items>
</Root>