<Root>
  <XmlDocVersion>19</XmlDocVersion>
  <ChainId>7290803800003</ChainId>
  <SubChainId>1</SubChainId>
  <StoreId>013</StoreId>
  <BikoretNo>7</BikoretNo>
  <DllVerNo>9.4.0.50</DllVerNo>
  <Items Count="394">
    <Item>
      <PriceUpdateDate>2015-11-16 09:21:12</PriceUpdateDate>
      <ItemCode>6112014100493</ItemCode>
      <ItemType>1</ItemType>
      <ItemName>מידות צבעוניות לאפיה</ItemName>
      <ManufacturerName>לא ידוע</ManufacturerName>
      <ManufactureCountry>לא ידוע</ManufactureCountry>
      <ManufacturerItemDescription>מידות צבעוניות לאפיה</ManufacturerItemDescription>
      <UnitQty>יח'</UnitQty>
      <Quantity>1.00</Quantity>
      <UnitOfMeasure>יח'</UnitOfMeasure>
      <bIsWeighted>0</bIsWeighted>
      <QtyInPackage>לא ידוע</QtyInPackage>
      <ItemPrice>14.90</ItemPrice>
      <UnitOfMeasurePrice>14.9000</UnitOfMeasurePrice>
      <AllowDiscount>1</AllowDiscount>
      <ItemStatus>1</ItemStatus>
      <ItemId>22990</ItemId>
    </Item>
    <Item>
      <PriceUpdateDate>2015-11-16 09:21:18</PriceUpdateDate>
      <ItemCode>6945305614047</ItemCode>
      <ItemType>1</ItemType>
      <ItemName>רביעיית מתלים ניקל</ItemName>
      <ManufacturerName>לא ידוע</ManufacturerName>
      <ManufactureCountry>כללי</ManufactureCountry>
      <ManufacturerItemDescription>רביעיית מתלים ניקל</ManufacturerItemDescription>
      <UnitQty>יח'</UnitQty>
      <Quantity>4.00</Quantity>
      <UnitOfMeasure>יח'</UnitOfMeasure>
      <bIsWeighted>0</bIsWeighted>
      <QtyInPackage>לא ידוע</QtyInPackage>
      <ItemPrice>9.90</ItemPrice>
      <UnitOfMeasurePrice>2.4750</UnitOfMeasurePrice>
      <AllowDiscount>1</AllowDiscount>
      <ItemStatus>1</ItemStatus>
      <ItemId>21017</ItemId>
    </Item>
    <Item>
      <PriceUpdateDate>2016-01-13 10:37:24</PriceUpdateDate>
      <ItemCode>6112014100240</ItemCode>
      <ItemType>1</ItemType>
      <ItemName>מרית סיליקון לאפיה</ItemName>
      <ManufacturerName>לא ידוע</ManufacturerName>
      <ManufactureCountry>לא ידוע</ManufactureCountry>
      <ManufacturerItemDescription>מרית סיליקון לאפיה</ManufacturerItemDescription>
      <UnitQty>יח'</UnitQty>
      <Quantity>1.00</Quantity>
      <UnitOfMeasure>יח'</UnitOfMeasure>
      <bIsWeighted>0</bIsWeighted>
      <QtyInPackage>לא ידוע</QtyInPackage>
      <ItemPrice>11.90</ItemPrice>
      <UnitOfMeasurePrice>11.9000</UnitOfMeasurePrice>
      <AllowDiscount>1</AllowDiscount>
      <ItemStatus>1</ItemStatus>
      <ItemId>25645</ItemId>
    </Item>
    <Item>
      <PriceUpdateDate>2016-12-01 07:21:30</PriceUpdateDate>
      <ItemCode>7290015514866</ItemCode>
      <ItemType>1</ItemType>
      <ItemName>שקית גופיה בודד.</ItemName>
      <ManufacturerName>לא ידוע</ManufacturerName>
      <ManufactureCountry>לא ידוע</ManufactureCountry>
      <ManufacturerItemDescription>שקית גופיה בודד.</ManufacturerItemDescription>
      <UnitQty>יח'</UnitQty>
      <Quantity>1.00</Quantity>
      <UnitOfMeasure>יח'</UnitOfMeasure>
      <bIsWeighted>0</bIsWeighted>
      <QtyInPackage>לא ידוע</QtyInPackage>
      <ItemPrice>0.10</ItemPrice>
      <UnitOfMeasurePrice>0.1000</UnitOfMeasurePrice>
      <AllowDiscount>1</AllowDiscount>
      <ItemStatus>1</ItemStatus>
      <ItemId>29889</ItemId>
    </Item>
    <Item>
      <PriceUpdateDate>2016-12-30 09:38:30</PriceUpdateDate>
      <ItemCode>7290000006550</ItemCode>
      <ItemType>1</ItemType>
      <ItemName>שקית גופיה יוחננוף</ItemName>
      <ManufacturerName>לא ידוע</ManufacturerName>
      <ManufactureCountry>לא ידוע</ManufactureCountry>
      <ManufacturerItemDescription>שקית גופיה יוחננוף</ManufacturerItemDescription>
      <UnitQty>יח'</UnitQty>
      <Quantity>1.00</Quantity>
      <UnitOfMeasure>יח'</UnitOfMeasure>
      <bIsWeighted>0</bIsWeighted>
      <QtyInPackage>לא ידוע</QtyInPackage>
      <ItemPrice>0.10</ItemPrice>
      <UnitOfMeasurePrice>0.1000</UnitOfMeasurePrice>
      <AllowDiscount>1</AllowDiscount>
      <ItemStatus>1</ItemStatus>
      <ItemId>30357</ItemId>
    </Item>
    <Item>
      <PriceUpdateDate>2016-12-30 12:31:28</PriceUpdateDate>
      <ItemCode>7290000034560</ItemCode>
      <ItemType>1</ItemType>
      <ItemName>שקית גופיה יוחננוף</ItemName>
      <ManufacturerName>לא ידוע</ManufacturerName>
      <ManufactureCountry>לא ידוע</ManufactureCountry>
      <ManufacturerItemDescription>שקית גופיה יוחננוף</ManufacturerItemDescription>
      <UnitQty>יח'</UnitQty>
      <Quantity>1.00</Quantity>
      <UnitOfMeasure>יח'</UnitOfMeasure>
      <bIsWeighted>0</bIsWeighted>
      <QtyInPackage>לא ידוע</QtyInPackage>
      <ItemPrice>0.10</ItemPrice>
      <UnitOfMeasurePrice>0.1000</UnitOfMeasurePrice>
      <AllowDiscount>1</AllowDiscount>
      <ItemStatus>1</ItemStatus>
      <ItemId>30358</ItemId>
    </Item>
    <Item>
      <PriceUpdateDate>2017-04-03 10:26:36</PriceUpdateDate>
      <ItemCode>6112017101350</ItemCode>
      <ItemType>1</ItemType>
      <ItemName>מצע לירקות</ItemName>
      <ManufacturerName>לא ידוע</ManufacturerName>
      <ManufactureCountry>לא ידוע</ManufactureCountry>
      <ManufacturerItemDescription>מצע לירקות</ManufacturerItemDescription>
      <UnitQty>יח'</UnitQty>
      <Quantity>1.00</Quantity>
      <UnitOfMeasure>יח'</UnitOfMeasure>
      <bIsWeighted>0</bIsWeighted>
      <QtyInPackage>לא ידוע</QtyInPackage>
      <ItemPrice>9.90</ItemPrice>
      <UnitOfMeasurePrice>9.9000</UnitOfMeasurePrice>
      <AllowDiscount>1</AllowDiscount>
      <ItemStatus>1</ItemStatus>
      <ItemId>31759</ItemId>
    </Item>
    <Item>
      <PriceUpdateDate>2017-06-28 08:33:08</PriceUpdateDate>
      <ItemCode>4056800943739</ItemCode>
      <ItemType>1</ItemType>
      <ItemName>קרם חמצן 6% לצביעת ה</ItemName>
      <ManufacturerName>פרוקטר אנד גמבל</ManufacturerName>
      <ManufactureCountry>צרפת</ManufactureCountry>
      <ManufacturerItemDescription>Wella</ManufacturerItemDescription>
      <UnitQty>מיליליטרים</UnitQty>
      <Quantity>60.00</Quantity>
      <UnitOfMeasure>100 מ"ל</UnitOfMeasure>
      <bIsWeighted>0</bIsWeighted>
      <QtyInPackage>לא ידוע</QtyInPackage>
      <ItemPrice>3.90</ItemPrice>
      <UnitOfMeasurePrice>0.0650</UnitOfMeasurePrice>
      <AllowDiscount>1</AllowDiscount>
      <ItemStatus>1</ItemStatus>
      <ItemId>8382</ItemId>
    </Item>
    <Item>
      <PriceUpdateDate>2017-08-30 13:10:35</PriceUpdateDate>
      <ItemCode>6112017101510</ItemCode>
      <ItemType>1</ItemType>
      <ItemName>סלסלת פרחים</ItemName>
      <ManufacturerName>לא ידוע</ManufacturerName>
      <ManufactureCountry>לא ידוע</ManufactureCountry>
      <ManufacturerItemDescription>סלסלת פרחים</ManufacturerItemDescription>
      <UnitQty>יח'</UnitQty>
      <Quantity>1.00</Quantity>
      <UnitOfMeasure>יח'</UnitOfMeasure>
      <bIsWeighted>0</bIsWeighted>
      <QtyInPackage>לא ידוע</QtyInPackage>
      <ItemPrice>8.90</ItemPrice>
      <UnitOfMeasurePrice>8.9000</UnitOfMeasurePrice>
      <AllowDiscount>1</AllowDiscount>
      <ItemStatus>1</ItemStatus>
      <ItemId>33664</ItemId>
    </Item>
    <Item>
      <PriceUpdateDate>2018-07-16 10:51:15</PriceUpdateDate>
      <ItemCode>7290000062242</ItemCode>
      <ItemType>1</ItemType>
      <ItemName>דובונים שמנת בצל 40</ItemName>
      <ManufacturerName>אסם</ManufacturerName>
      <ManufactureCountry>ישראל</ManufactureCountry>
      <ManufacturerItemDescription>דובונים</ManufacturerItemDescription>
      <UnitQty>גרמים</UnitQty>
      <Quantity>40.00</Quantity>
      <UnitOfMeasure>100 גרם</UnitOfMeasure>
      <bIsWeighted>0</bIsWeighted>
      <QtyInPackage>לא ידוע</QtyInPackage>
      <ItemPrice>3.90</ItemPrice>
      <UnitOfMeasurePrice>0.0975</UnitOfMeasurePrice>
      <AllowDiscount>1</AllowDiscount>
      <ItemStatus>1</ItemStatus>
      <ItemId>38400</ItemId>
    </Item>
    <Item>
      <PriceUpdateDate>2019-01-15 07:15:04</PriceUpdateDate>
      <ItemCode>7290017023205</ItemCode>
      <ItemType>1</ItemType>
      <ItemName>שוופס מוגז פירות ענב</ItemName>
      <ManufacturerName>לא ידוע</ManufacturerName>
      <ManufactureCountry>לא ידוע</ManufactureCountry>
      <ManufacturerItemDescription>שוופס מוגז פירות ענב</ManufacturerItemDescription>
      <UnitQty>מיליליטרים</UnitQty>
      <Quantity>330.00</Quantity>
      <UnitOfMeasure>100 מ"ל</UnitOfMeasure>
      <bIsWeighted>0</bIsWeighted>
      <QtyInPackage>לא ידוע</QtyInPackage>
      <ItemPrice>5.00</ItemPrice>
      <UnitOfMeasurePrice>0.0152</UnitOfMeasurePrice>
      <AllowDiscount>1</AllowDiscount>
      <ItemStatus>1</ItemStatus>
      <ItemId>55283</ItemId>
    </Item>
    <Item>
      <PriceUpdateDate>2019-04-01 12:13:00</PriceUpdateDate>
      <ItemCode>7296021166266</ItemCode>
      <ItemType>1</ItemType>
      <ItemName>קערת בול פלסטיק 330</ItemName>
      <ManufacturerName>לא ידוע</ManufacturerName>
      <ManufactureCountry>לא ידוע</ManufactureCountry>
      <ManufacturerItemDescription>קערת בול פלסטיק 330</ManufacturerItemDescription>
      <UnitQty>יח'</UnitQty>
      <Quantity>1.00</Quantity>
      <UnitOfMeasure>יח'</UnitOfMeasure>
      <bIsWeighted>0</bIsWeighted>
      <QtyInPackage>לא ידוע</QtyInPackage>
      <ItemPrice>5.90</ItemPrice>
      <UnitOfMeasurePrice>5.9000</UnitOfMeasurePrice>
      <AllowDiscount>1</AllowDiscount>
      <ItemStatus>1</ItemStatus>
      <ItemId>56701</ItemId>
    </Item>
    <Item>
      <PriceUpdateDate>2019-06-10 09:42:13</PriceUpdateDate>
      <ItemCode>7290109640198</ItemCode>
      <ItemType>1</ItemType>
      <ItemName>מגורדת לפיצה ואפיה</ItemName>
      <ManufacturerName>וי גרדן</ManufacturerName>
      <ManufactureCountry>ישראל</ManufactureCountry>
      <ManufacturerItemDescription>משו משו</ManufacturerItemDescription>
      <UnitQty>גרמים</UnitQty>
      <Quantity>200.00</Quantity>
      <UnitOfMeasure>100 גרם</UnitOfMeasure>
      <bIsWeighted>0</bIsWeighted>
      <QtyInPackage>לא ידוע</QtyInPackage>
      <ItemPrice>19.90</ItemPrice>
      <UnitOfMeasurePrice>0.0995</UnitOfMeasurePrice>
      <AllowDiscount>1</AllowDiscount>
      <ItemStatus>1</ItemStatus>
      <ItemId>32113</ItemId>
    </Item>
    <Item>
      <PriceUpdateDate>2020-01-17 08:27:16</PriceUpdateDate>
      <ItemCode>6112017106140</ItemCode>
      <ItemType>1</ItemType>
      <ItemName>מגן למזרן זוגי</ItemName>
      <ManufacturerName>לא ידוע</ManufacturerName>
      <ManufactureCountry>לא ידוע</ManufactureCountry>
      <ManufacturerItemDescription>מגן למזרן זוגי</ManufacturerItemDescription>
      <UnitQty>יח</UnitQty>
      <Quantity>1.00</Quantity>
      <UnitOfMeasure>יח</UnitOfMeasure>
      <bIsWeighted>0</bIsWeighted>
      <QtyInPackage>לא ידוע</QtyInPackage>
      <ItemPrice>49.90</ItemPrice>
      <UnitOfMeasurePrice>49.9000</UnitOfMeasurePrice>
      <AllowDiscount>1</AllowDiscount>
      <ItemStatus>1</ItemStatus>
      <ItemId>60352</ItemId>
    </Item>
    <Item>
      <PriceUpdateDate>2020-01-23 14:51:20</PriceUpdateDate>
      <ItemCode>6112012100440</ItemCode>
      <ItemType>1</ItemType>
      <ItemName>מגשית לקרח</ItemName>
      <ManufacturerName>לא ידוע</ManufacturerName>
      <ManufactureCountry>לא ידוע</ManufactureCountry>
      <ManufacturerItemDescription>מגשית לקרח</ManufacturerItemDescription>
      <UnitQty>יח'</UnitQty>
      <Quantity>1.00</Quantity>
      <UnitOfMeasure>יח'</UnitOfMeasure>
      <bIsWeighted>0</bIsWeighted>
      <QtyInPackage>לא ידוע</QtyInPackage>
      <ItemPrice>8.90</ItemPrice>
      <UnitOfMeasurePrice>8.9000</UnitOfMeasurePrice>
      <AllowDiscount>1</AllowDiscount>
      <ItemStatus>1</ItemStatus>
      <ItemId>24971</ItemId>
    </Item>
    <Item>
      <PriceUpdateDate>2020-06-05 08:43:20</PriceUpdateDate>
      <ItemCode>7290012470486</ItemCode>
      <ItemType>1</ItemType>
      <ItemName>כובע ניילון לרחצה 4</ItemName>
      <ManufacturerName>לא ידוע</ManufacturerName>
      <ManufactureCountry>לא ידוע</ManufactureCountry>
      <ManufacturerItemDescription>כובע ניילון לרחצה 4</ManufacturerItemDescription>
      <UnitQty>יח'</UnitQty>
      <Quantity>1.00</Quantity>
      <UnitOfMeasure>יח'</UnitOfMeasure>
      <bIsWeighted>0</bIsWeighted>
      <QtyInPackage>לא ידוע</QtyInPackage>
      <ItemPrice>6.90</ItemPrice>
      <UnitOfMeasurePrice>6.9000</UnitOfMeasurePrice>
      <AllowDiscount>1</AllowDiscount>
      <ItemStatus>1</ItemStatus>
      <ItemId>63916</ItemId>
    </Item>
    <Item>
      <PriceUpdateDate>2021-05-26 07:05:48</PriceUpdateDate>
      <ItemCode>7290116850245</ItemCode>
      <ItemType>1</ItemType>
      <ItemName>מסננת סיליקון מרובעת</ItemName>
      <ManufacturerName>לא ידוע</ManufacturerName>
      <ManufactureCountry>לא ידוע</ManufactureCountry>
      <ManufacturerItemDescription>מסננת סיליקון מרובעת</ManufacturerItemDescription>
      <UnitQty>יח'</UnitQty>
      <Quantity>1.00</Quantity>
      <UnitOfMeasure>יח'</UnitOfMeasure>
      <bIsWeighted>0</bIsWeighted>
      <QtyInPackage>לא ידוע</QtyInPackage>
      <ItemPrice>16.90</ItemPrice>
      <UnitOfMeasurePrice>16.9000</UnitOfMeasurePrice>
      <AllowDiscount>1</AllowDiscount>
      <ItemStatus>1</ItemStatus>
      <ItemId>67739</ItemId>
    </Item>
    <Item>
      <PriceUpdateDate>2021-10-06 13:38:43</PriceUpdateDate>
      <ItemCode>7290116850061</ItemCode>
      <ItemType>1</ItemType>
      <ItemName>מגב לשיש מתכת להב גו</ItemName>
      <ManufacturerName>לא ידוע</ManufacturerName>
      <ManufactureCountry>לא ידוע</ManufactureCountry>
      <ManufacturerItemDescription>מגב לשיש מתכת להב גו</ManufacturerItemDescription>
      <UnitQty>יח'</UnitQty>
      <Quantity>1.00</Quantity>
      <UnitOfMeasure>יח'</UnitOfMeasure>
      <bIsWeighted>0</bIsWeighted>
      <QtyInPackage>לא ידוע</QtyInPackage>
      <ItemPrice>16.90</ItemPrice>
      <UnitOfMeasurePrice>16.9000</UnitOfMeasurePrice>
      <AllowDiscount>1</AllowDiscount>
      <ItemStatus>1</ItemStatus>
      <ItemId>69066</ItemId>
    </Item>
    <Item>
      <PriceUpdateDate>2021-10-06 13:38:43</PriceUpdateDate>
      <ItemCode>7290116850269</ItemCode>
      <ItemType>1</ItemType>
      <ItemName>מתלה קיר נדבק 5 ווים</ItemName>
      <ManufacturerName>לא ידוע</ManufacturerName>
      <ManufactureCountry>לא ידוע</ManufactureCountry>
      <ManufacturerItemDescription>מתלה קיר נדבק 5 ווים</ManufacturerItemDescription>
      <UnitQty>יח'</UnitQty>
      <Quantity>1.00</Quantity>
      <UnitOfMeasure>יח'</UnitOfMeasure>
      <bIsWeighted>0</bIsWeighted>
      <QtyInPackage>לא ידוע</QtyInPackage>
      <ItemPrice>13.90</ItemPrice>
      <UnitOfMeasurePrice>13.9000</UnitOfMeasurePrice>
      <AllowDiscount>1</AllowDiscount>
      <ItemStatus>1</ItemStatus>
      <ItemId>69069</ItemId>
    </Item>
    <Item>
      <PriceUpdateDate>2021-11-15 07:05:30</PriceUpdateDate>
      <ItemCode>8001160000888</ItemCode>
      <ItemType>1</ItemType>
      <ItemName>משקה גטורייד ספורט ת</ItemName>
      <ManufacturerName>ALOE VERA HEAVEN SRL</ManufacturerName>
      <ManufactureCountry>איטליה</ManufactureCountry>
      <ManufacturerItemDescription>גטורייד</ManufacturerItemDescription>
      <UnitQty>מיליליטרים</UnitQty>
      <Quantity>500.00</Quantity>
      <UnitOfMeasure>100 מ"ל</UnitOfMeasure>
      <bIsWeighted>0</bIsWeighted>
      <QtyInPackage>לא ידוע</QtyInPackage>
      <ItemPrice>9.90</ItemPrice>
      <UnitOfMeasurePrice>0.0198</UnitOfMeasurePrice>
      <AllowDiscount>1</AllowDiscount>
      <ItemStatus>1</ItemStatus>
      <ItemId>69536</ItemId>
    </Item>
    <Item>
      <PriceUpdateDate>2021-12-13 12:06:23</PriceUpdateDate>
      <ItemCode>7296021143755</ItemCode>
      <ItemType>1</ItemType>
      <ItemName>סט 6 סכיני סטייק</ItemName>
      <ManufacturerName>לא ידוע</ManufacturerName>
      <ManufactureCountry>לא ידוע</ManufactureCountry>
      <ManufacturerItemDescription>סט 6 סכיני סטייק</ManufacturerItemDescription>
      <UnitQty>יח'</UnitQty>
      <Quantity>6.00</Quantity>
      <UnitOfMeasure>יח'</UnitOfMeasure>
      <bIsWeighted>0</bIsWeighted>
      <QtyInPackage>לא ידוע</QtyInPackage>
      <ItemPrice>24.90</ItemPrice>
      <UnitOfMeasurePrice>4.1500</UnitOfMeasurePrice>
      <AllowDiscount>1</AllowDiscount>
      <ItemStatus>1</ItemStatus>
      <ItemId>32872</ItemId>
    </Item>
    <Item>
      <PriceUpdateDate>2022-01-13 14:01:10</PriceUpdateDate>
      <ItemCode>7290108358117</ItemCode>
      <ItemType>1</ItemType>
      <ItemName>סנופרש מקלות ריחניים</ItemName>
      <ManufacturerName>סנו</ManufacturerName>
      <ManufactureCountry>ישראל</ManufactureCountry>
      <ManufacturerItemDescription>סנופרש מקלות ריחניים</ManufacturerItemDescription>
      <UnitQty>מיליליטרים</UnitQty>
      <Quantity>100.00</Quantity>
      <UnitOfMeasure>100 מ"ל</UnitOfMeasure>
      <bIsWeighted>0</bIsWeighted>
      <QtyInPackage>לא ידוע</QtyInPackage>
      <ItemPrice>19.90</ItemPrice>
      <UnitOfMeasurePrice>0.1990</UnitOfMeasurePrice>
      <AllowDiscount>1</AllowDiscount>
      <ItemStatus>1</ItemStatus>
      <ItemId>70235</ItemId>
    </Item>
    <Item>
      <PriceUpdateDate>2022-01-16 10:41:03</PriceUpdateDate>
      <ItemCode>7290108350524</ItemCode>
      <ItemType>1</ItemType>
      <ItemName>טבליות ריחניות לארון</ItemName>
      <ManufacturerName>סנו</ManufacturerName>
      <ManufactureCountry>ישראל</ManufactureCountry>
      <ManufacturerItemDescription>טבליות ריחניות לארון</ManufacturerItemDescription>
      <UnitQty>יח'</UnitQty>
      <Quantity>1.00</Quantity>
      <UnitOfMeasure>יח'</UnitOfMeasure>
      <bIsWeighted>0</bIsWeighted>
      <QtyInPackage>לא ידוע</QtyInPackage>
      <ItemPrice>15.90</ItemPrice>
      <UnitOfMeasurePrice>15.9000</UnitOfMeasurePrice>
      <AllowDiscount>1</AllowDiscount>
      <ItemStatus>1</ItemStatus>
      <ItemId>31098</ItemId>
    </Item>
    <Item>
      <PriceUpdateDate>2022-01-16 12:45:01</PriceUpdateDate>
      <ItemCode>7290000286907</ItemCode>
      <ItemType>1</ItemType>
      <ItemName>סנו מסיר כתמים</ItemName>
      <ManufacturerName>סנו</ManufacturerName>
      <ManufactureCountry>ישראל</ManufactureCountry>
      <ManufacturerItemDescription>סנו</ManufacturerItemDescription>
      <UnitQty>מיליליטרים</UnitQty>
      <Quantity>170.00</Quantity>
      <UnitOfMeasure>100 מ"ל</UnitOfMeasure>
      <bIsWeighted>0</bIsWeighted>
      <QtyInPackage>לא ידוע</QtyInPackage>
      <ItemPrice>24.90</ItemPrice>
      <UnitOfMeasurePrice>0.1465</UnitOfMeasurePrice>
      <AllowDiscount>1</AllowDiscount>
      <ItemStatus>1</ItemStatus>
      <ItemId>39008</ItemId>
    </Item>
    <Item>
      <PriceUpdateDate>2022-01-17 11:02:23</PriceUpdateDate>
      <ItemCode>7290107280075</ItemCode>
      <ItemType>1</ItemType>
      <ItemName>תבניות אלומיניום סנו</ItemName>
      <ManufacturerName>לא ידוע</ManufacturerName>
      <ManufactureCountry>כללי</ManufactureCountry>
      <ManufacturerItemDescription>תבנית אלומיניום סנו סושי</ManufacturerItemDescription>
      <UnitQty>יח'</UnitQty>
      <Quantity>4.00</Quantity>
      <UnitOfMeasure>יח'</UnitOfMeasure>
      <bIsWeighted>0</bIsWeighted>
      <QtyInPackage>לא ידוע</QtyInPackage>
      <ItemPrice>8.90</ItemPrice>
      <UnitOfMeasurePrice>2.2250</UnitOfMeasurePrice>
      <AllowDiscount>1</AllowDiscount>
      <ItemStatus>1</ItemStatus>
      <ItemId>9389</ItemId>
    </Item>
    <Item>
      <PriceUpdateDate>2022-03-29 06:34:16</PriceUpdateDate>
      <ItemCode>7290108356113</ItemCode>
      <ItemType>1</ItemType>
      <ItemName>תחליב רחצה כיף מילק</ItemName>
      <ManufacturerName>קוסמופארם</ManufacturerName>
      <ManufactureCountry>ישראל</ManufactureCountry>
      <ManufacturerItemDescription>כיף</ManufacturerItemDescription>
      <UnitQty>מיליליטרים</UnitQty>
      <Quantity>700.00</Quantity>
      <UnitOfMeasure>100 מ"ל</UnitOfMeasure>
      <bIsWeighted>0</bIsWeighted>
      <QtyInPackage>לא ידוע</QtyInPackage>
      <ItemPrice>10.90</ItemPrice>
      <UnitOfMeasurePrice>0.0156</UnitOfMeasurePrice>
      <AllowDiscount>1</AllowDiscount>
      <ItemStatus>1</ItemStatus>
      <ItemId>54758</ItemId>
    </Item>
    <Item>
      <PriceUpdateDate>2022-05-26 10:32:02</PriceUpdateDate>
      <ItemCode>7290116851303</ItemCode>
      <ItemType>1</ItemType>
      <ItemName>נטלה נירוסטה מהודרת</ItemName>
      <ManufacturerName>לא ידוע</ManufacturerName>
      <ManufactureCountry>לא ידוע</ManufactureCountry>
      <ManufacturerItemDescription>נטלה נירוסטה מהודרת</ManufacturerItemDescription>
      <UnitQty>יח'</UnitQty>
      <Quantity>1.00</Quantity>
      <UnitOfMeasure>יח'</UnitOfMeasure>
      <bIsWeighted>0</bIsWeighted>
      <QtyInPackage>לא ידוע</QtyInPackage>
      <ItemPrice>39.90</ItemPrice>
      <UnitOfMeasurePrice>39.9000</UnitOfMeasurePrice>
      <AllowDiscount>1</AllowDiscount>
      <ItemStatus>1</ItemStatus>
      <ItemId>82393</ItemId>
    </Item>
    <Item>
      <PriceUpdateDate>2022-05-26 10:32:02</PriceUpdateDate>
      <ItemCode>7290116851310</ItemCode>
      <ItemType>1</ItemType>
      <ItemName>נטלה נירוסטה אל חלד</ItemName>
      <ManufacturerName>לא ידוע</ManufacturerName>
      <ManufactureCountry>לא ידוע</ManufactureCountry>
      <ManufacturerItemDescription>נטלה נירוסטה אל חלד</ManufacturerItemDescription>
      <UnitQty>יח'</UnitQty>
      <Quantity>1.00</Quantity>
      <UnitOfMeasure>יח'</UnitOfMeasure>
      <bIsWeighted>0</bIsWeighted>
      <QtyInPackage>לא ידוע</QtyInPackage>
      <ItemPrice>19.90</ItemPrice>
      <UnitOfMeasurePrice>19.9000</UnitOfMeasurePrice>
      <AllowDiscount>1</AllowDiscount>
      <ItemStatus>1</ItemStatus>
      <ItemId>82394</ItemId>
    </Item>
    <Item>
      <PriceUpdateDate>2022-07-24 07:02:28</PriceUpdateDate>
      <ItemCode>7290000777993</ItemCode>
      <ItemType>1</ItemType>
      <ItemName>שעועית לבנה ברוטב</ItemName>
      <ManufacturerName>יצור עצמי</ManufacturerName>
      <ManufactureCountry>ישראל</ManufactureCountry>
      <ManufacturerItemDescription>שעועית לבנה</ManufacturerItemDescription>
      <UnitQty>קילוגרמים</UnitQty>
      <Quantity>1.00</Quantity>
      <UnitOfMeasure>ק"ג</UnitOfMeasure>
      <bIsWeighted>1</bIsWeighted>
      <QtyInPackage>לא ידוע</QtyInPackage>
      <ItemPrice>45.00</ItemPrice>
      <UnitOfMeasurePrice>45.0000</UnitOfMeasurePrice>
      <AllowDiscount>1</AllowDiscount>
      <ItemStatus>1</ItemStatus>
      <ItemId>266</ItemId>
    </Item>
    <Item>
      <PriceUpdateDate>2022-09-07 11:51:49</PriceUpdateDate>
      <ItemCode>7290016717235</ItemCode>
      <ItemType>1</ItemType>
      <ItemName>קונקורד אדום 187 מ"ל</ItemName>
      <ManufacturerName>יקבי כרמל</ManufacturerName>
      <ManufactureCountry>ישראל</ManufactureCountry>
      <ManufacturerItemDescription>קונקורד אדום 187 מ"ל</ManufacturerItemDescription>
      <UnitQty>מיליליטרים</UnitQty>
      <Quantity>187.00</Quantity>
      <UnitOfMeasure>100 מ"ל</UnitOfMeasure>
      <bIsWeighted>0</bIsWeighted>
      <QtyInPackage>לא ידוע</QtyInPackage>
      <ItemPrice>5.90</ItemPrice>
      <UnitOfMeasurePrice>0.0316</UnitOfMeasurePrice>
      <AllowDiscount>1</AllowDiscount>
      <ItemStatus>1</ItemStatus>
      <ItemId>59607</ItemId>
    </Item>
    <Item>
      <PriceUpdateDate>2022-10-26 07:24:03</PriceUpdateDate>
      <ItemCode>7290002814306</ItemCode>
      <ItemType>1</ItemType>
      <ItemName>כדוריות סבון אסלה עם</ItemName>
      <ManufacturerName>לא ידוע</ManufacturerName>
      <ManufactureCountry>תורכיה</ManufactureCountry>
      <ManufacturerItemDescription>כדוריות סבון אסלה עם</ManufacturerItemDescription>
      <UnitQty>יח'</UnitQty>
      <Quantity>3.00</Quantity>
      <UnitOfMeasure>יח'</UnitOfMeasure>
      <bIsWeighted>0</bIsWeighted>
      <QtyInPackage>לא ידוע</QtyInPackage>
      <ItemPrice>9.90</ItemPrice>
      <UnitOfMeasurePrice>3.3000</UnitOfMeasurePrice>
      <AllowDiscount>1</AllowDiscount>
      <ItemStatus>1</ItemStatus>
      <ItemId>87149</ItemId>
    </Item>
    <Item>
      <PriceUpdateDate>2022-11-17 08:39:41</PriceUpdateDate>
      <ItemCode>7290003272280</ItemCode>
      <ItemType>1</ItemType>
      <ItemName>חמוציות שלמות</ItemName>
      <ManufacturerName>דין שיווק וקלייה בע"</ManufacturerName>
      <ManufactureCountry>ארצות הברית</ManufactureCountry>
      <ManufacturerItemDescription>תפזורת - ללא מותג</ManufacturerItemDescription>
      <UnitQty>קילוגרמים</UnitQty>
      <Quantity>1.00</Quantity>
      <UnitOfMeasure>ק"ג</UnitOfMeasure>
      <bIsWeighted>1</bIsWeighted>
      <QtyInPackage>לא ידוע</QtyInPackage>
      <ItemPrice>79.00</ItemPrice>
      <UnitOfMeasurePrice>79.0000</UnitOfMeasurePrice>
      <AllowDiscount>1</AllowDiscount>
      <ItemStatus>1</ItemStatus>
      <ItemId>21729</ItemId>
    </Item>
    <Item>
      <PriceUpdateDate>2023-01-01 14:27:30</PriceUpdateDate>
      <ItemCode>7290011725044</ItemCode>
      <ItemType>1</ItemType>
      <ItemName>סלרי עלים מהדרין - א</ItemName>
      <ManufacturerName>לא ידוע</ManufacturerName>
      <ManufactureCountry>ישראל</ManufactureCountry>
      <ManufacturerItemDescription>סלרי עלים מהדרין</ManufacturerItemDescription>
      <UnitQty>יח'</UnitQty>
      <Quantity>1.00</Quantity>
      <UnitOfMeasure>יח'</UnitOfMeasure>
      <bIsWeighted>0</bIsWeighted>
      <QtyInPackage>לא ידוע</QtyInPackage>
      <ItemPrice>6.90</ItemPrice>
      <UnitOfMeasurePrice>6.9000</UnitOfMeasurePrice>
      <AllowDiscount>1</AllowDiscount>
      <ItemStatus>1</ItemStatus>
      <ItemId>20848</ItemId>
    </Item>
    <Item>
      <PriceUpdateDate>2023-02-05 10:34:05</PriceUpdateDate>
      <ItemCode>7290004645175</ItemCode>
      <ItemType>1</ItemType>
      <ItemName>טונה פרוס כהה קפוא ר</ItemName>
      <ManufacturerName>לא ידוע</ManufacturerName>
      <ManufactureCountry>לא ידוע</ManufactureCountry>
      <ManufacturerItemDescription>טונה פרוס כהה קפוא ר</ManufacturerItemDescription>
      <UnitQty>קילוגרמים</UnitQty>
      <Quantity>1.00</Quantity>
      <UnitOfMeasure>ק"ג</UnitOfMeasure>
      <bIsWeighted>1</bIsWeighted>
      <QtyInPackage>לא ידוע</QtyInPackage>
      <ItemPrice>49.90</ItemPrice>
      <UnitOfMeasurePrice>49.9000</UnitOfMeasurePrice>
      <AllowDiscount>1</AllowDiscount>
      <ItemStatus>1</ItemStatus>
      <ItemId>69112</ItemId>
    </Item>
    <Item>
      <PriceUpdateDate>2023-03-02 12:01:42</PriceUpdateDate>
      <ItemCode>6951097102099</ItemCode>
      <ItemType>1</ItemType>
      <ItemName>מאג אפרופו 250</ItemName>
      <ManufacturerName>לא ידוע</ManufacturerName>
      <ManufactureCountry>לא ידוע</ManufactureCountry>
      <ManufacturerItemDescription>מאג אפרופו 250</ManufacturerItemDescription>
      <UnitQty>יח'</UnitQty>
      <Quantity>1.00</Quantity>
      <UnitOfMeasure>יח'</UnitOfMeasure>
      <bIsWeighted>0</bIsWeighted>
      <QtyInPackage>לא ידוע</QtyInPackage>
      <ItemPrice>9.90</ItemPrice>
      <UnitOfMeasurePrice>9.9000</UnitOfMeasurePrice>
      <AllowDiscount>1</AllowDiscount>
      <ItemStatus>1</ItemStatus>
      <ItemId>77252</ItemId>
    </Item>
    <Item>
      <PriceUpdateDate>2023-03-14 12:46:41</PriceUpdateDate>
      <ItemCode>7290017068367</ItemCode>
      <ItemType>1</ItemType>
      <ItemName>שמרים יבשים 125 גרם</ItemName>
      <ManufacturerName>מיה</ManufacturerName>
      <ManufactureCountry>ישראל</ManufactureCountry>
      <ManufacturerItemDescription>שמרים יבשים 125 גרם</ManufacturerItemDescription>
      <UnitQty>גרמים</UnitQty>
      <Quantity>125.00</Quantity>
      <UnitOfMeasure>100 גרם</UnitOfMeasure>
      <bIsWeighted>0</bIsWeighted>
      <QtyInPackage>לא ידוע</QtyInPackage>
      <ItemPrice>4.90</ItemPrice>
      <UnitOfMeasurePrice>0.0392</UnitOfMeasurePrice>
      <AllowDiscount>1</AllowDiscount>
      <ItemStatus>1</ItemStatus>
      <ItemId>68303</ItemId>
    </Item>
    <Item>
      <PriceUpdateDate>2023-03-19 09:49:15</PriceUpdateDate>
      <ItemCode>7296021290022</ItemCode>
      <ItemType>1</ItemType>
      <ItemName>מיכל איחסון 11*11.2</ItemName>
      <ManufacturerName>לא ידוע</ManufacturerName>
      <ManufactureCountry>לא ידוע</ManufactureCountry>
      <ManufacturerItemDescription>מיכל איחסון 11*11.2</ManufacturerItemDescription>
      <UnitQty>יח</UnitQty>
      <Quantity>1.00</Quantity>
      <UnitOfMeasure>יח</UnitOfMeasure>
      <bIsWeighted>0</bIsWeighted>
      <QtyInPackage>לא ידוע</QtyInPackage>
      <ItemPrice>16.90</ItemPrice>
      <UnitOfMeasurePrice>16.9000</UnitOfMeasurePrice>
      <AllowDiscount>1</AllowDiscount>
      <ItemStatus>1</ItemStatus>
      <ItemId>91473</ItemId>
    </Item>
    <Item>
      <PriceUpdateDate>2023-04-24 15:23:40</PriceUpdateDate>
      <ItemCode>7290116784076</ItemCode>
      <ItemType>1</ItemType>
      <ItemName>צלחת מלמין 22 - שחור</ItemName>
      <ManufacturerName>לא ידוע</ManufacturerName>
      <ManufactureCountry>לא ידוע</ManufactureCountry>
      <ManufacturerItemDescription>צלחת מלמין 22 - שחור</ManufacturerItemDescription>
      <UnitQty>יח'</UnitQty>
      <Quantity>1.00</Quantity>
      <UnitOfMeasure>יח'</UnitOfMeasure>
      <bIsWeighted>0</bIsWeighted>
      <QtyInPackage>לא ידוע</QtyInPackage>
      <ItemPrice>8.90</ItemPrice>
      <UnitOfMeasurePrice>8.9000</UnitOfMeasurePrice>
      <AllowDiscount>1</AllowDiscount>
      <ItemStatus>1</ItemStatus>
      <ItemId>92881</ItemId>
    </Item>
    <Item>
      <PriceUpdateDate>2023-05-19 06:27:53</PriceUpdateDate>
      <ItemCode>7290000501994</ItemCode>
      <ItemType>1</ItemType>
      <ItemName>לברק טרי יחידה כ-400</ItemName>
      <ManufacturerName>לא ידוע</ManufacturerName>
      <ManufactureCountry>לא ידוע</ManufactureCountry>
      <ManufacturerItemDescription>לברק טרי יחידה כ-400</ManufacturerItemDescription>
      <UnitQty>גרמים</UnitQty>
      <Quantity>400.00</Quantity>
      <UnitOfMeasure>100 גרם</UnitOfMeasure>
      <bIsWeighted>0</bIsWeighted>
      <QtyInPackage>לא ידוע</QtyInPackage>
      <ItemPrice>37.90</ItemPrice>
      <UnitOfMeasurePrice>0.0947</UnitOfMeasurePrice>
      <AllowDiscount>1</AllowDiscount>
      <ItemStatus>1</ItemStatus>
      <ItemId>63900</ItemId>
    </Item>
    <Item>
      <PriceUpdateDate>2023-06-04 11:51:53</PriceUpdateDate>
      <ItemCode>7290017599236</ItemCode>
      <ItemType>1</ItemType>
      <ItemName>סוכרזית סטיוויה 200</ItemName>
      <ManufacturerName>ביסקול</ManufacturerName>
      <ManufactureCountry>ישראל</ManufactureCountry>
      <ManufacturerItemDescription>סוכרזית סטיוויה 200</ManufacturerItemDescription>
      <UnitQty>יח'</UnitQty>
      <Quantity>200.00</Quantity>
      <UnitOfMeasure>יח'</UnitOfMeasure>
      <bIsWeighted>0</bIsWeighted>
      <QtyInPackage>לא ידוע</QtyInPackage>
      <ItemPrice>24.90</ItemPrice>
      <UnitOfMeasurePrice>0.1245</UnitOfMeasurePrice>
      <AllowDiscount>1</AllowDiscount>
      <ItemStatus>1</ItemStatus>
      <ItemId>70053</ItemId>
    </Item>
    <Item>
      <PriceUpdateDate>2023-07-02 10:15:40</PriceUpdateDate>
      <ItemCode>7290019337027</ItemCode>
      <ItemType>1</ItemType>
      <ItemName>מטלית מיקרופייבר יוח</ItemName>
      <ManufacturerName>סדובסקי</ManufacturerName>
      <ManufactureCountry>סין</ManufactureCountry>
      <ManufacturerItemDescription>מטלית מיקרופייבר יוח</ManufacturerItemDescription>
      <UnitQty>יח'</UnitQty>
      <Quantity>1.00</Quantity>
      <UnitOfMeasure>יח'</UnitOfMeasure>
      <bIsWeighted>0</bIsWeighted>
      <QtyInPackage>לא ידוע</QtyInPackage>
      <ItemPrice>8.90</ItemPrice>
      <UnitOfMeasurePrice>8.9000</UnitOfMeasurePrice>
      <AllowDiscount>1</AllowDiscount>
      <ItemStatus>1</ItemStatus>
      <ItemId>92672</ItemId>
    </Item>
    <Item>
      <PriceUpdateDate>2023-07-04 09:20:10</PriceUpdateDate>
      <ItemCode>8008857300344</ItemCode>
      <ItemType>1</ItemType>
      <ItemName>פסטה רג'יה צינור 500</ItemName>
      <ManufacturerName>רגיה</ManufacturerName>
      <ManufactureCountry>איטליה</ManufactureCountry>
      <ManufacturerItemDescription>תומר</ManufacturerItemDescription>
      <UnitQty>גרמים</UnitQty>
      <Quantity>500.00</Quantity>
      <UnitOfMeasure>100 גרם</UnitOfMeasure>
      <bIsWeighted>0</bIsWeighted>
      <QtyInPackage>לא ידוע</QtyInPackage>
      <ItemPrice>5.50</ItemPrice>
      <UnitOfMeasurePrice>0.0110</UnitOfMeasurePrice>
      <AllowDiscount>1</AllowDiscount>
      <ItemStatus>1</ItemStatus>
      <ItemId>17557</ItemId>
    </Item>
    <Item>
      <PriceUpdateDate>2023-07-17 08:16:09</PriceUpdateDate>
      <ItemCode>7290001247723</ItemCode>
      <ItemType>1</ItemType>
      <ItemName>ספרינג נקטר תות בננה</ItemName>
      <ManufacturerName>יפאורה תבורי</ManufacturerName>
      <ManufactureCountry>ישראל</ManufactureCountry>
      <ManufacturerItemDescription>ספרינג נקטר תות בננה</ManufacturerItemDescription>
      <UnitQty>מיליליטרים</UnitQty>
      <Quantity>330.00</Quantity>
      <UnitOfMeasure>100 מ"ל</UnitOfMeasure>
      <bIsWeighted>0</bIsWeighted>
      <QtyInPackage>לא ידוע</QtyInPackage>
      <ItemPrice>4.90</ItemPrice>
      <UnitOfMeasurePrice>0.0148</UnitOfMeasurePrice>
      <AllowDiscount>1</AllowDiscount>
      <ItemStatus>1</ItemStatus>
      <ItemId>66840</ItemId>
    </Item>
    <Item>
      <PriceUpdateDate>2023-07-20 06:50:39</PriceUpdateDate>
      <ItemCode>7290116854649</ItemCode>
      <ItemType>1</ItemType>
      <ItemName>ארגונית אקרילית 9*21</ItemName>
      <ManufacturerName>לא ידוע</ManufacturerName>
      <ManufactureCountry>לא ידוע</ManufactureCountry>
      <ManufacturerItemDescription>ארגונית אקרילית 9*21</ManufacturerItemDescription>
      <UnitQty>יח'</UnitQty>
      <Quantity>1.00</Quantity>
      <UnitOfMeasure>יח'</UnitOfMeasure>
      <bIsWeighted>0</bIsWeighted>
      <QtyInPackage>לא ידוע</QtyInPackage>
      <ItemPrice>17.90</ItemPrice>
      <UnitOfMeasurePrice>17.9000</UnitOfMeasurePrice>
      <AllowDiscount>1</AllowDiscount>
      <ItemStatus>1</ItemStatus>
      <ItemId>97857</ItemId>
    </Item>
    <Item>
      <PriceUpdateDate>2023-07-20 06:50:39</PriceUpdateDate>
      <ItemCode>7290116854724</ItemCode>
      <ItemType>1</ItemType>
      <ItemName>ארגונית אקרילית 9.5*</ItemName>
      <ManufacturerName>לא ידוע</ManufacturerName>
      <ManufactureCountry>לא ידוע</ManufactureCountry>
      <ManufacturerItemDescription>ארגונית אקרילית 9.5*</ManufacturerItemDescription>
      <UnitQty>יח'</UnitQty>
      <Quantity>1.00</Quantity>
      <UnitOfMeasure>יח'</UnitOfMeasure>
      <bIsWeighted>0</bIsWeighted>
      <QtyInPackage>לא ידוע</QtyInPackage>
      <ItemPrice>16.90</ItemPrice>
      <UnitOfMeasurePrice>16.9000</UnitOfMeasurePrice>
      <AllowDiscount>1</AllowDiscount>
      <ItemStatus>1</ItemStatus>
      <ItemId>97863</ItemId>
    </Item>
    <Item>
      <PriceUpdateDate>2023-08-13 13:15:07</PriceUpdateDate>
      <ItemCode>7290111351280</ItemCode>
      <ItemType>1</ItemType>
      <ItemName>תערובת אגוזים קלויים</ItemName>
      <ManufacturerName>קליית גת</ManufacturerName>
      <ManufactureCountry>ישראל</ManufactureCountry>
      <ManufacturerItemDescription>קליית גת</ManufacturerItemDescription>
      <UnitQty>גרמים</UnitQty>
      <Quantity>150.00</Quantity>
      <UnitOfMeasure>100 גרם</UnitOfMeasure>
      <bIsWeighted>0</bIsWeighted>
      <QtyInPackage>לא ידוע</QtyInPackage>
      <ItemPrice>17.90</ItemPrice>
      <UnitOfMeasurePrice>0.1193</UnitOfMeasurePrice>
      <AllowDiscount>1</AllowDiscount>
      <ItemStatus>1</ItemStatus>
      <ItemId>56039</ItemId>
    </Item>
    <Item>
      <PriceUpdateDate>2023-08-29 10:02:24</PriceUpdateDate>
      <ItemCode>7290000000612</ItemCode>
      <ItemType>1</ItemType>
      <ItemName>תפו"א  ירושלמי</ItemName>
      <ManufacturerName>משתנה</ManufacturerName>
      <ManufactureCountry>ישראל</ManufactureCountry>
      <ManufacturerItemDescription>תפו"א ירושלמי</ManufacturerItemDescription>
      <UnitQty>קילוגרמים</UnitQty>
      <Quantity>1.00</Quantity>
      <UnitOfMeasure>ק"ג</UnitOfMeasure>
      <bIsWeighted>1</bIsWeighted>
      <QtyInPackage>לא ידוע</QtyInPackage>
      <ItemPrice>15.90</ItemPrice>
      <UnitOfMeasurePrice>15.9000</UnitOfMeasurePrice>
      <AllowDiscount>1</AllowDiscount>
      <ItemStatus>1</ItemStatus>
      <ItemId>18508</ItemId>
    </Item>
    <Item>
      <PriceUpdateDate>2023-10-24 13:42:53</PriceUpdateDate>
      <ItemCode>7290116855455</ItemCode>
      <ItemType>1</ItemType>
      <ItemName>פומפיה עם קופסאת אחס</ItemName>
      <ManufacturerName>לא ידוע</ManufacturerName>
      <ManufactureCountry>לא ידוע</ManufactureCountry>
      <ManufacturerItemDescription>פומפיה עם קופסאת אחס</ManufacturerItemDescription>
      <UnitQty>יח'</UnitQty>
      <Quantity>1.00</Quantity>
      <UnitOfMeasure>יח'</UnitOfMeasure>
      <bIsWeighted>0</bIsWeighted>
      <QtyInPackage>לא ידוע</QtyInPackage>
      <ItemPrice>19.90</ItemPrice>
      <UnitOfMeasurePrice>19.9000</UnitOfMeasurePrice>
      <AllowDiscount>1</AllowDiscount>
      <ItemStatus>1</ItemStatus>
      <ItemId>103261</ItemId>
    </Item>
    <Item>
      <PriceUpdateDate>2023-10-30 13:47:34</PriceUpdateDate>
      <ItemCode>7290019398233</ItemCode>
      <ItemType>1</ItemType>
      <ItemName>שישיית בירה סטלה 330</ItemName>
      <ManufacturerName>לא ידוע</ManufacturerName>
      <ManufactureCountry>לא ידוע</ManufactureCountry>
      <ManufacturerItemDescription>שישיית בירה סטלה 330</ManufacturerItemDescription>
      <UnitQty>ליטרים</UnitQty>
      <Quantity>1.98</Quantity>
      <UnitOfMeasure>ליטר    </UnitOfMeasure>
      <bIsWeighted>0</bIsWeighted>
      <QtyInPackage>לא ידוע</QtyInPackage>
      <ItemPrice>34.90</ItemPrice>
      <UnitOfMeasurePrice>17.6263</UnitOfMeasurePrice>
      <AllowDiscount>1</AllowDiscount>
      <ItemStatus>1</ItemStatus>
      <ItemId>103655</ItemId>
    </Item>
    <Item>
      <PriceUpdateDate>2023-11-13 11:51:48</PriceUpdateDate>
      <ItemCode>50000543533</ItemCode>
      <ItemType>1</ItemType>
      <ItemName>פריסקיז פטה 156 ג</ItemName>
      <ManufacturerName>לא ידוע</ManufacturerName>
      <ManufactureCountry>לא ידוע</ManufactureCountry>
      <ManufacturerItemDescription>פריסקיז פטה 156 ג</ManufacturerItemDescription>
      <UnitQty>גרמים</UnitQty>
      <Quantity>156.00</Quantity>
      <UnitOfMeasure>100 גרם</UnitOfMeasure>
      <bIsWeighted>0</bIsWeighted>
      <QtyInPackage>לא ידוע</QtyInPackage>
      <ItemPrice>6.90</ItemPrice>
      <UnitOfMeasurePrice>0.0442</UnitOfMeasurePrice>
      <AllowDiscount>1</AllowDiscount>
      <ItemStatus>1</ItemStatus>
      <ItemId>82910</ItemId>
    </Item>
    <Item>
      <PriceUpdateDate>2023-11-15 06:39:54</PriceUpdateDate>
      <ItemCode>7290018394359</ItemCode>
      <ItemType>1</ItemType>
      <ItemName>מיני מיקס אקזוטי 250</ItemName>
      <ManufacturerName>עינת תעשיות מזון אגו</ManufacturerName>
      <ManufactureCountry>ישראל</ManufactureCountry>
      <ManufacturerItemDescription>פטריות שי-מגי</ManufacturerItemDescription>
      <UnitQty>גרמים</UnitQty>
      <Quantity>250.00</Quantity>
      <UnitOfMeasure>100 גרם</UnitOfMeasure>
      <bIsWeighted>0</bIsWeighted>
      <QtyInPackage>לא ידוע</QtyInPackage>
      <ItemPrice>15.90</ItemPrice>
      <UnitOfMeasurePrice>0.0636</UnitOfMeasurePrice>
      <AllowDiscount>1</AllowDiscount>
      <ItemStatus>1</ItemStatus>
      <ItemId>104277</ItemId>
    </Item>
    <Item>
      <PriceUpdateDate>2023-11-22 06:44:47</PriceUpdateDate>
      <ItemCode>7290006214430</ItemCode>
      <ItemType>1</ItemType>
      <ItemName>פלפל שחור גרוס עבה</ItemName>
      <ManufacturerName>לא ידוע</ManufacturerName>
      <ManufactureCountry>לא ידוע</ManufactureCountry>
      <ManufacturerItemDescription>פלפל שחור גרוס עבה</ManufacturerItemDescription>
      <UnitQty>קילוגרמים</UnitQty>
      <Quantity>1.00</Quantity>
      <UnitOfMeasure>ק"ג</UnitOfMeasure>
      <bIsWeighted>1</bIsWeighted>
      <QtyInPackage>לא ידוע</QtyInPackage>
      <ItemPrice>80.00</ItemPrice>
      <UnitOfMeasurePrice>80.0000</UnitOfMeasurePrice>
      <AllowDiscount>1</AllowDiscount>
      <ItemStatus>1</ItemStatus>
      <ItemId>57422</ItemId>
    </Item>
    <Item>
      <PriceUpdateDate>2023-11-23 06:34:19</PriceUpdateDate>
      <ItemCode>7290000410173</ItemCode>
      <ItemType>1</ItemType>
      <ItemName>עצמות בקר כשר</ItemName>
      <ManufacturerName>משתנה</ManufacturerName>
      <ManufactureCountry>ישראל</ManufactureCountry>
      <ManufacturerItemDescription>עצמות בקר גורמה</ManufacturerItemDescription>
      <UnitQty>קילוגרמים</UnitQty>
      <Quantity>1.00</Quantity>
      <UnitOfMeasure>ק"ג</UnitOfMeasure>
      <bIsWeighted>1</bIsWeighted>
      <QtyInPackage>לא ידוע</QtyInPackage>
      <ItemPrice>19.90</ItemPrice>
      <UnitOfMeasurePrice>19.9000</UnitOfMeasurePrice>
      <AllowDiscount>1</AllowDiscount>
      <ItemStatus>1</ItemStatus>
      <ItemId>104553</ItemId>
    </Item>
    <Item>
      <PriceUpdateDate>2023-11-23 06:34:19</PriceUpdateDate>
      <ItemCode>7290000410227</ItemCode>
      <ItemType>1</ItemType>
      <ItemName>צוואר בקר טרי עם עצם</ItemName>
      <ManufacturerName>משתנה</ManufacturerName>
      <ManufactureCountry>ישראל</ManufactureCountry>
      <ManufacturerItemDescription>צוואר עם עצם טרי גורמה</ManufacturerItemDescription>
      <UnitQty>קילוגרמים</UnitQty>
      <Quantity>1.00</Quantity>
      <UnitOfMeasure>ק"ג</UnitOfMeasure>
      <bIsWeighted>1</bIsWeighted>
      <QtyInPackage>לא ידוע</QtyInPackage>
      <ItemPrice>59.90</ItemPrice>
      <UnitOfMeasurePrice>59.9000</UnitOfMeasurePrice>
      <AllowDiscount>1</AllowDiscount>
      <ItemStatus>1</ItemStatus>
      <ItemId>104558</ItemId>
    </Item>
    <Item>
      <PriceUpdateDate>2023-11-23 08:44:51</PriceUpdateDate>
      <ItemCode>7290006214805</ItemCode>
      <ItemType>1</ItemType>
      <ItemName>תערובת  לאורז בורה ב</ItemName>
      <ManufacturerName>לא ידוע</ManufacturerName>
      <ManufactureCountry>לא ידוע</ManufactureCountry>
      <ManufacturerItemDescription>תערובת  לאורז בורה ב</ManufacturerItemDescription>
      <UnitQty>קילוגרמים</UnitQty>
      <Quantity>1.00</Quantity>
      <UnitOfMeasure>ק"ג</UnitOfMeasure>
      <bIsWeighted>1</bIsWeighted>
      <QtyInPackage>לא ידוע</QtyInPackage>
      <ItemPrice>90.00</ItemPrice>
      <UnitOfMeasurePrice>90.0000</UnitOfMeasurePrice>
      <AllowDiscount>1</AllowDiscount>
      <ItemStatus>1</ItemStatus>
      <ItemId>57459</ItemId>
    </Item>
    <Item>
      <PriceUpdateDate>2023-11-27 11:57:15</PriceUpdateDate>
      <ItemCode>7290013453082</ItemCode>
      <ItemType>1</ItemType>
      <ItemName>עוגיות כוסמין שוקולד</ItemName>
      <ManufacturerName>לא ידוע</ManufacturerName>
      <ManufactureCountry>לא ידוע</ManufactureCountry>
      <ManufacturerItemDescription>עוגיות כוסמין שוקולד</ManufacturerItemDescription>
      <UnitQty>גרמים</UnitQty>
      <Quantity>230.00</Quantity>
      <UnitOfMeasure>100 גרם</UnitOfMeasure>
      <bIsWeighted>0</bIsWeighted>
      <QtyInPackage>לא ידוע</QtyInPackage>
      <ItemPrice>24.90</ItemPrice>
      <UnitOfMeasurePrice>0.1083</UnitOfMeasurePrice>
      <AllowDiscount>1</AllowDiscount>
      <ItemStatus>1</ItemStatus>
      <ItemId>105064</ItemId>
    </Item>
    <Item>
      <PriceUpdateDate>2023-11-27 11:57:19</PriceUpdateDate>
      <ItemCode>7290013453648</ItemCode>
      <ItemType>1</ItemType>
      <ItemName>עוגיות קמח שקדים פ.י</ItemName>
      <ManufacturerName>לא ידוע</ManufacturerName>
      <ManufactureCountry>לא ידוע</ManufactureCountry>
      <ManufacturerItemDescription>עוגיות קמח שקדים פ.י</ManufacturerItemDescription>
      <UnitQty>יח'</UnitQty>
      <Quantity>1.00</Quantity>
      <UnitOfMeasure>יח'</UnitOfMeasure>
      <bIsWeighted>0</bIsWeighted>
      <QtyInPackage>לא ידוע</QtyInPackage>
      <ItemPrice>25.90</ItemPrice>
      <UnitOfMeasurePrice>25.9000</UnitOfMeasurePrice>
      <AllowDiscount>1</AllowDiscount>
      <ItemStatus>1</ItemStatus>
      <ItemId>105090</ItemId>
    </Item>
    <Item>
      <PriceUpdateDate>2023-12-03 08:21:46</PriceUpdateDate>
      <ItemCode>7290116855608</ItemCode>
      <ItemType>1</ItemType>
      <ItemName>עקביות 36-41  5 יח</ItemName>
      <ManufacturerName>לא ידוע</ManufacturerName>
      <ManufactureCountry>לא ידוע</ManufactureCountry>
      <ManufacturerItemDescription>עקביות 36-41  5 יח</ManufacturerItemDescription>
      <UnitQty>יח'</UnitQty>
      <Quantity>5.00</Quantity>
      <UnitOfMeasure>יח'</UnitOfMeasure>
      <bIsWeighted>0</bIsWeighted>
      <QtyInPackage>לא ידוע</QtyInPackage>
      <ItemPrice>22.90</ItemPrice>
      <UnitOfMeasurePrice>4.5800</UnitOfMeasurePrice>
      <AllowDiscount>1</AllowDiscount>
      <ItemStatus>1</ItemStatus>
      <ItemId>103267</ItemId>
    </Item>
    <Item>
      <PriceUpdateDate>2023-12-20 12:40:21</PriceUpdateDate>
      <ItemCode>7296021133718</ItemCode>
      <ItemType>1</ItemType>
      <ItemName>מטרפה ידית שחורה</ItemName>
      <ManufacturerName>לא ידוע</ManufacturerName>
      <ManufactureCountry>לא ידוע</ManufactureCountry>
      <ManufacturerItemDescription>מטרפה ידית שחורה</ManufacturerItemDescription>
      <UnitQty>יח'</UnitQty>
      <Quantity>1.00</Quantity>
      <UnitOfMeasure>יח'</UnitOfMeasure>
      <bIsWeighted>0</bIsWeighted>
      <QtyInPackage>לא ידוע</QtyInPackage>
      <ItemPrice>13.90</ItemPrice>
      <UnitOfMeasurePrice>13.9000</UnitOfMeasurePrice>
      <AllowDiscount>1</AllowDiscount>
      <ItemStatus>1</ItemStatus>
      <ItemId>31240</ItemId>
    </Item>
    <Item>
      <PriceUpdateDate>2023-12-31 09:26:14</PriceUpdateDate>
      <ItemCode>7290006789631</ItemCode>
      <ItemType>1</ItemType>
      <ItemName>קרם לחות קרליין לשיע</ItemName>
      <ManufacturerName>אמיליה קוסמטיקס בע"מ</ManufacturerName>
      <ManufactureCountry>ישראל</ManufactureCountry>
      <ManufacturerItemDescription>קרליין</ManufacturerItemDescription>
      <UnitQty>מיליליטרים</UnitQty>
      <Quantity>400.00</Quantity>
      <UnitOfMeasure>100 מ"ל</UnitOfMeasure>
      <bIsWeighted>0</bIsWeighted>
      <QtyInPackage>לא ידוע</QtyInPackage>
      <ItemPrice>16.90</ItemPrice>
      <UnitOfMeasurePrice>0.0422</UnitOfMeasurePrice>
      <AllowDiscount>1</AllowDiscount>
      <ItemStatus>1</ItemStatus>
      <ItemId>39226</ItemId>
    </Item>
    <Item>
      <PriceUpdateDate>2024-01-01 07:01:36</PriceUpdateDate>
      <ItemCode>7290009077575</ItemCode>
      <ItemType>1</ItemType>
      <ItemName>זית סורי/מרוקאי במשק</ItemName>
      <ManufacturerName>דין שיווק וקלייה בע"</ManufacturerName>
      <ManufactureCountry>לא ידוע</ManufactureCountry>
      <ManufacturerItemDescription>זית סורי/מרוקאי במשק</ManufacturerItemDescription>
      <UnitQty>קילוגרמים</UnitQty>
      <Quantity>1.00</Quantity>
      <UnitOfMeasure>ק"ג</UnitOfMeasure>
      <bIsWeighted>1</bIsWeighted>
      <QtyInPackage>לא ידוע</QtyInPackage>
      <ItemPrice>58.00</ItemPrice>
      <UnitOfMeasurePrice>58.0000</UnitOfMeasurePrice>
      <AllowDiscount>1</AllowDiscount>
      <ItemStatus>1</ItemStatus>
      <ItemId>33100</ItemId>
    </Item>
    <Item>
      <PriceUpdateDate>2024-01-10 11:15:04</PriceUpdateDate>
      <ItemCode>7290109640310</ItemCode>
      <ItemType>1</ItemType>
      <ItemName>גוש בסגנון פטה יווני</ItemName>
      <ManufacturerName>לא ידוע</ManufacturerName>
      <ManufactureCountry>ישראל</ManufactureCountry>
      <ManufacturerItemDescription>גוש בסגנון פטה יווני</ManufacturerItemDescription>
      <UnitQty>גרמים</UnitQty>
      <Quantity>250.00</Quantity>
      <UnitOfMeasure>100 גרם</UnitOfMeasure>
      <bIsWeighted>0</bIsWeighted>
      <QtyInPackage>לא ידוע</QtyInPackage>
      <ItemPrice>16.90</ItemPrice>
      <UnitOfMeasurePrice>0.0676</UnitOfMeasurePrice>
      <AllowDiscount>1</AllowDiscount>
      <ItemStatus>1</ItemStatus>
      <ItemId>105519</ItemId>
    </Item>
    <Item>
      <PriceUpdateDate>2024-01-10 11:15:16</PriceUpdateDate>
      <ItemCode>7290011473587</ItemCode>
      <ItemType>1</ItemType>
      <ItemName>נבט חיטה 250 ג</ItemName>
      <ManufacturerName>אורז ע'י</ManufacturerName>
      <ManufactureCountry>ישראל</ManufactureCountry>
      <ManufacturerItemDescription>תבואות</ManufacturerItemDescription>
      <UnitQty>גרמים</UnitQty>
      <Quantity>250.00</Quantity>
      <UnitOfMeasure>100 גרם</UnitOfMeasure>
      <bIsWeighted>0</bIsWeighted>
      <QtyInPackage>לא ידוע</QtyInPackage>
      <ItemPrice>7.90</ItemPrice>
      <UnitOfMeasurePrice>0.0316</UnitOfMeasurePrice>
      <AllowDiscount>1</AllowDiscount>
      <ItemStatus>1</ItemStatus>
      <ItemId>14364</ItemId>
    </Item>
    <Item>
      <PriceUpdateDate>2024-02-04 09:10:34</PriceUpdateDate>
      <ItemCode>7290003015641</ItemCode>
      <ItemType>1</ItemType>
      <ItemName>ריצפז פרש בניחוח יסמ</ItemName>
      <ManufacturerName>סנו</ManufacturerName>
      <ManufactureCountry>ישראל</ManufactureCountry>
      <ManufacturerItemDescription>ריצפז</ManufacturerItemDescription>
      <UnitQty>ליטרים</UnitQty>
      <Quantity>2.00</Quantity>
      <UnitOfMeasure>ליטר    </UnitOfMeasure>
      <bIsWeighted>0</bIsWeighted>
      <QtyInPackage>לא ידוע</QtyInPackage>
      <ItemPrice>17.90</ItemPrice>
      <UnitOfMeasurePrice>8.9500</UnitOfMeasurePrice>
      <AllowDiscount>1</AllowDiscount>
      <ItemStatus>1</ItemStatus>
      <ItemId>39102</ItemId>
    </Item>
    <Item>
      <PriceUpdateDate>2024-02-11 06:42:01</PriceUpdateDate>
      <ItemCode>7290108351712</ItemCode>
      <ItemType>1</ItemType>
      <ItemName>מקסימה פניני בישום ל</ItemName>
      <ManufacturerName>סנו</ManufacturerName>
      <ManufactureCountry>ישראל</ManufactureCountry>
      <ManufacturerItemDescription>מקסימה</ManufacturerItemDescription>
      <UnitQty>גרמים</UnitQty>
      <Quantity>275.00</Quantity>
      <UnitOfMeasure>100 גרם</UnitOfMeasure>
      <bIsWeighted>0</bIsWeighted>
      <QtyInPackage>לא ידוע</QtyInPackage>
      <ItemPrice>24.90</ItemPrice>
      <UnitOfMeasurePrice>0.0905</UnitOfMeasurePrice>
      <AllowDiscount>1</AllowDiscount>
      <ItemStatus>1</ItemStatus>
      <ItemId>58702</ItemId>
    </Item>
    <Item>
      <PriceUpdateDate>2024-03-03 10:35:14</PriceUpdateDate>
      <ItemCode>7290011473594</ItemCode>
      <ItemType>1</ItemType>
      <ItemName>טחינה אורגנית 1 קילו</ItemName>
      <ManufacturerName>לא ידוע</ManufacturerName>
      <ManufactureCountry>לא ידוע</ManufactureCountry>
      <ManufacturerItemDescription>טחינה אורגנית 1 קילו</ManufacturerItemDescription>
      <UnitQty>קילוגרמים</UnitQty>
      <Quantity>1.00</Quantity>
      <UnitOfMeasure>ק"ג     </UnitOfMeasure>
      <bIsWeighted>0</bIsWeighted>
      <QtyInPackage>לא ידוע</QtyInPackage>
      <ItemPrice>28.90</ItemPrice>
      <UnitOfMeasurePrice>28.9000</UnitOfMeasurePrice>
      <AllowDiscount>1</AllowDiscount>
      <ItemStatus>1</ItemStatus>
      <ItemId>104976</ItemId>
    </Item>
    <Item>
      <PriceUpdateDate>2024-03-03 10:35:37</PriceUpdateDate>
      <ItemCode>7290108354829</ItemCode>
      <ItemType>1</ItemType>
      <ItemName>קרם ידיים קרמה בניחו</ItemName>
      <ManufacturerName>קוסמופארם</ManufacturerName>
      <ManufactureCountry>ישראל</ManufactureCountry>
      <ManufacturerItemDescription>קרמה</ManufacturerItemDescription>
      <UnitQty>מיליליטרים</UnitQty>
      <Quantity>100.00</Quantity>
      <UnitOfMeasure>100 מ"ל</UnitOfMeasure>
      <bIsWeighted>0</bIsWeighted>
      <QtyInPackage>לא ידוע</QtyInPackage>
      <ItemPrice>9.90</ItemPrice>
      <UnitOfMeasurePrice>0.0990</UnitOfMeasurePrice>
      <AllowDiscount>1</AllowDiscount>
      <ItemStatus>1</ItemStatus>
      <ItemId>65803</ItemId>
    </Item>
    <Item>
      <PriceUpdateDate>2024-04-07 07:36:37</PriceUpdateDate>
      <ItemCode>7290002105671</ItemCode>
      <ItemType>1</ItemType>
      <ItemName>טחון עוף מחפוד 500 ג</ItemName>
      <ManufacturerName>לא ידוע</ManufacturerName>
      <ManufactureCountry>כללי</ManufactureCountry>
      <ManufacturerItemDescription>טחון עוף מחפוד 500 גרם</ManufacturerItemDescription>
      <UnitQty>גרמים</UnitQty>
      <Quantity>500.00</Quantity>
      <UnitOfMeasure>100 גרם</UnitOfMeasure>
      <bIsWeighted>0</bIsWeighted>
      <QtyInPackage>לא ידוע</QtyInPackage>
      <ItemPrice>12.90</ItemPrice>
      <UnitOfMeasurePrice>0.0258</UnitOfMeasurePrice>
      <AllowDiscount>1</AllowDiscount>
      <ItemStatus>1</ItemStatus>
      <ItemId>54407</ItemId>
    </Item>
    <Item>
      <PriceUpdateDate>2024-05-09 11:02:34</PriceUpdateDate>
      <ItemCode>7290108353990</ItemCode>
      <ItemType>1</ItemType>
      <ItemName>קרם גוף בניחוח מאסק</ItemName>
      <ManufacturerName>קוסמופארם</ManufacturerName>
      <ManufactureCountry>ישראל</ManufactureCountry>
      <ManufacturerItemDescription>קרמה</ManufacturerItemDescription>
      <UnitQty>מיליליטרים</UnitQty>
      <Quantity>500.00</Quantity>
      <UnitOfMeasure>100 מ"ל</UnitOfMeasure>
      <bIsWeighted>0</bIsWeighted>
      <QtyInPackage>לא ידוע</QtyInPackage>
      <ItemPrice>21.90</ItemPrice>
      <UnitOfMeasurePrice>0.0438</UnitOfMeasurePrice>
      <AllowDiscount>1</AllowDiscount>
      <ItemStatus>1</ItemStatus>
      <ItemId>65092</ItemId>
    </Item>
    <Item>
      <PriceUpdateDate>2024-05-16 10:52:12</PriceUpdateDate>
      <ItemCode>21664710173</ItemCode>
      <ItemType>1</ItemType>
      <ItemName>צב נינג'ה מכונית עם</ItemName>
      <ManufacturerName>לא ידוע</ManufacturerName>
      <ManufactureCountry>לא ידוע</ManufactureCountry>
      <ManufacturerItemDescription>צב נינג'ה מכונית עם</ManufacturerItemDescription>
      <UnitQty>יח'</UnitQty>
      <Quantity>1.00</Quantity>
      <UnitOfMeasure>יח'</UnitOfMeasure>
      <bIsWeighted>0</bIsWeighted>
      <QtyInPackage>לא ידוע</QtyInPackage>
      <ItemPrice>19.90</ItemPrice>
      <UnitOfMeasurePrice>19.9000</UnitOfMeasurePrice>
      <AllowDiscount>1</AllowDiscount>
      <ItemStatus>1</ItemStatus>
      <ItemId>117290</ItemId>
    </Item>
    <Item>
      <PriceUpdateDate>2024-05-19 09:54:12</PriceUpdateDate>
      <ItemCode>7290118221258</ItemCode>
      <ItemType>1</ItemType>
      <ItemName>כדור שלג להכנה עם בצ</ItemName>
      <ManufacturerName>לא ידוע</ManufacturerName>
      <ManufactureCountry>לא ידוע</ManufactureCountry>
      <ManufacturerItemDescription>כדור שלג להכנה עם בצ</ManufacturerItemDescription>
      <UnitQty>יח'</UnitQty>
      <Quantity>1.00</Quantity>
      <UnitOfMeasure>יח'</UnitOfMeasure>
      <bIsWeighted>0</bIsWeighted>
      <QtyInPackage>לא ידוע</QtyInPackage>
      <ItemPrice>19.90</ItemPrice>
      <UnitOfMeasurePrice>19.9000</UnitOfMeasurePrice>
      <AllowDiscount>1</AllowDiscount>
      <ItemStatus>1</ItemStatus>
      <ItemId>117488</ItemId>
    </Item>
    <Item>
      <PriceUpdateDate>2024-05-30 15:23:28</PriceUpdateDate>
      <ItemCode>7290012982651</ItemCode>
      <ItemType>1</ItemType>
      <ItemName>בשר מס 4 חלק קפוא</ItemName>
      <ManufacturerName>פריגוריפיקו קונספסיו</ManufacturerName>
      <ManufactureCountry>פרגוואי</ManufactureCountry>
      <ManufacturerItemDescription>בשר מס 4 חלק קפוא</ManufacturerItemDescription>
      <UnitQty>קילוגרמים</UnitQty>
      <Quantity>1.00</Quantity>
      <UnitOfMeasure>ק"ג</UnitOfMeasure>
      <bIsWeighted>1</bIsWeighted>
      <QtyInPackage>לא ידוע</QtyInPackage>
      <ItemPrice>44.90</ItemPrice>
      <UnitOfMeasurePrice>44.9000</UnitOfMeasurePrice>
      <AllowDiscount>1</AllowDiscount>
      <ItemStatus>1</ItemStatus>
      <ItemId>118650</ItemId>
    </Item>
    <Item>
      <PriceUpdateDate>2024-06-16 11:06:10</PriceUpdateDate>
      <ItemCode>7290109492803</ItemCode>
      <ItemType>1</ItemType>
      <ItemName>מפת פלנל עם גומי 180</ItemName>
      <ManufacturerName>לא ידוע</ManufacturerName>
      <ManufactureCountry>לא ידוע</ManufactureCountry>
      <ManufacturerItemDescription>מפת פלנל עם גומי 180</ManufacturerItemDescription>
      <UnitQty>יח'</UnitQty>
      <Quantity>1.00</Quantity>
      <UnitOfMeasure>יח'</UnitOfMeasure>
      <bIsWeighted>0</bIsWeighted>
      <QtyInPackage>לא ידוע</QtyInPackage>
      <ItemPrice>19.90</ItemPrice>
      <UnitOfMeasurePrice>19.9000</UnitOfMeasurePrice>
      <AllowDiscount>1</AllowDiscount>
      <ItemStatus>1</ItemStatus>
      <ItemId>77266</ItemId>
    </Item>
    <Item>
      <PriceUpdateDate>2024-06-16 15:05:47</PriceUpdateDate>
      <ItemCode>8696601070119</ItemCode>
      <ItemType>1</ItemType>
      <ItemName>מפיץ ריח 100 מ"ל AYL</ItemName>
      <ManufacturerName>לא ידוע</ManufacturerName>
      <ManufactureCountry>לא ידוע</ManufactureCountry>
      <ManufacturerItemDescription>מפיץ ריח 100 מ"ל AYL</ManufacturerItemDescription>
      <UnitQty>יח'</UnitQty>
      <Quantity>1.00</Quantity>
      <UnitOfMeasure>יח'</UnitOfMeasure>
      <bIsWeighted>0</bIsWeighted>
      <QtyInPackage>לא ידוע</QtyInPackage>
      <ItemPrice>19.90</ItemPrice>
      <UnitOfMeasurePrice>19.9000</UnitOfMeasurePrice>
      <AllowDiscount>1</AllowDiscount>
      <ItemStatus>1</ItemStatus>
      <ItemId>119795</ItemId>
    </Item>
    <Item>
      <PriceUpdateDate>2024-06-20 10:40:25</PriceUpdateDate>
      <ItemCode>7290108352559</ItemCode>
      <ItemType>1</ItemType>
      <ItemName>ריצפז פרש בניחוח אור</ItemName>
      <ManufacturerName>סנו</ManufacturerName>
      <ManufactureCountry>ישראל</ManufactureCountry>
      <ManufacturerItemDescription>ריצפז</ManufacturerItemDescription>
      <UnitQty>ליטרים</UnitQty>
      <Quantity>2.00</Quantity>
      <UnitOfMeasure>ליטר    </UnitOfMeasure>
      <bIsWeighted>0</bIsWeighted>
      <QtyInPackage>לא ידוע</QtyInPackage>
      <ItemPrice>17.90</ItemPrice>
      <UnitOfMeasurePrice>8.9500</UnitOfMeasurePrice>
      <AllowDiscount>1</AllowDiscount>
      <ItemStatus>1</ItemStatus>
      <ItemId>120192</ItemId>
    </Item>
    <Item>
      <PriceUpdateDate>2024-07-03 06:37:52</PriceUpdateDate>
      <ItemCode>7290104962127</ItemCode>
      <ItemType>1</ItemType>
      <ItemName>דאודורנט נושם בנות ד</ItemName>
      <ManufacturerName>אמיליה קוסמטיקס בע"מ</ManufacturerName>
      <ManufactureCountry>ישראל</ManufactureCountry>
      <ManufacturerItemDescription>קרליין</ManufacturerItemDescription>
      <UnitQty>מיליליטרים</UnitQty>
      <Quantity>50.00</Quantity>
      <UnitOfMeasure>100 מ"ל</UnitOfMeasure>
      <bIsWeighted>0</bIsWeighted>
      <QtyInPackage>לא ידוע</QtyInPackage>
      <ItemPrice>13.90</ItemPrice>
      <UnitOfMeasurePrice>0.2780</UnitOfMeasurePrice>
      <AllowDiscount>1</AllowDiscount>
      <ItemStatus>1</ItemStatus>
      <ItemId>788</ItemId>
    </Item>
    <Item>
      <PriceUpdateDate>2024-07-07 11:06:02</PriceUpdateDate>
      <ItemCode>7290000000832</ItemCode>
      <ItemType>1</ItemType>
      <ItemName>פסיפלורה</ItemName>
      <ManufacturerName>לא ידוע</ManufacturerName>
      <ManufactureCountry>ישראל</ManufactureCountry>
      <ManufacturerItemDescription>פסיפלורה</ManufacturerItemDescription>
      <UnitQty>יח'</UnitQty>
      <Quantity>1.00</Quantity>
      <UnitOfMeasure>יח'</UnitOfMeasure>
      <bIsWeighted>0</bIsWeighted>
      <QtyInPackage>לא ידוע</QtyInPackage>
      <ItemPrice>16.90</ItemPrice>
      <UnitOfMeasurePrice>16.9000</UnitOfMeasurePrice>
      <AllowDiscount>1</AllowDiscount>
      <ItemStatus>1</ItemStatus>
      <ItemId>26440</ItemId>
    </Item>
    <Item>
      <PriceUpdateDate>2024-07-14 11:58:43</PriceUpdateDate>
      <ItemCode>7290019137863</ItemCode>
      <ItemType>1</ItemType>
      <ItemName>קמח תירס 400 גרם</ItemName>
      <ManufacturerName>לא ידוע</ManufacturerName>
      <ManufactureCountry>ישראל</ManufactureCountry>
      <ManufacturerItemDescription>קמח תירס 400 גרם</ManufacturerItemDescription>
      <UnitQty>גרמים</UnitQty>
      <Quantity>400.00</Quantity>
      <UnitOfMeasure>100 גרם</UnitOfMeasure>
      <bIsWeighted>0</bIsWeighted>
      <QtyInPackage>לא ידוע</QtyInPackage>
      <ItemPrice>12.90</ItemPrice>
      <UnitOfMeasurePrice>0.0323</UnitOfMeasurePrice>
      <AllowDiscount>1</AllowDiscount>
      <ItemStatus>1</ItemStatus>
      <ItemId>105497</ItemId>
    </Item>
    <Item>
      <PriceUpdateDate>2024-08-04 10:44:28</PriceUpdateDate>
      <ItemCode>7290000288420</ItemCode>
      <ItemType>1</ItemType>
      <ItemName>סנו די דוחה יתושים ת</ItemName>
      <ManufacturerName>קוסמופארם</ManufacturerName>
      <ManufactureCountry>ישראל</ManufactureCountry>
      <ManufacturerItemDescription>סנודי</ManufacturerItemDescription>
      <UnitQty>מיליליטרים</UnitQty>
      <Quantity>175.00</Quantity>
      <UnitOfMeasure>100 מ"ל</UnitOfMeasure>
      <bIsWeighted>0</bIsWeighted>
      <QtyInPackage>לא ידוע</QtyInPackage>
      <ItemPrice>19.90</ItemPrice>
      <UnitOfMeasurePrice>0.1137</UnitOfMeasurePrice>
      <AllowDiscount>1</AllowDiscount>
      <ItemStatus>1</ItemStatus>
      <ItemId>39034</ItemId>
    </Item>
    <Item>
      <PriceUpdateDate>2024-08-04 10:44:39</PriceUpdateDate>
      <ItemCode>7290019229032</ItemCode>
      <ItemType>1</ItemType>
      <ItemName>ג'ל OXY מסיר כתמים ל</ItemName>
      <ManufacturerName>גליל כימיכלים בע"מ</ManufacturerName>
      <ManufactureCountry>ישראל</ManufactureCountry>
      <ManufacturerItemDescription>ג'ל OXY מסיר כתמים ל</ManufacturerItemDescription>
      <UnitQty>ליטרים</UnitQty>
      <Quantity>3.00</Quantity>
      <UnitOfMeasure>ליטר    </UnitOfMeasure>
      <bIsWeighted>0</bIsWeighted>
      <QtyInPackage>לא ידוע</QtyInPackage>
      <ItemPrice>22.90</ItemPrice>
      <UnitOfMeasurePrice>7.6333</UnitOfMeasurePrice>
      <AllowDiscount>1</AllowDiscount>
      <ItemStatus>1</ItemStatus>
      <ItemId>78842</ItemId>
    </Item>
    <Item>
      <PriceUpdateDate>2024-08-14 14:15:18</PriceUpdateDate>
      <ItemCode>87108538</ItemCode>
      <ItemType>1</ItemType>
      <ItemName>מנטוס בטעם תות</ItemName>
      <ManufacturerName>פרפטי ואן מלה</ManufacturerName>
      <ManufactureCountry>הולנד</ManufactureCountry>
      <ManufacturerItemDescription>מנטוס</ManufacturerItemDescription>
      <UnitQty>גרמים</UnitQty>
      <Quantity>37.50</Quantity>
      <UnitOfMeasure>100 גרם</UnitOfMeasure>
      <bIsWeighted>0</bIsWeighted>
      <QtyInPackage>לא ידוע</QtyInPackage>
      <ItemPrice>3.90</ItemPrice>
      <UnitOfMeasurePrice>0.1040</UnitOfMeasurePrice>
      <AllowDiscount>1</AllowDiscount>
      <ItemStatus>1</ItemStatus>
      <ItemId>11746</ItemId>
    </Item>
    <Item>
      <PriceUpdateDate>2024-08-29 07:59:26</PriceUpdateDate>
      <ItemCode>7290104966460</ItemCode>
      <ItemType>1</ItemType>
      <ItemName>מרכך קרטין שמן קיק נ</ItemName>
      <ManufacturerName>אמיליה קוסמטיקס בע"מ</ManufacturerName>
      <ManufactureCountry>ישראל</ManufactureCountry>
      <ManufacturerItemDescription>נטורל פורמולה</ManufacturerItemDescription>
      <UnitQty>מיליליטרים</UnitQty>
      <Quantity>400.00</Quantity>
      <UnitOfMeasure>100 מ"ל</UnitOfMeasure>
      <bIsWeighted>0</bIsWeighted>
      <QtyInPackage>לא ידוע</QtyInPackage>
      <ItemPrice>29.90</ItemPrice>
      <UnitOfMeasurePrice>0.0747</UnitOfMeasurePrice>
      <AllowDiscount>1</AllowDiscount>
      <ItemStatus>1</ItemStatus>
      <ItemId>125214</ItemId>
    </Item>
    <Item>
      <PriceUpdateDate>2024-09-01 08:21:46</PriceUpdateDate>
      <ItemCode>7290004861025</ItemCode>
      <ItemType>1</ItemType>
      <ItemName>בולגרית 5%</ItemName>
      <ManufacturerName>מחלבת המושבה בע"מ</ManufacturerName>
      <ManufactureCountry>ישראל</ManufactureCountry>
      <ManufacturerItemDescription>מחלבת המושבה</ManufacturerItemDescription>
      <UnitQty>קילוגרמים</UnitQty>
      <Quantity>1.00</Quantity>
      <UnitOfMeasure>ק"ג</UnitOfMeasure>
      <bIsWeighted>1</bIsWeighted>
      <QtyInPackage>לא ידוע</QtyInPackage>
      <ItemPrice>52.00</ItemPrice>
      <UnitOfMeasurePrice>52.0000</UnitOfMeasurePrice>
      <AllowDiscount>1</AllowDiscount>
      <ItemStatus>1</ItemStatus>
      <ItemId>49584</ItemId>
    </Item>
    <Item>
      <PriceUpdateDate>2024-09-08 10:55:28</PriceUpdateDate>
      <ItemCode>7290116856544</ItemCode>
      <ItemType>1</ItemType>
      <ItemName>מפצל T2 עם כניסות US</ItemName>
      <ManufacturerName>לא ידוע</ManufacturerName>
      <ManufactureCountry>לא ידוע</ManufactureCountry>
      <ManufacturerItemDescription>מפצל T2 עם כניסות US</ManufacturerItemDescription>
      <UnitQty>יח'</UnitQty>
      <Quantity>1.00</Quantity>
      <UnitOfMeasure>יח'</UnitOfMeasure>
      <bIsWeighted>0</bIsWeighted>
      <QtyInPackage>לא ידוע</QtyInPackage>
      <ItemPrice>39.90</ItemPrice>
      <UnitOfMeasurePrice>39.9000</UnitOfMeasurePrice>
      <AllowDiscount>1</AllowDiscount>
      <ItemStatus>1</ItemStatus>
      <ItemId>126037</ItemId>
    </Item>
    <Item>
      <PriceUpdateDate>2024-09-10 06:36:26</PriceUpdateDate>
      <ItemCode>7290006960771</ItemCode>
      <ItemType>1</ItemType>
      <ItemName>גיוזה בקר 300 גרם</ItemName>
      <ManufacturerName>מאמא מרי בע"מ</ManufacturerName>
      <ManufactureCountry>ישראל</ManufactureCountry>
      <ManufacturerItemDescription>גיוזה בקר 300 גרם</ManufacturerItemDescription>
      <UnitQty>גרמים</UnitQty>
      <Quantity>300.00</Quantity>
      <UnitOfMeasure>100 גרם</UnitOfMeasure>
      <bIsWeighted>0</bIsWeighted>
      <QtyInPackage>לא ידוע</QtyInPackage>
      <ItemPrice>32.90</ItemPrice>
      <UnitOfMeasurePrice>0.1097</UnitOfMeasurePrice>
      <AllowDiscount>1</AllowDiscount>
      <ItemStatus>1</ItemStatus>
      <ItemId>126349</ItemId>
    </Item>
    <Item>
      <PriceUpdateDate>2024-10-27 08:53:12</PriceUpdateDate>
      <ItemCode>7290117265888</ItemCode>
      <ItemType>1</ItemType>
      <ItemName>גבינת גאודה מגורדת י</ItemName>
      <ManufacturerName>לא ידוע</ManufacturerName>
      <ManufactureCountry>פולין</ManufactureCountry>
      <ManufacturerItemDescription>גבינת גאודה מגורדת י</ManufacturerItemDescription>
      <UnitQty>גרמים</UnitQty>
      <Quantity>400.00</Quantity>
      <UnitOfMeasure>100 גרם</UnitOfMeasure>
      <bIsWeighted>0</bIsWeighted>
      <QtyInPackage>לא ידוע</QtyInPackage>
      <ItemPrice>21.90</ItemPrice>
      <UnitOfMeasurePrice>0.0547</UnitOfMeasurePrice>
      <AllowDiscount>1</AllowDiscount>
      <ItemStatus>1</ItemStatus>
      <ItemId>123760</ItemId>
    </Item>
    <Item>
      <PriceUpdateDate>2024-11-12 06:28:30</PriceUpdateDate>
      <ItemCode>7290000405858</ItemCode>
      <ItemType>1</ItemType>
      <ItemName>רגל עגל טרי</ItemName>
      <ManufacturerName>משתנה</ManufacturerName>
      <ManufactureCountry>ישראל</ManufactureCountry>
      <ManufacturerItemDescription>רגל עגל פרוס גורמה</ManufacturerItemDescription>
      <UnitQty>קילוגרמים</UnitQty>
      <Quantity>1.00</Quantity>
      <UnitOfMeasure>ק"ג</UnitOfMeasure>
      <bIsWeighted>1</bIsWeighted>
      <QtyInPackage>לא ידוע</QtyInPackage>
      <ItemPrice>69.90</ItemPrice>
      <UnitOfMeasurePrice>69.9000</UnitOfMeasurePrice>
      <AllowDiscount>1</AllowDiscount>
      <ItemStatus>1</ItemStatus>
      <ItemId>26094</ItemId>
    </Item>
    <Item>
      <PriceUpdateDate>2024-11-14 06:50:20</PriceUpdateDate>
      <ItemCode>5200100945217</ItemCode>
      <ItemType>1</ItemType>
      <ItemName>זירו עוגיות וניל תפו</ItemName>
      <ManufacturerName>לא ידוע</ManufacturerName>
      <ManufactureCountry>יוון</ManufactureCountry>
      <ManufacturerItemDescription>זירו עוגיות וניל תפו</ManufacturerItemDescription>
      <UnitQty>גרמים</UnitQty>
      <Quantity>170.00</Quantity>
      <UnitOfMeasure>100 גרם</UnitOfMeasure>
      <bIsWeighted>0</bIsWeighted>
      <QtyInPackage>לא ידוע</QtyInPackage>
      <ItemPrice>13.90</ItemPrice>
      <UnitOfMeasurePrice>0.0818</UnitOfMeasurePrice>
      <AllowDiscount>1</AllowDiscount>
      <ItemStatus>1</ItemStatus>
      <ItemId>130236</ItemId>
    </Item>
    <Item>
      <PriceUpdateDate>2024-11-15 06:59:40</PriceUpdateDate>
      <ItemCode>8700216593694</ItemCode>
      <ItemType>1</ItemType>
      <ItemName>הד&amp;שולדרס שמפו מגע מ</ItemName>
      <ManufacturerName>פרוקטר</ManufacturerName>
      <ManufactureCountry>רומניה</ManufactureCountry>
      <ManufacturerItemDescription>פרוקטר</ManufacturerItemDescription>
      <UnitQty>מיליליטרים</UnitQty>
      <Quantity>625.00</Quantity>
      <UnitOfMeasure>100 מ"ל</UnitOfMeasure>
      <bIsWeighted>0</bIsWeighted>
      <QtyInPackage>לא ידוע</QtyInPackage>
      <ItemPrice>22.90</ItemPrice>
      <UnitOfMeasurePrice>0.0366</UnitOfMeasurePrice>
      <AllowDiscount>1</AllowDiscount>
      <ItemStatus>1</ItemStatus>
      <ItemId>130336</ItemId>
    </Item>
    <Item>
      <PriceUpdateDate>2024-11-29 06:14:36</PriceUpdateDate>
      <ItemCode>8700216211703</ItemCode>
      <ItemType>1</ItemType>
      <ItemName>הרבל אסנס מרכך ניחוח</ItemName>
      <ManufacturerName>פרוקטר אנד גמבל</ManufacturerName>
      <ManufactureCountry>צרפת</ManufactureCountry>
      <ManufacturerItemDescription>הרבל אסנסס</ManufacturerItemDescription>
      <UnitQty>מיליליטרים</UnitQty>
      <Quantity>250.00</Quantity>
      <UnitOfMeasure>100 מ"ל</UnitOfMeasure>
      <bIsWeighted>0</bIsWeighted>
      <QtyInPackage>לא ידוע</QtyInPackage>
      <ItemPrice>14.90</ItemPrice>
      <UnitOfMeasurePrice>0.0596</UnitOfMeasurePrice>
      <AllowDiscount>1</AllowDiscount>
      <ItemStatus>1</ItemStatus>
      <ItemId>131120</ItemId>
    </Item>
    <Item>
      <PriceUpdateDate>2024-12-03 06:18:23</PriceUpdateDate>
      <ItemCode>8700216421928</ItemCode>
      <ItemType>1</ItemType>
      <ItemName>פנטן לחות מוגברת מרכ</ItemName>
      <ManufacturerName>פרוקטר אנד גמבל</ManufacturerName>
      <ManufactureCountry>רומניה</ManufactureCountry>
      <ManufacturerItemDescription>פנטן</ManufacturerItemDescription>
      <UnitQty>מיליליטרים</UnitQty>
      <Quantity>600.00</Quantity>
      <UnitOfMeasure>100 מ"ל</UnitOfMeasure>
      <bIsWeighted>0</bIsWeighted>
      <QtyInPackage>לא ידוע</QtyInPackage>
      <ItemPrice>19.90</ItemPrice>
      <UnitOfMeasurePrice>0.0332</UnitOfMeasurePrice>
      <AllowDiscount>1</AllowDiscount>
      <ItemStatus>1</ItemStatus>
      <ItemId>131380</ItemId>
    </Item>
    <Item>
      <PriceUpdateDate>2024-12-06 06:20:47</PriceUpdateDate>
      <ItemCode>7290120091832</ItemCode>
      <ItemType>1</ItemType>
      <ItemName>בקבוק נירוסטה קולה ד</ItemName>
      <ManufacturerName>לא ידוע</ManufacturerName>
      <ManufactureCountry>לא ידוע</ManufactureCountry>
      <ManufacturerItemDescription>בקבוק נירוסטה קולה ד</ManufacturerItemDescription>
      <UnitQty>יח'</UnitQty>
      <Quantity>1.00</Quantity>
      <UnitOfMeasure>יח'</UnitOfMeasure>
      <bIsWeighted>0</bIsWeighted>
      <QtyInPackage>לא ידוע</QtyInPackage>
      <ItemPrice>29.90</ItemPrice>
      <UnitOfMeasurePrice>29.9000</UnitOfMeasurePrice>
      <AllowDiscount>1</AllowDiscount>
      <ItemStatus>1</ItemStatus>
      <ItemId>131608</ItemId>
    </Item>
    <Item>
      <PriceUpdateDate>2024-12-08 10:07:31</PriceUpdateDate>
      <ItemCode>76840100583</ItemCode>
      <ItemType>1</ItemType>
      <ItemName>פיינט בצק עוגיות</ItemName>
      <ManufacturerName>מוצרי איכות אמריקאיי</ManufacturerName>
      <ManufactureCountry>ישראל</ManufactureCountry>
      <ManufacturerItemDescription>בן &amp; ג'ריס</ManufacturerItemDescription>
      <UnitQty>מיליליטרים</UnitQty>
      <Quantity>473.00</Quantity>
      <UnitOfMeasure>100 מ"ל</UnitOfMeasure>
      <bIsWeighted>0</bIsWeighted>
      <QtyInPackage>לא ידוע</QtyInPackage>
      <ItemPrice>21.90</ItemPrice>
      <UnitOfMeasurePrice>0.0463</UnitOfMeasurePrice>
      <AllowDiscount>1</AllowDiscount>
      <ItemStatus>1</ItemStatus>
      <ItemId>18912</ItemId>
    </Item>
    <Item>
      <PriceUpdateDate>2024-12-08 11:36:56</PriceUpdateDate>
      <ItemCode>7290102003822</ItemCode>
      <ItemType>1</ItemType>
      <ItemName>נרות ג'מבו מאויירים</ItemName>
      <ManufacturerName>לא ידוע</ManufacturerName>
      <ManufactureCountry>לא ידוע</ManufactureCountry>
      <ManufacturerItemDescription>נרות ג'מבו מאויירים</ManufacturerItemDescription>
      <UnitQty>יח'</UnitQty>
      <Quantity>1.00</Quantity>
      <UnitOfMeasure>יח'</UnitOfMeasure>
      <bIsWeighted>0</bIsWeighted>
      <QtyInPackage>לא ידוע</QtyInPackage>
      <ItemPrice>6.90</ItemPrice>
      <UnitOfMeasurePrice>6.9000</UnitOfMeasurePrice>
      <AllowDiscount>1</AllowDiscount>
      <ItemStatus>1</ItemStatus>
      <ItemId>131708</ItemId>
    </Item>
    <Item>
      <PriceUpdateDate>2024-12-10 08:06:35</PriceUpdateDate>
      <ItemCode>7290018687604</ItemCode>
      <ItemType>1</ItemType>
      <ItemName>ג'ל כביסה 3 ליטר יוח</ItemName>
      <ManufacturerName>לא ידוע</ManufacturerName>
      <ManufactureCountry>לא ידוע</ManufactureCountry>
      <ManufacturerItemDescription>ג'ל כביסה 3 ליטר יוח</ManufacturerItemDescription>
      <UnitQty>ליטרים</UnitQty>
      <Quantity>3.00</Quantity>
      <UnitOfMeasure>ליטר    </UnitOfMeasure>
      <bIsWeighted>0</bIsWeighted>
      <QtyInPackage>לא ידוע</QtyInPackage>
      <ItemPrice>18.90</ItemPrice>
      <UnitOfMeasurePrice>6.3000</UnitOfMeasurePrice>
      <AllowDiscount>1</AllowDiscount>
      <ItemStatus>1</ItemStatus>
      <ItemId>68534</ItemId>
    </Item>
    <Item>
      <PriceUpdateDate>2024-12-15 10:45:44</PriceUpdateDate>
      <ItemCode>7290000403595</ItemCode>
      <ItemType>1</ItemType>
      <ItemName>אצבעות אנטריקוט  מעו</ItemName>
      <ManufacturerName>לא ידוע</ManufacturerName>
      <ManufactureCountry>אורוגואי</ManufactureCountry>
      <ManufacturerItemDescription>אצבעות אנטריקוט  מעו</ManufacturerItemDescription>
      <UnitQty>קילוגרמים</UnitQty>
      <Quantity>1.00</Quantity>
      <UnitOfMeasure>ק"ג</UnitOfMeasure>
      <bIsWeighted>1</bIsWeighted>
      <QtyInPackage>לא ידוע</QtyInPackage>
      <ItemPrice>89.90</ItemPrice>
      <UnitOfMeasurePrice>89.9000</UnitOfMeasurePrice>
      <AllowDiscount>1</AllowDiscount>
      <ItemStatus>1</ItemStatus>
      <ItemId>135473</ItemId>
    </Item>
    <Item>
      <PriceUpdateDate>2024-12-24 06:37:35</PriceUpdateDate>
      <ItemCode>7290112703194</ItemCode>
      <ItemType>1</ItemType>
      <ItemName>נרות אותיות HB זהב</ItemName>
      <ManufacturerName>לא ידוע</ManufacturerName>
      <ManufactureCountry>לא ידוע</ManufactureCountry>
      <ManufacturerItemDescription>נרות אותיות HB זהב</ManufacturerItemDescription>
      <UnitQty>יח'</UnitQty>
      <Quantity>1.00</Quantity>
      <UnitOfMeasure>יח'</UnitOfMeasure>
      <bIsWeighted>0</bIsWeighted>
      <QtyInPackage>לא ידוע</QtyInPackage>
      <ItemPrice>9.90</ItemPrice>
      <UnitOfMeasurePrice>9.9000</UnitOfMeasurePrice>
      <AllowDiscount>1</AllowDiscount>
      <ItemStatus>1</ItemStatus>
      <ItemId>58906</ItemId>
    </Item>
    <Item>
      <PriceUpdateDate>2024-12-25 08:23:30</PriceUpdateDate>
      <ItemCode>8595657306817</ItemCode>
      <ItemType>1</ItemType>
      <ItemName>מיני רולים רכים לכלב</ItemName>
      <ManufacturerName>לא ידוע</ManufacturerName>
      <ManufactureCountry>לא ידוע</ManufactureCountry>
      <ManufacturerItemDescription>מיני רולים רכים לכלב</ManufacturerItemDescription>
      <UnitQty>גרמים</UnitQty>
      <Quantity>50.00</Quantity>
      <UnitOfMeasure>100 גרם</UnitOfMeasure>
      <bIsWeighted>0</bIsWeighted>
      <QtyInPackage>לא ידוע</QtyInPackage>
      <ItemPrice>16.90</ItemPrice>
      <UnitOfMeasurePrice>0.3380</UnitOfMeasurePrice>
      <AllowDiscount>1</AllowDiscount>
      <ItemStatus>1</ItemStatus>
      <ItemId>135859</ItemId>
    </Item>
    <Item>
      <PriceUpdateDate>2024-12-27 06:18:13</PriceUpdateDate>
      <ItemCode>8700216553100</ItemCode>
      <ItemType>1</ItemType>
      <ItemName>פנטן מרכך הקסם ב3 דק</ItemName>
      <ManufacturerName>פרוקטר אנד גמבל</ManufacturerName>
      <ManufactureCountry>צרפת</ManufactureCountry>
      <ManufacturerItemDescription>Pantene</ManufacturerItemDescription>
      <UnitQty>מיליליטרים</UnitQty>
      <Quantity>220.00</Quantity>
      <UnitOfMeasure>100 מ"ל</UnitOfMeasure>
      <bIsWeighted>0</bIsWeighted>
      <QtyInPackage>לא ידוע</QtyInPackage>
      <ItemPrice>14.90</ItemPrice>
      <UnitOfMeasurePrice>0.0677</UnitOfMeasurePrice>
      <AllowDiscount>1</AllowDiscount>
      <ItemStatus>1</ItemStatus>
      <ItemId>135969</ItemId>
    </Item>
    <Item>
      <PriceUpdateDate>2024-12-31 08:45:27</PriceUpdateDate>
      <ItemCode>7290110555788</ItemCode>
      <ItemType>1</ItemType>
      <ItemName>קפוצ'ינו פחית וניל 2</ItemName>
      <ManufacturerName>שטראוס</ManufacturerName>
      <ManufactureCountry>ישראל</ManufactureCountry>
      <ManufacturerItemDescription>קפוצ'ינו פחית וניל 2</ManufacturerItemDescription>
      <UnitQty>גרמים</UnitQty>
      <Quantity>200.00</Quantity>
      <UnitOfMeasure>100 גרם</UnitOfMeasure>
      <bIsWeighted>0</bIsWeighted>
      <QtyInPackage>לא ידוע</QtyInPackage>
      <ItemPrice>20.90</ItemPrice>
      <UnitOfMeasurePrice>0.1045</UnitOfMeasurePrice>
      <AllowDiscount>1</AllowDiscount>
      <ItemStatus>1</ItemStatus>
      <ItemId>86788</ItemId>
    </Item>
    <Item>
      <PriceUpdateDate>2025-01-01 10:11:18</PriceUpdateDate>
      <ItemCode>7290018989234</ItemCode>
      <ItemType>1</ItemType>
      <ItemName>סירופ בטעם אננס יכין</ItemName>
      <ManufacturerName>יכין</ManufacturerName>
      <ManufactureCountry>ישראל</ManufactureCountry>
      <ManufacturerItemDescription>סירופ בטעם אננס יכין</ManufacturerItemDescription>
      <UnitQty>ליטרים</UnitQty>
      <Quantity>1.00</Quantity>
      <UnitOfMeasure>ליטר    </UnitOfMeasure>
      <bIsWeighted>0</bIsWeighted>
      <QtyInPackage>לא ידוע</QtyInPackage>
      <ItemPrice>12.00</ItemPrice>
      <UnitOfMeasurePrice>12.0000</UnitOfMeasurePrice>
      <AllowDiscount>1</AllowDiscount>
      <ItemStatus>1</ItemStatus>
      <ItemId>89810</ItemId>
    </Item>
    <Item>
      <PriceUpdateDate>2025-01-01 11:39:14</PriceUpdateDate>
      <ItemCode>7290003478026</ItemCode>
      <ItemType>1</ItemType>
      <ItemName>סחוג אקסטרה חריף של</ItemName>
      <ManufacturerName>הסחוג הביתי של רומיה</ManufacturerName>
      <ManufactureCountry>ישראל</ManufactureCountry>
      <ManufacturerItemDescription>הסחוג הביתי של רומיה</ManufacturerItemDescription>
      <UnitQty>גרמים</UnitQty>
      <Quantity>120.00</Quantity>
      <UnitOfMeasure>100 גרם</UnitOfMeasure>
      <bIsWeighted>0</bIsWeighted>
      <QtyInPackage>לא ידוע</QtyInPackage>
      <ItemPrice>10.00</ItemPrice>
      <UnitOfMeasurePrice>0.0833</UnitOfMeasurePrice>
      <AllowDiscount>1</AllowDiscount>
      <ItemStatus>1</ItemStatus>
      <ItemId>70347</ItemId>
    </Item>
    <Item>
      <PriceUpdateDate>2025-01-01 12:30:02</PriceUpdateDate>
      <ItemCode>7290017023809</ItemCode>
      <ItemType>0</ItemType>
      <ItemName>ספרינג אגס סברס תפוח</ItemName>
      <ManufacturerName>יפאורה תבורי</ManufacturerName>
      <ManufactureCountry>ישראל</ManufactureCountry>
      <ManufacturerItemDescription>ספרינג</ManufacturerItemDescription>
      <UnitQty>ליטרים</UnitQty>
      <Quantity>1.00</Quantity>
      <UnitOfMeasure>ליטר    </UnitOfMeasure>
      <bIsWeighted>0</bIsWeighted>
      <QtyInPackage>לא ידוע</QtyInPackage>
      <ItemPrice>12.60</ItemPrice>
      <UnitOfMeasurePrice>12.6000</UnitOfMeasurePrice>
      <AllowDiscount>1</AllowDiscount>
      <ItemStatus>1</ItemStatus>
      <ItemId>59296</ItemId>
    </Item>
    <Item>
      <PriceUpdateDate>2025-01-01 12:30:04</PriceUpdateDate>
      <ItemCode>7290018471937</ItemCode>
      <ItemType>1</ItemType>
      <ItemName>שוופס מוגז פירות תות</ItemName>
      <ManufacturerName>יפאורה תבורי</ManufacturerName>
      <ManufactureCountry>ישראל</ManufactureCountry>
      <ManufacturerItemDescription>שוופס פרוטס</ManufacturerItemDescription>
      <UnitQty>ליטרים</UnitQty>
      <Quantity>1.50</Quantity>
      <UnitOfMeasure>ליטר    </UnitOfMeasure>
      <bIsWeighted>0</bIsWeighted>
      <QtyInPackage>לא ידוע</QtyInPackage>
      <ItemPrice>7.30</ItemPrice>
      <UnitOfMeasurePrice>4.8667</UnitOfMeasurePrice>
      <AllowDiscount>1</AllowDiscount>
      <ItemStatus>1</ItemStatus>
      <ItemId>69727</ItemId>
    </Item>
    <Item>
      <PriceUpdateDate>2025-01-01 12:30:08</PriceUpdateDate>
      <ItemCode>7290019056638</ItemCode>
      <ItemType>1</ItemType>
      <ItemName>ספרינג תות בננה 1.5</ItemName>
      <ManufacturerName>יפאורה תבורי</ManufacturerName>
      <ManufactureCountry>ישראל</ManufactureCountry>
      <ManufacturerItemDescription>ספרינג</ManufacturerItemDescription>
      <UnitQty>ליטרים</UnitQty>
      <Quantity>1.50</Quantity>
      <UnitOfMeasure>ליטר    </UnitOfMeasure>
      <bIsWeighted>0</bIsWeighted>
      <QtyInPackage>לא ידוע</QtyInPackage>
      <ItemPrice>7.30</ItemPrice>
      <UnitOfMeasurePrice>4.8667</UnitOfMeasurePrice>
      <AllowDiscount>1</AllowDiscount>
      <ItemStatus>1</ItemStatus>
      <ItemId>69700</ItemId>
    </Item>
    <Item>
      <PriceUpdateDate>2025-01-01 12:31:21</PriceUpdateDate>
      <ItemCode>5410228217732</ItemCode>
      <ItemType>1</ItemType>
      <ItemName>בירה סטלה פחית 440 מ</ItemName>
      <ManufacturerName>לא ידוע</ManufacturerName>
      <ManufactureCountry>בלגיה</ManufactureCountry>
      <ManufacturerItemDescription>בירה סטלה פחית 440 מ</ManufacturerItemDescription>
      <UnitQty>מיליליטרים</UnitQty>
      <Quantity>440.00</Quantity>
      <UnitOfMeasure>100 מ"ל</UnitOfMeasure>
      <bIsWeighted>0</bIsWeighted>
      <QtyInPackage>לא ידוע</QtyInPackage>
      <ItemPrice>12.00</ItemPrice>
      <UnitOfMeasurePrice>0.0273</UnitOfMeasurePrice>
      <AllowDiscount>1</AllowDiscount>
      <ItemStatus>1</ItemStatus>
      <ItemId>67757</ItemId>
    </Item>
    <Item>
      <PriceUpdateDate>2025-01-01 12:31:21</PriceUpdateDate>
      <ItemCode>5410228169604</ItemCode>
      <ItemType>1</ItemType>
      <ItemName>פחית בירה הוגארדן 50</ItemName>
      <ManufacturerName>אינבייב</ManufacturerName>
      <ManufactureCountry>בלגיה</ManufactureCountry>
      <ManufacturerItemDescription>פחית בירה הוגארדן 50</ManufacturerItemDescription>
      <UnitQty>מיליליטרים</UnitQty>
      <Quantity>500.00</Quantity>
      <UnitOfMeasure>100 מ"ל</UnitOfMeasure>
      <bIsWeighted>0</bIsWeighted>
      <QtyInPackage>לא ידוע</QtyInPackage>
      <ItemPrice>12.00</ItemPrice>
      <UnitOfMeasurePrice>0.0240</UnitOfMeasurePrice>
      <AllowDiscount>1</AllowDiscount>
      <ItemStatus>1</ItemStatus>
      <ItemId>120503</ItemId>
    </Item>
    <Item>
      <PriceUpdateDate>2025-01-01 13:31:42</PriceUpdateDate>
      <ItemCode>7290008670142</ItemCode>
      <ItemType>1</ItemType>
      <ItemName>יין יסמין אדום</ItemName>
      <ManufacturerName>רקנאטי</ManufacturerName>
      <ManufactureCountry>ישראל</ManufactureCountry>
      <ManufacturerItemDescription>רקנאטי</ManufacturerItemDescription>
      <UnitQty>מיליליטרים</UnitQty>
      <Quantity>750.00</Quantity>
      <UnitOfMeasure>100 מ"ל</UnitOfMeasure>
      <bIsWeighted>0</bIsWeighted>
      <QtyInPackage>לא ידוע</QtyInPackage>
      <ItemPrice>37.20</ItemPrice>
      <UnitOfMeasurePrice>0.0496</UnitOfMeasurePrice>
      <AllowDiscount>1</AllowDiscount>
      <ItemStatus>1</ItemStatus>
      <ItemId>41342</ItemId>
    </Item>
    <Item>
      <PriceUpdateDate>2025-01-01 14:33:43</PriceUpdateDate>
      <ItemCode>4066600999614</ItemCode>
      <ItemType>1</ItemType>
      <ItemName>בירה פאולנר בקבוק 50</ItemName>
      <ManufacturerName>פאולנר</ManufacturerName>
      <ManufactureCountry>גרמניה</ManufactureCountry>
      <ManufacturerItemDescription>פאולנר</ManufacturerItemDescription>
      <UnitQty>מיליליטרים</UnitQty>
      <Quantity>500.00</Quantity>
      <UnitOfMeasure>100 מ"ל</UnitOfMeasure>
      <bIsWeighted>0</bIsWeighted>
      <QtyInPackage>לא ידוע</QtyInPackage>
      <ItemPrice>13.00</ItemPrice>
      <UnitOfMeasurePrice>0.0260</UnitOfMeasurePrice>
      <AllowDiscount>1</AllowDiscount>
      <ItemStatus>1</ItemStatus>
      <ItemId>32349</ItemId>
    </Item>
    <Item>
      <PriceUpdateDate>2025-01-01 14:33:43</PriceUpdateDate>
      <ItemCode>4066600601920</ItemCode>
      <ItemType>1</ItemType>
      <ItemName>בירה פאולנר פחית 500</ItemName>
      <ManufacturerName>לא ידוע</ManufacturerName>
      <ManufactureCountry>לא ידוע</ManufactureCountry>
      <ManufacturerItemDescription>בירה פאולנר פחית 500</ManufacturerItemDescription>
      <UnitQty>מיליליטרים</UnitQty>
      <Quantity>500.00</Quantity>
      <UnitOfMeasure>100 מ"ל</UnitOfMeasure>
      <bIsWeighted>0</bIsWeighted>
      <QtyInPackage>לא ידוע</QtyInPackage>
      <ItemPrice>11.00</ItemPrice>
      <UnitOfMeasurePrice>0.0220</UnitOfMeasurePrice>
      <AllowDiscount>1</AllowDiscount>
      <ItemStatus>1</ItemStatus>
      <ItemId>63709</ItemId>
    </Item>
    <Item>
      <PriceUpdateDate>2025-01-01 15:30:04</PriceUpdateDate>
      <ItemCode>4100130937163</ItemCode>
      <ItemType>1</ItemType>
      <ItemName>בירה בקס שישייה 275</ItemName>
      <ManufacturerName>Beck and Co</ManufacturerName>
      <ManufactureCountry>גרמניה</ManufactureCountry>
      <ManufacturerItemDescription>Beck and Co</ManufacturerItemDescription>
      <UnitQty>ליטרים</UnitQty>
      <Quantity>1.65</Quantity>
      <UnitOfMeasure>ליטר    </UnitOfMeasure>
      <bIsWeighted>0</bIsWeighted>
      <QtyInPackage>לא ידוע</QtyInPackage>
      <ItemPrice>35.20</ItemPrice>
      <UnitOfMeasurePrice>21.3333</UnitOfMeasurePrice>
      <AllowDiscount>1</AllowDiscount>
      <ItemStatus>1</ItemStatus>
      <ItemId>23986</ItemId>
    </Item>
    <Item>
      <PriceUpdateDate>2025-01-02 10:44:32</PriceUpdateDate>
      <ItemCode>7290002478157</ItemCode>
      <ItemType>1</ItemType>
      <ItemName>רבעי פרגיות ממולאות</ItemName>
      <ManufacturerName>מעדני הטלה</ManufacturerName>
      <ManufactureCountry>ישראל</ManufactureCountry>
      <ManufacturerItemDescription>מעדני הטלה</ManufacturerItemDescription>
      <UnitQty>קילוגרמים</UnitQty>
      <Quantity>1.00</Quantity>
      <UnitOfMeasure>ק"ג</UnitOfMeasure>
      <bIsWeighted>1</bIsWeighted>
      <QtyInPackage>לא ידוע</QtyInPackage>
      <ItemPrice>56.40</ItemPrice>
      <UnitOfMeasurePrice>56.4000</UnitOfMeasurePrice>
      <AllowDiscount>1</AllowDiscount>
      <ItemStatus>1</ItemStatus>
      <ItemId>56719</ItemId>
    </Item>
    <Item>
      <PriceUpdateDate>2025-01-02 10:45:15</PriceUpdateDate>
      <ItemCode>7290019816652</ItemCode>
      <ItemType>1</ItemType>
      <ItemName>מיני קראנץ' פקאן 5 י</ItemName>
      <ManufacturerName>גלידות נסטלה</ManufacturerName>
      <ManufactureCountry>ישראל</ManufactureCountry>
      <ManufacturerItemDescription>גלידות נסטלה</ManufacturerItemDescription>
      <UnitQty>גרמים</UnitQty>
      <Quantity>285.00</Quantity>
      <UnitOfMeasure>100 גרם</UnitOfMeasure>
      <bIsWeighted>0</bIsWeighted>
      <QtyInPackage>לא ידוע</QtyInPackage>
      <ItemPrice>29.10</ItemPrice>
      <UnitOfMeasurePrice>0.1021</UnitOfMeasurePrice>
      <AllowDiscount>1</AllowDiscount>
      <ItemStatus>1</ItemStatus>
      <ItemId>116991</ItemId>
    </Item>
    <Item>
      <PriceUpdateDate>2025-01-02 10:45:16</PriceUpdateDate>
      <ItemCode>7290107879569</ItemCode>
      <ItemType>1</ItemType>
      <ItemName>לה פרוטה מנגו 6 יח'</ItemName>
      <ManufacturerName>גלידות נסטלה</ManufacturerName>
      <ManufactureCountry>ישראל</ManufactureCountry>
      <ManufacturerItemDescription>לה פרוטה</ManufacturerItemDescription>
      <UnitQty>גרמים</UnitQty>
      <Quantity>350.00</Quantity>
      <UnitOfMeasure>100 גרם</UnitOfMeasure>
      <bIsWeighted>0</bIsWeighted>
      <QtyInPackage>לא ידוע</QtyInPackage>
      <ItemPrice>24.10</ItemPrice>
      <UnitOfMeasurePrice>0.0689</UnitOfMeasurePrice>
      <AllowDiscount>1</AllowDiscount>
      <ItemStatus>1</ItemStatus>
      <ItemId>27041</ItemId>
    </Item>
    <Item>
      <PriceUpdateDate>2025-01-02 10:45:18</PriceUpdateDate>
      <ItemCode>7290112962546</ItemCode>
      <ItemType>1</ItemType>
      <ItemName>לה פרוטה מאגדת מלון</ItemName>
      <ManufacturerName>גלידות נסטלה</ManufacturerName>
      <ManufactureCountry>ישראל</ManufactureCountry>
      <ManufacturerItemDescription>לה פרוטה</ManufacturerItemDescription>
      <UnitQty>גרמים</UnitQty>
      <Quantity>350.00</Quantity>
      <UnitOfMeasure>100 גרם</UnitOfMeasure>
      <bIsWeighted>0</bIsWeighted>
      <QtyInPackage>לא ידוע</QtyInPackage>
      <ItemPrice>24.10</ItemPrice>
      <UnitOfMeasurePrice>0.0689</UnitOfMeasurePrice>
      <AllowDiscount>1</AllowDiscount>
      <ItemStatus>1</ItemStatus>
      <ItemId>55380</ItemId>
    </Item>
    <Item>
      <PriceUpdateDate>2025-01-02 11:35:28</PriceUpdateDate>
      <ItemCode>7290018938157</ItemCode>
      <ItemType>1</ItemType>
      <ItemName>רידיפיין נקניקיות מר</ItemName>
      <ManufacturerName>לא ידוע</ManufacturerName>
      <ManufactureCountry>ישראל</ManufactureCountry>
      <ManufacturerItemDescription>רידיפיין נקניקיות מר</ManufacturerItemDescription>
      <UnitQty>גרמים</UnitQty>
      <Quantity>338.00</Quantity>
      <UnitOfMeasure>100 גרם</UnitOfMeasure>
      <bIsWeighted>0</bIsWeighted>
      <QtyInPackage>לא ידוע</QtyInPackage>
      <ItemPrice>38.20</ItemPrice>
      <UnitOfMeasurePrice>0.1130</UnitOfMeasurePrice>
      <AllowDiscount>1</AllowDiscount>
      <ItemStatus>1</ItemStatus>
      <ItemId>93512</ItemId>
    </Item>
    <Item>
      <PriceUpdateDate>2025-01-02 14:12:32</PriceUpdateDate>
      <ItemCode>7290004658946</ItemCode>
      <ItemType>1</ItemType>
      <ItemName>שרדונה פרייבט קולקשי</ItemName>
      <ManufacturerName>יקבי כרמל</ManufacturerName>
      <ManufactureCountry>ישראל</ManufactureCountry>
      <ManufacturerItemDescription>Private collection</ManufacturerItemDescription>
      <UnitQty>מיליליטרים</UnitQty>
      <Quantity>750.00</Quantity>
      <UnitOfMeasure>100 מ"ל</UnitOfMeasure>
      <bIsWeighted>0</bIsWeighted>
      <QtyInPackage>לא ידוע</QtyInPackage>
      <ItemPrice>44.90</ItemPrice>
      <UnitOfMeasurePrice>0.0599</UnitOfMeasurePrice>
      <AllowDiscount>1</AllowDiscount>
      <ItemStatus>1</ItemStatus>
      <ItemId>38717</ItemId>
    </Item>
    <Item>
      <PriceUpdateDate>2025-01-02 14:12:33</PriceUpdateDate>
      <ItemCode>7290008801157</ItemCode>
      <ItemType>1</ItemType>
      <ItemName>מרלו סלקטד</ItemName>
      <ManufacturerName>יקבי כרמל</ManufacturerName>
      <ManufactureCountry>ישראל</ManufactureCountry>
      <ManufacturerItemDescription>סלקטד</ManufacturerItemDescription>
      <UnitQty>מיליליטרים</UnitQty>
      <Quantity>750.00</Quantity>
      <UnitOfMeasure>100 מ"ל</UnitOfMeasure>
      <bIsWeighted>0</bIsWeighted>
      <QtyInPackage>לא ידוע</QtyInPackage>
      <ItemPrice>31.90</ItemPrice>
      <UnitOfMeasurePrice>0.0425</UnitOfMeasurePrice>
      <AllowDiscount>1</AllowDiscount>
      <ItemStatus>1</ItemStatus>
      <ItemId>38722</ItemId>
    </Item>
    <Item>
      <PriceUpdateDate>2025-01-02 14:12:33</PriceUpdateDate>
      <ItemCode>7290008804462</ItemCode>
      <ItemType>1</ItemType>
      <ItemName>מוסקט פרייבט קולקשיי</ItemName>
      <ManufacturerName>יקבי כרמל</ManufacturerName>
      <ManufactureCountry>ישראל</ManufactureCountry>
      <ManufacturerItemDescription>Private collection</ManufacturerItemDescription>
      <UnitQty>מיליליטרים</UnitQty>
      <Quantity>500.00</Quantity>
      <UnitOfMeasure>100 מ"ל</UnitOfMeasure>
      <bIsWeighted>0</bIsWeighted>
      <QtyInPackage>לא ידוע</QtyInPackage>
      <ItemPrice>44.90</ItemPrice>
      <UnitOfMeasurePrice>0.0898</UnitOfMeasurePrice>
      <AllowDiscount>1</AllowDiscount>
      <ItemStatus>1</ItemStatus>
      <ItemId>38735</ItemId>
    </Item>
    <Item>
      <PriceUpdateDate>2025-01-02 14:12:34</PriceUpdateDate>
      <ItemCode>7290014256620</ItemCode>
      <ItemType>1</ItemType>
      <ItemName>באזז קריניאנו אדום מ</ItemName>
      <ManufacturerName>יקבי כרמל</ManufacturerName>
      <ManufactureCountry>ישראל</ManufactureCountry>
      <ManufacturerItemDescription>סלקטד</ManufacturerItemDescription>
      <UnitQty>מיליליטרים</UnitQty>
      <Quantity>750.00</Quantity>
      <UnitOfMeasure>100 מ"ל</UnitOfMeasure>
      <bIsWeighted>0</bIsWeighted>
      <QtyInPackage>לא ידוע</QtyInPackage>
      <ItemPrice>29.90</ItemPrice>
      <UnitOfMeasurePrice>0.0399</UnitOfMeasurePrice>
      <AllowDiscount>1</AllowDiscount>
      <ItemStatus>1</ItemStatus>
      <ItemId>5547</ItemId>
    </Item>
    <Item>
      <PriceUpdateDate>2025-01-02 14:12:36</PriceUpdateDate>
      <ItemCode>7290017812847</ItemCode>
      <ItemType>1</ItemType>
      <ItemName>יין גוורצטרמינר סלקט</ItemName>
      <ManufacturerName>יקבי כרמל</ManufacturerName>
      <ManufactureCountry>ישראל</ManufactureCountry>
      <ManufacturerItemDescription>סלקטד</ManufacturerItemDescription>
      <UnitQty>מיליליטרים</UnitQty>
      <Quantity>750.00</Quantity>
      <UnitOfMeasure>100 מ"ל</UnitOfMeasure>
      <bIsWeighted>0</bIsWeighted>
      <QtyInPackage>לא ידוע</QtyInPackage>
      <ItemPrice>31.90</ItemPrice>
      <UnitOfMeasurePrice>0.0425</UnitOfMeasurePrice>
      <AllowDiscount>1</AllowDiscount>
      <ItemStatus>1</ItemStatus>
      <ItemId>66112</ItemId>
    </Item>
    <Item>
      <PriceUpdateDate>2025-01-02 14:12:36</PriceUpdateDate>
      <ItemCode>7290017812885</ItemCode>
      <ItemType>1</ItemType>
      <ItemName>סוביניון בלאן גוורצט</ItemName>
      <ManufacturerName>יקבי כרמל</ManufacturerName>
      <ManufactureCountry>ישראל</ManufactureCountry>
      <ManufacturerItemDescription>Private collection</ManufacturerItemDescription>
      <UnitQty>מיליליטרים</UnitQty>
      <Quantity>750.00</Quantity>
      <UnitOfMeasure>100 מ"ל</UnitOfMeasure>
      <bIsWeighted>0</bIsWeighted>
      <QtyInPackage>לא ידוע</QtyInPackage>
      <ItemPrice>44.90</ItemPrice>
      <UnitOfMeasurePrice>0.0599</UnitOfMeasurePrice>
      <AllowDiscount>1</AllowDiscount>
      <ItemStatus>1</ItemStatus>
      <ItemId>67071</ItemId>
    </Item>
    <Item>
      <PriceUpdateDate>2025-01-02 14:12:36</PriceUpdateDate>
      <ItemCode>7290018294192</ItemCode>
      <ItemType>1</ItemType>
      <ItemName>בלנד היינן פרייבט קו</ItemName>
      <ManufacturerName>יקבי כרמל</ManufacturerName>
      <ManufactureCountry>ישראל</ManufactureCountry>
      <ManufacturerItemDescription>Private collection</ManufacturerItemDescription>
      <UnitQty>מיליליטרים</UnitQty>
      <Quantity>750.00</Quantity>
      <UnitOfMeasure>100 מ"ל</UnitOfMeasure>
      <bIsWeighted>0</bIsWeighted>
      <QtyInPackage>לא ידוע</QtyInPackage>
      <ItemPrice>44.90</ItemPrice>
      <UnitOfMeasurePrice>0.0599</UnitOfMeasurePrice>
      <AllowDiscount>1</AllowDiscount>
      <ItemStatus>1</ItemStatus>
      <ItemId>70198</ItemId>
    </Item>
    <Item>
      <PriceUpdateDate>2025-01-02 14:12:36</PriceUpdateDate>
      <ItemCode>7290019302612</ItemCode>
      <ItemType>1</ItemType>
      <ItemName>קברנה סובניון חצי יב</ItemName>
      <ManufacturerName>יקבי כרמל</ManufacturerName>
      <ManufactureCountry>ישראל</ManufactureCountry>
      <ManufacturerItemDescription>Private collection</ManufacturerItemDescription>
      <UnitQty>מיליליטרים</UnitQty>
      <Quantity>750.00</Quantity>
      <UnitOfMeasure>100 מ"ל</UnitOfMeasure>
      <bIsWeighted>0</bIsWeighted>
      <QtyInPackage>לא ידוע</QtyInPackage>
      <ItemPrice>44.90</ItemPrice>
      <UnitOfMeasurePrice>0.0599</UnitOfMeasurePrice>
      <AllowDiscount>1</AllowDiscount>
      <ItemStatus>1</ItemStatus>
      <ItemId>97186</ItemId>
    </Item>
    <Item>
      <PriceUpdateDate>2025-01-02 14:13:43</PriceUpdateDate>
      <ItemCode>7290015129312</ItemCode>
      <ItemType>1</ItemType>
      <ItemName>סקיני סופ - תבשיל מר</ItemName>
      <ManufacturerName>לא ידוע</ManufacturerName>
      <ManufactureCountry>לא ידוע</ManufactureCountry>
      <ManufacturerItemDescription>סקיני סופ - תבשיל מר</ManufacturerItemDescription>
      <UnitQty>גרמים</UnitQty>
      <Quantity>234.00</Quantity>
      <UnitOfMeasure>100 גרם</UnitOfMeasure>
      <bIsWeighted>0</bIsWeighted>
      <QtyInPackage>לא ידוע</QtyInPackage>
      <ItemPrice>16.00</ItemPrice>
      <UnitOfMeasurePrice>0.0684</UnitOfMeasurePrice>
      <AllowDiscount>1</AllowDiscount>
      <ItemStatus>1</ItemStatus>
      <ItemId>82232</ItemId>
    </Item>
    <Item>
      <PriceUpdateDate>2025-01-02 14:13:43</PriceUpdateDate>
      <ItemCode>7290017894102</ItemCode>
      <ItemType>1</ItemType>
      <ItemName>דגש - פנה אורז תירס</ItemName>
      <ManufacturerName>לא ידוע</ManufacturerName>
      <ManufactureCountry>לא ידוע</ManufactureCountry>
      <ManufacturerItemDescription>דגש - פנה אורז תירס</ManufacturerItemDescription>
      <UnitQty>גרמים</UnitQty>
      <Quantity>400.00</Quantity>
      <UnitOfMeasure>100 גרם</UnitOfMeasure>
      <bIsWeighted>0</bIsWeighted>
      <QtyInPackage>לא ידוע</QtyInPackage>
      <ItemPrice>11.00</ItemPrice>
      <UnitOfMeasurePrice>0.0275</UnitOfMeasurePrice>
      <AllowDiscount>1</AllowDiscount>
      <ItemStatus>1</ItemStatus>
      <ItemId>82245</ItemId>
    </Item>
    <Item>
      <PriceUpdateDate>2025-01-02 14:13:43</PriceUpdateDate>
      <ItemCode>7290017894119</ItemCode>
      <ItemType>1</ItemType>
      <ItemName>דגש - פוזילי אורז תי</ItemName>
      <ManufacturerName>לא ידוע</ManufacturerName>
      <ManufactureCountry>לא ידוע</ManufactureCountry>
      <ManufacturerItemDescription>דגש - פוזילי אורז תי</ManufacturerItemDescription>
      <UnitQty>גרמים</UnitQty>
      <Quantity>400.00</Quantity>
      <UnitOfMeasure>100 גרם</UnitOfMeasure>
      <bIsWeighted>0</bIsWeighted>
      <QtyInPackage>לא ידוע</QtyInPackage>
      <ItemPrice>11.00</ItemPrice>
      <UnitOfMeasurePrice>0.0275</UnitOfMeasurePrice>
      <AllowDiscount>1</AllowDiscount>
      <ItemStatus>1</ItemStatus>
      <ItemId>82246</ItemId>
    </Item>
    <Item>
      <PriceUpdateDate>2025-01-02 14:13:49</PriceUpdateDate>
      <ItemCode>8024985002943</ItemCode>
      <ItemType>1</ItemType>
      <ItemName>נטורה נובה - סמוזי א</ItemName>
      <ManufacturerName>לא ידוע</ManufacturerName>
      <ManufactureCountry>לא ידוע</ManufactureCountry>
      <ManufacturerItemDescription>נטורה נובה - סמוזי א</ManufacturerItemDescription>
      <UnitQty>גרמים</UnitQty>
      <Quantity>100.00</Quantity>
      <UnitOfMeasure>100 גרם</UnitOfMeasure>
      <bIsWeighted>0</bIsWeighted>
      <QtyInPackage>לא ידוע</QtyInPackage>
      <ItemPrice>6.00</ItemPrice>
      <UnitOfMeasurePrice>0.0600</UnitOfMeasurePrice>
      <AllowDiscount>1</AllowDiscount>
      <ItemStatus>1</ItemStatus>
      <ItemId>82289</ItemId>
    </Item>
    <Item>
      <PriceUpdateDate>2025-01-02 14:14:33</PriceUpdateDate>
      <ItemCode>7290016505184</ItemCode>
      <ItemType>1</ItemType>
      <ItemName>שוקולד קרם חלבה 100</ItemName>
      <ManufacturerName>פנדה</ManufacturerName>
      <ManufactureCountry>ישראל</ManufactureCountry>
      <ManufacturerItemDescription>שוקולד קרם חלבה 100</ManufacturerItemDescription>
      <UnitQty>גרמים</UnitQty>
      <Quantity>100.00</Quantity>
      <UnitOfMeasure>100 גרם</UnitOfMeasure>
      <bIsWeighted>0</bIsWeighted>
      <QtyInPackage>לא ידוע</QtyInPackage>
      <ItemPrice>18.10</ItemPrice>
      <UnitOfMeasurePrice>0.1810</UnitOfMeasurePrice>
      <AllowDiscount>1</AllowDiscount>
      <ItemStatus>1</ItemStatus>
      <ItemId>120042</ItemId>
    </Item>
    <Item>
      <PriceUpdateDate>2025-01-02 14:16:49</PriceUpdateDate>
      <ItemCode>8410376017342</ItemCode>
      <ItemType>1</ItemType>
      <ItemName>עוגיות שוקוציפס גולו</ItemName>
      <ManufacturerName>גלטס גולון</ManufacturerName>
      <ManufactureCountry>ספרד</ManufactureCountry>
      <ManufacturerItemDescription>גולון</ManufacturerItemDescription>
      <UnitQty>גרמים</UnitQty>
      <Quantity>200.00</Quantity>
      <UnitOfMeasure>100 גרם</UnitOfMeasure>
      <bIsWeighted>0</bIsWeighted>
      <QtyInPackage>לא ידוע</QtyInPackage>
      <ItemPrice>17.00</ItemPrice>
      <UnitOfMeasurePrice>0.0850</UnitOfMeasurePrice>
      <AllowDiscount>1</AllowDiscount>
      <ItemStatus>1</ItemStatus>
      <ItemId>30755</ItemId>
    </Item>
    <Item>
      <PriceUpdateDate>2025-01-02 14:16:49</PriceUpdateDate>
      <ItemCode>8410376017359</ItemCode>
      <ItemType>1</ItemType>
      <ItemName>עוגיות פסטס גולון לל</ItemName>
      <ManufacturerName>גלטס גולון</ManufacturerName>
      <ManufactureCountry>ספרד</ManufactureCountry>
      <ManufacturerItemDescription>גולון</ManufacturerItemDescription>
      <UnitQty>גרמים</UnitQty>
      <Quantity>200.00</Quantity>
      <UnitOfMeasure>100 גרם</UnitOfMeasure>
      <bIsWeighted>0</bIsWeighted>
      <QtyInPackage>לא ידוע</QtyInPackage>
      <ItemPrice>18.10</ItemPrice>
      <UnitOfMeasurePrice>0.0905</UnitOfMeasurePrice>
      <AllowDiscount>1</AllowDiscount>
      <ItemStatus>1</ItemStatus>
      <ItemId>30756</ItemId>
    </Item>
    <Item>
      <PriceUpdateDate>2025-01-02 15:12:34</PriceUpdateDate>
      <ItemCode>7290000531977</ItemCode>
      <ItemType>1</ItemType>
      <ItemName>בורקס גבינה זוגלובק</ItemName>
      <ManufacturerName>זוגלובק</ManufacturerName>
      <ManufactureCountry>ישראל</ManufactureCountry>
      <ManufacturerItemDescription>זוגלובק</ManufacturerItemDescription>
      <UnitQty>גרמים</UnitQty>
      <Quantity>800.00</Quantity>
      <UnitOfMeasure>100 גרם</UnitOfMeasure>
      <bIsWeighted>0</bIsWeighted>
      <QtyInPackage>לא ידוע</QtyInPackage>
      <ItemPrice>16.00</ItemPrice>
      <UnitOfMeasurePrice>0.0200</UnitOfMeasurePrice>
      <AllowDiscount>1</AllowDiscount>
      <ItemStatus>1</ItemStatus>
      <ItemId>98086</ItemId>
    </Item>
    <Item>
      <PriceUpdateDate>2025-01-02 15:57:40</PriceUpdateDate>
      <ItemCode>7290002757726</ItemCode>
      <ItemType>1</ItemType>
      <ItemName>בורקס גבינה 700 גרם</ItemName>
      <ManufacturerName>לא ידוע</ManufacturerName>
      <ManufactureCountry>ישראל</ManufactureCountry>
      <ManufacturerItemDescription>בורקס גבינה 700 גרם</ManufacturerItemDescription>
      <UnitQty>גרמים</UnitQty>
      <Quantity>700.00</Quantity>
      <UnitOfMeasure>100 גרם</UnitOfMeasure>
      <bIsWeighted>0</bIsWeighted>
      <QtyInPackage>לא ידוע</QtyInPackage>
      <ItemPrice>13.00</ItemPrice>
      <UnitOfMeasurePrice>0.0186</UnitOfMeasurePrice>
      <AllowDiscount>1</AllowDiscount>
      <ItemStatus>1</ItemStatus>
      <ItemId>92652</ItemId>
    </Item>
    <Item>
      <PriceUpdateDate>2025-01-02 18:01:16</PriceUpdateDate>
      <ItemCode>7290011473242</ItemCode>
      <ItemType>1</ItemType>
      <ItemName>פשתן זרעים 500ג</ItemName>
      <ManufacturerName>ארוז ע' תבואות</ManufacturerName>
      <ManufactureCountry>ארצות הברית</ManufactureCountry>
      <ManufacturerItemDescription>תבואות</ManufacturerItemDescription>
      <UnitQty>גרמים</UnitQty>
      <Quantity>500.00</Quantity>
      <UnitOfMeasure>100 גרם</UnitOfMeasure>
      <bIsWeighted>0</bIsWeighted>
      <QtyInPackage>לא ידוע</QtyInPackage>
      <ItemPrice>10.90</ItemPrice>
      <UnitOfMeasurePrice>0.0218</UnitOfMeasurePrice>
      <AllowDiscount>1</AllowDiscount>
      <ItemStatus>1</ItemStatus>
      <ItemId>14346</ItemId>
    </Item>
    <Item>
      <PriceUpdateDate>2025-01-03 05:37:29</PriceUpdateDate>
      <ItemCode>7290002385196</ItemCode>
      <ItemType>1</ItemType>
      <ItemName>גבינה כחולה גלגל 29%</ItemName>
      <ManufacturerName>מחלבות גד</ManufacturerName>
      <ManufactureCountry>דנמרק</ManufactureCountry>
      <ManufacturerItemDescription>מחלבות גד</ManufacturerItemDescription>
      <UnitQty>קילוגרמים</UnitQty>
      <Quantity>1.00</Quantity>
      <UnitOfMeasure>ק"ג</UnitOfMeasure>
      <bIsWeighted>1</bIsWeighted>
      <QtyInPackage>לא ידוע</QtyInPackage>
      <ItemPrice>150.00</ItemPrice>
      <UnitOfMeasurePrice>150.0000</UnitOfMeasurePrice>
      <AllowDiscount>1</AllowDiscount>
      <ItemStatus>1</ItemStatus>
      <ItemId>26884</ItemId>
    </Item>
    <Item>
      <PriceUpdateDate>2025-01-03 05:38:03</PriceUpdateDate>
      <ItemCode>7290000319339</ItemCode>
      <ItemType>1</ItemType>
      <ItemName>סלמי  פרח</ItemName>
      <ManufacturerName>מעדני יחיעם</ManufacturerName>
      <ManufactureCountry>ישראל</ManufactureCountry>
      <ManufacturerItemDescription>יחיעם</ManufacturerItemDescription>
      <UnitQty>קילוגרמים</UnitQty>
      <Quantity>1.00</Quantity>
      <UnitOfMeasure>ק"ג</UnitOfMeasure>
      <bIsWeighted>1</bIsWeighted>
      <QtyInPackage>לא ידוע</QtyInPackage>
      <ItemPrice>120.00</ItemPrice>
      <UnitOfMeasurePrice>120.0000</UnitOfMeasurePrice>
      <AllowDiscount>1</AllowDiscount>
      <ItemStatus>1</ItemStatus>
      <ItemId>2704</ItemId>
    </Item>
    <Item>
      <PriceUpdateDate>2025-01-03 08:25:18</PriceUpdateDate>
      <ItemCode>7290000574455</ItemCode>
      <ItemType>1</ItemType>
      <ItemName>לחם חיטה וכוסמין</ItemName>
      <ManufacturerName>דגנית עין בר</ManufacturerName>
      <ManufactureCountry>ישראל</ManufactureCountry>
      <ManufacturerItemDescription>לחם חיטה וכוסמין</ManufacturerItemDescription>
      <UnitQty>גרמים</UnitQty>
      <Quantity>750.00</Quantity>
      <UnitOfMeasure>100 גרם</UnitOfMeasure>
      <bIsWeighted>0</bIsWeighted>
      <QtyInPackage>לא ידוע</QtyInPackage>
      <ItemPrice>15.00</ItemPrice>
      <UnitOfMeasurePrice>0.0200</UnitOfMeasurePrice>
      <AllowDiscount>1</AllowDiscount>
      <ItemStatus>1</ItemStatus>
      <ItemId>41353</ItemId>
    </Item>
    <Item>
      <PriceUpdateDate>2025-01-03 09:31:04</PriceUpdateDate>
      <ItemCode>7290003896141</ItemCode>
      <ItemType>1</ItemType>
      <ItemName>חטיף בוטנים וגרעיני</ItemName>
      <ManufacturerName>ג'י אנד ג'י בע"מ</ManufacturerName>
      <ManufactureCountry>ישראל</ManufactureCountry>
      <ManufacturerItemDescription>קליית גת</ManufacturerItemDescription>
      <UnitQty>גרמים</UnitQty>
      <Quantity>200.00</Quantity>
      <UnitOfMeasure>100 גרם</UnitOfMeasure>
      <bIsWeighted>0</bIsWeighted>
      <QtyInPackage>לא ידוע</QtyInPackage>
      <ItemPrice>9.00</ItemPrice>
      <UnitOfMeasurePrice>0.0450</UnitOfMeasurePrice>
      <AllowDiscount>1</AllowDiscount>
      <ItemStatus>1</ItemStatus>
      <ItemId>42595</ItemId>
    </Item>
    <Item>
      <PriceUpdateDate>2025-01-03 10:02:20</PriceUpdateDate>
      <ItemCode>7290002625766</ItemCode>
      <ItemType>1</ItemType>
      <ItemName>אבקת שום 120 גרם</ItemName>
      <ManufacturerName>דפנה תעשיות א.מ בע"מ</ManufacturerName>
      <ManufactureCountry>ישראל</ManufactureCountry>
      <ManufacturerItemDescription>תבליני דפנה</ManufacturerItemDescription>
      <UnitQty>גרמים</UnitQty>
      <Quantity>120.00</Quantity>
      <UnitOfMeasure>100 גרם</UnitOfMeasure>
      <bIsWeighted>0</bIsWeighted>
      <QtyInPackage>לא ידוע</QtyInPackage>
      <ItemPrice>13.00</ItemPrice>
      <UnitOfMeasurePrice>0.1083</UnitOfMeasurePrice>
      <AllowDiscount>1</AllowDiscount>
      <ItemStatus>1</ItemStatus>
      <ItemId>22736</ItemId>
    </Item>
    <Item>
      <PriceUpdateDate>2025-01-03 10:02:20</PriceUpdateDate>
      <ItemCode>7290002625803</ItemCode>
      <ItemType>1</ItemType>
      <ItemName>תערובת לתיבול דגים ו</ItemName>
      <ManufacturerName>דפנה תעשיות א.מ בע"מ</ManufacturerName>
      <ManufactureCountry>ישראל</ManufactureCountry>
      <ManufacturerItemDescription>תבליני דפנה</ManufacturerItemDescription>
      <UnitQty>גרמים</UnitQty>
      <Quantity>120.00</Quantity>
      <UnitOfMeasure>100 גרם</UnitOfMeasure>
      <bIsWeighted>0</bIsWeighted>
      <QtyInPackage>לא ידוע</QtyInPackage>
      <ItemPrice>13.00</ItemPrice>
      <UnitOfMeasurePrice>0.1083</UnitOfMeasurePrice>
      <AllowDiscount>1</AllowDiscount>
      <ItemStatus>1</ItemStatus>
      <ItemId>55126</ItemId>
    </Item>
    <Item>
      <PriceUpdateDate>2025-01-03 10:02:22</PriceUpdateDate>
      <ItemCode>7290002626114</ItemCode>
      <ItemType>1</ItemType>
      <ItemName>אורגנו 30 גרם</ItemName>
      <ManufacturerName>דפנה תעשיות א.מ בע"מ</ManufacturerName>
      <ManufactureCountry>ישראל</ManufactureCountry>
      <ManufacturerItemDescription>תבליני דפנה</ManufacturerItemDescription>
      <UnitQty>גרמים</UnitQty>
      <Quantity>30.00</Quantity>
      <UnitOfMeasure>100 גרם</UnitOfMeasure>
      <bIsWeighted>0</bIsWeighted>
      <QtyInPackage>לא ידוע</QtyInPackage>
      <ItemPrice>6.00</ItemPrice>
      <UnitOfMeasurePrice>0.2000</UnitOfMeasurePrice>
      <AllowDiscount>1</AllowDiscount>
      <ItemStatus>1</ItemStatus>
      <ItemId>43486</ItemId>
    </Item>
    <Item>
      <PriceUpdateDate>2025-01-03 10:02:23</PriceUpdateDate>
      <ItemCode>7290002626169</ItemCode>
      <ItemType>1</ItemType>
      <ItemName>פפריקה מתוקה 80 גרם</ItemName>
      <ManufacturerName>דפנה תעשיות א.מ בע"מ</ManufacturerName>
      <ManufactureCountry>ישראל</ManufactureCountry>
      <ManufacturerItemDescription>תבליני דפנה</ManufacturerItemDescription>
      <UnitQty>גרמים</UnitQty>
      <Quantity>80.00</Quantity>
      <UnitOfMeasure>100 גרם</UnitOfMeasure>
      <bIsWeighted>0</bIsWeighted>
      <QtyInPackage>לא ידוע</QtyInPackage>
      <ItemPrice>6.00</ItemPrice>
      <UnitOfMeasurePrice>0.0750</UnitOfMeasurePrice>
      <AllowDiscount>1</AllowDiscount>
      <ItemStatus>1</ItemStatus>
      <ItemId>43490</ItemId>
    </Item>
    <Item>
      <PriceUpdateDate>2025-01-03 10:02:26</PriceUpdateDate>
      <ItemCode>7290002626732</ItemCode>
      <ItemType>1</ItemType>
      <ItemName>פפריקה מרוקאית מתוקה</ItemName>
      <ManufacturerName>דפנה תעשיות א.מ בע"מ</ManufacturerName>
      <ManufactureCountry>ישראל</ManufactureCountry>
      <ManufacturerItemDescription>תבליני דפנה</ManufacturerItemDescription>
      <UnitQty>גרמים</UnitQty>
      <Quantity>120.00</Quantity>
      <UnitOfMeasure>100 גרם</UnitOfMeasure>
      <bIsWeighted>0</bIsWeighted>
      <QtyInPackage>לא ידוע</QtyInPackage>
      <ItemPrice>13.00</ItemPrice>
      <UnitOfMeasurePrice>0.1083</UnitOfMeasurePrice>
      <AllowDiscount>1</AllowDiscount>
      <ItemStatus>1</ItemStatus>
      <ItemId>22760</ItemId>
    </Item>
    <Item>
      <PriceUpdateDate>2025-01-03 10:02:27</PriceUpdateDate>
      <ItemCode>7290016264593</ItemCode>
      <ItemType>1</ItemType>
      <ItemName>מלח פלפל גס לסטייק 2</ItemName>
      <ManufacturerName>דפנה תעשיות א.מ בע"מ</ManufacturerName>
      <ManufactureCountry>ישראל</ManufactureCountry>
      <ManufacturerItemDescription>תבליני דפנה</ManufacturerItemDescription>
      <UnitQty>גרמים</UnitQty>
      <Quantity>200.00</Quantity>
      <UnitOfMeasure>100 גרם</UnitOfMeasure>
      <bIsWeighted>0</bIsWeighted>
      <QtyInPackage>לא ידוע</QtyInPackage>
      <ItemPrice>13.00</ItemPrice>
      <UnitOfMeasurePrice>0.0650</UnitOfMeasurePrice>
      <AllowDiscount>1</AllowDiscount>
      <ItemStatus>1</ItemStatus>
      <ItemId>27781</ItemId>
    </Item>
    <Item>
      <PriceUpdateDate>2025-01-03 11:20:54</PriceUpdateDate>
      <ItemCode>4810168024512</ItemCode>
      <ItemType>1</ItemType>
      <ItemName>חתיכות פילה דג הרינג</ItemName>
      <ManufacturerName>סנטה ברמור</ManufacturerName>
      <ManufactureCountry>בלרוס</ManufactureCountry>
      <ManufacturerItemDescription>חתיכות פילה דג הרינג</ManufacturerItemDescription>
      <UnitQty>גרמים</UnitQty>
      <Quantity>260.00</Quantity>
      <UnitOfMeasure>100 גרם</UnitOfMeasure>
      <bIsWeighted>0</bIsWeighted>
      <QtyInPackage>לא ידוע</QtyInPackage>
      <ItemPrice>22.00</ItemPrice>
      <UnitOfMeasurePrice>0.0846</UnitOfMeasurePrice>
      <AllowDiscount>1</AllowDiscount>
      <ItemStatus>1</ItemStatus>
      <ItemId>55944</ItemId>
    </Item>
    <Item>
      <PriceUpdateDate>2025-01-05 11:11:47</PriceUpdateDate>
      <ItemCode>7290000208329</ItemCode>
      <ItemType>1</ItemType>
      <ItemName>תירס  מתוק יכין 550</ItemName>
      <ManufacturerName>זנלכל</ManufacturerName>
      <ManufactureCountry>ישראל</ManufactureCountry>
      <ManufacturerItemDescription>תירס יכין 550 גרם</ManufacturerItemDescription>
      <UnitQty>גרמים</UnitQty>
      <Quantity>550.00</Quantity>
      <UnitOfMeasure>100 גרם</UnitOfMeasure>
      <bIsWeighted>0</bIsWeighted>
      <QtyInPackage>לא ידוע</QtyInPackage>
      <ItemPrice>10.00</ItemPrice>
      <UnitOfMeasurePrice>0.0182</UnitOfMeasurePrice>
      <AllowDiscount>1</AllowDiscount>
      <ItemStatus>1</ItemStatus>
      <ItemId>39363</ItemId>
    </Item>
    <Item>
      <PriceUpdateDate>2025-01-05 12:03:07</PriceUpdateDate>
      <ItemCode>7290014205666</ItemCode>
      <ItemType>1</ItemType>
      <ItemName>לבבות דקל פרוס 400 ג</ItemName>
      <ManufacturerName>לא ידוע</ManufacturerName>
      <ManufactureCountry>אקוודור</ManufactureCountry>
      <ManufacturerItemDescription>לבבות דקל פרוס 400 ג</ManufacturerItemDescription>
      <UnitQty>גרמים</UnitQty>
      <Quantity>400.00</Quantity>
      <UnitOfMeasure>100 גרם</UnitOfMeasure>
      <bIsWeighted>0</bIsWeighted>
      <QtyInPackage>לא ידוע</QtyInPackage>
      <ItemPrice>10.00</ItemPrice>
      <UnitOfMeasurePrice>0.0250</UnitOfMeasurePrice>
      <AllowDiscount>1</AllowDiscount>
      <ItemStatus>1</ItemStatus>
      <ItemId>129557</ItemId>
    </Item>
    <Item>
      <PriceUpdateDate>2025-01-05 12:03:45</PriceUpdateDate>
      <ItemCode>7290000446752</ItemCode>
      <ItemType>1</ItemType>
      <ItemName>ממרח שומשום מלא בטעם</ItemName>
      <ManufacturerName>בטר אנד דיפרנט בע"מ</ManufacturerName>
      <ManufactureCountry>ישראל</ManufactureCountry>
      <ManufacturerItemDescription>בטר אנד דיפרנט</ManufacturerItemDescription>
      <UnitQty>גרמים</UnitQty>
      <Quantity>350.00</Quantity>
      <UnitOfMeasure>100 גרם</UnitOfMeasure>
      <bIsWeighted>0</bIsWeighted>
      <QtyInPackage>לא ידוע</QtyInPackage>
      <ItemPrice>12.00</ItemPrice>
      <UnitOfMeasurePrice>0.0343</UnitOfMeasurePrice>
      <AllowDiscount>1</AllowDiscount>
      <ItemStatus>1</ItemStatus>
      <ItemId>38329</ItemId>
    </Item>
    <Item>
      <PriceUpdateDate>2025-01-05 12:14:29</PriceUpdateDate>
      <ItemCode>5410291022776</ItemCode>
      <ItemType>1</ItemType>
      <ItemName>ממרח אגוזי לוז עם קק</ItemName>
      <ManufacturerName>נאטרא מאלה</ManufacturerName>
      <ManufactureCountry>בלגיה</ManufactureCountry>
      <ManufacturerItemDescription>צוקטה</ManufacturerItemDescription>
      <UnitQty>גרמים</UnitQty>
      <Quantity>700.00</Quantity>
      <UnitOfMeasure>100 גרם</UnitOfMeasure>
      <bIsWeighted>0</bIsWeighted>
      <QtyInPackage>לא ידוע</QtyInPackage>
      <ItemPrice>24.10</ItemPrice>
      <UnitOfMeasurePrice>0.0344</UnitOfMeasurePrice>
      <AllowDiscount>1</AllowDiscount>
      <ItemStatus>1</ItemStatus>
      <ItemId>30932</ItemId>
    </Item>
    <Item>
      <PriceUpdateDate>2025-01-05 13:36:32</PriceUpdateDate>
      <ItemCode>7290115190250</ItemCode>
      <ItemType>1</ItemType>
      <ItemName>פרלמנט נייט (קצר) בו</ItemName>
      <ManufacturerName>לא ידוע</ManufacturerName>
      <ManufactureCountry>לא ידוע</ManufactureCountry>
      <ManufacturerItemDescription>פרלמנט נייט (קצר) בו</ManufacturerItemDescription>
      <UnitQty>יחידה   </UnitQty>
      <Quantity>0.00</Quantity>
      <UnitOfMeasure>יחידה   </UnitOfMeasure>
      <bIsWeighted>0</bIsWeighted>
      <QtyInPackage>לא ידוע</QtyInPackage>
      <ItemPrice>48.00</ItemPrice>
      <UnitOfMeasurePrice>0.0000</UnitOfMeasurePrice>
      <AllowDiscount>1</AllowDiscount>
      <ItemStatus>1</ItemStatus>
      <ItemId>122137</ItemId>
    </Item>
    <Item>
      <PriceUpdateDate>2025-01-05 13:36:32</PriceUpdateDate>
      <ItemCode>7290115190533</ItemCode>
      <ItemType>1</ItemType>
      <ItemName>נקסט ריסס 100 (ארוך)</ItemName>
      <ManufacturerName>לא ידוע</ManufacturerName>
      <ManufactureCountry>לא ידוע</ManufactureCountry>
      <ManufacturerItemDescription>נקסט ריסס 100 (ארוך)</ManufacturerItemDescription>
      <UnitQty>יחידה   </UnitQty>
      <Quantity>0.00</Quantity>
      <UnitOfMeasure>יחידה   </UnitOfMeasure>
      <bIsWeighted>0</bIsWeighted>
      <QtyInPackage>לא ידוע</QtyInPackage>
      <ItemPrice>33.50</ItemPrice>
      <UnitOfMeasurePrice>0.0000</UnitOfMeasurePrice>
      <AllowDiscount>1</AllowDiscount>
      <ItemStatus>1</ItemStatus>
      <ItemId>122147</ItemId>
    </Item>
    <Item>
      <PriceUpdateDate>2025-01-05 13:36:46</PriceUpdateDate>
      <ItemCode>7290121290128</ItemCode>
      <ItemType>1</ItemType>
      <ItemName>כאמל צהוב קצר (אריזה</ItemName>
      <ManufacturerName>לא ידוע</ManufacturerName>
      <ManufactureCountry>כללי</ManufactureCountry>
      <ManufacturerItemDescription>כאמל בוקס</ManufacturerItemDescription>
      <UnitQty>יח'</UnitQty>
      <Quantity>1.00</Quantity>
      <UnitOfMeasure>יח'</UnitOfMeasure>
      <bIsWeighted>0</bIsWeighted>
      <QtyInPackage>לא ידוע</QtyInPackage>
      <ItemPrice>39.00</ItemPrice>
      <UnitOfMeasurePrice>39.0000</UnitOfMeasurePrice>
      <AllowDiscount>1</AllowDiscount>
      <ItemStatus>1</ItemStatus>
      <ItemId>122945</ItemId>
    </Item>
    <Item>
      <PriceUpdateDate>2025-01-05 13:37:38</PriceUpdateDate>
      <ItemCode>37600311571</ItemCode>
      <ItemType>1</ItemType>
      <ItemName>חמאת בוטנים סקיפי לל</ItemName>
      <ManufacturerName>הורמל</ManufacturerName>
      <ManufactureCountry>ארצות הברית</ManufactureCountry>
      <ManufacturerItemDescription>סקיפי</ManufacturerItemDescription>
      <UnitQty>גרמים</UnitQty>
      <Quantity>340.00</Quantity>
      <UnitOfMeasure>100 גרם</UnitOfMeasure>
      <bIsWeighted>0</bIsWeighted>
      <QtyInPackage>לא ידוע</QtyInPackage>
      <ItemPrice>22.10</ItemPrice>
      <UnitOfMeasurePrice>0.0650</UnitOfMeasurePrice>
      <AllowDiscount>1</AllowDiscount>
      <ItemStatus>1</ItemStatus>
      <ItemId>123727</ItemId>
    </Item>
    <Item>
      <PriceUpdateDate>2025-01-05 13:38:01</PriceUpdateDate>
      <ItemCode>7290002008934</ItemCode>
      <ItemType>1</ItemType>
      <ItemName>סוכריות לקישוט צבעונ</ItemName>
      <ManufacturerName>ממתקי עלה ייצור שווק</ManufacturerName>
      <ManufactureCountry>ישראל</ManufactureCountry>
      <ManufacturerItemDescription>הנמל</ManufacturerItemDescription>
      <UnitQty>גרמים</UnitQty>
      <Quantity>200.00</Quantity>
      <UnitOfMeasure>100 גרם</UnitOfMeasure>
      <bIsWeighted>0</bIsWeighted>
      <QtyInPackage>לא ידוע</QtyInPackage>
      <ItemPrice>8.00</ItemPrice>
      <UnitOfMeasurePrice>0.0400</UnitOfMeasurePrice>
      <AllowDiscount>1</AllowDiscount>
      <ItemStatus>1</ItemStatus>
      <ItemId>39269</ItemId>
    </Item>
    <Item>
      <PriceUpdateDate>2025-01-05 13:48:14</PriceUpdateDate>
      <ItemCode>7290006496201</ItemCode>
      <ItemType>1</ItemType>
      <ItemName>משקד רוזטה שקדים 750</ItemName>
      <ManufacturerName>משקד</ManufacturerName>
      <ManufactureCountry>ישראל</ManufactureCountry>
      <ManufacturerItemDescription>משקד</ManufacturerItemDescription>
      <UnitQty>מיליליטרים</UnitQty>
      <Quantity>750.00</Quantity>
      <UnitOfMeasure>100 מ"ל</UnitOfMeasure>
      <bIsWeighted>0</bIsWeighted>
      <QtyInPackage>לא ידוע</QtyInPackage>
      <ItemPrice>19.10</ItemPrice>
      <UnitOfMeasurePrice>0.0255</UnitOfMeasurePrice>
      <AllowDiscount>1</AllowDiscount>
      <ItemStatus>1</ItemStatus>
      <ItemId>40221</ItemId>
    </Item>
    <Item>
      <PriceUpdateDate>2025-01-05 13:48:14</PriceUpdateDate>
      <ItemCode>7290006496225</ItemCode>
      <ItemType>1</ItemType>
      <ItemName>משקד מי ורדים 750 מ"</ItemName>
      <ManufacturerName>משקד</ManufacturerName>
      <ManufactureCountry>ישראל</ManufactureCountry>
      <ManufacturerItemDescription>משקד</ManufacturerItemDescription>
      <UnitQty>מיליליטרים</UnitQty>
      <Quantity>750.00</Quantity>
      <UnitOfMeasure>100 מ"ל</UnitOfMeasure>
      <bIsWeighted>0</bIsWeighted>
      <QtyInPackage>לא ידוע</QtyInPackage>
      <ItemPrice>12.00</ItemPrice>
      <UnitOfMeasurePrice>0.0160</UnitOfMeasurePrice>
      <AllowDiscount>1</AllowDiscount>
      <ItemStatus>1</ItemStatus>
      <ItemId>40222</ItemId>
    </Item>
    <Item>
      <PriceUpdateDate>2025-01-05 14:13:45</PriceUpdateDate>
      <ItemCode>7290002971252</ItemCode>
      <ItemType>1</ItemType>
      <ItemName>קמח פסטה שטיבל 1 קג</ItemName>
      <ManufacturerName>טחנת קמח דגן-שטיבל</ManufacturerName>
      <ManufactureCountry>ישראל</ManufactureCountry>
      <ManufacturerItemDescription>קמח פסטה שטיבל 1 קג</ManufacturerItemDescription>
      <UnitQty>קילוגרמים</UnitQty>
      <Quantity>1.00</Quantity>
      <UnitOfMeasure>ק"ג     </UnitOfMeasure>
      <bIsWeighted>0</bIsWeighted>
      <QtyInPackage>לא ידוע</QtyInPackage>
      <ItemPrice>14.00</ItemPrice>
      <UnitOfMeasurePrice>14.0000</UnitOfMeasurePrice>
      <AllowDiscount>1</AllowDiscount>
      <ItemStatus>1</ItemStatus>
      <ItemId>121894</ItemId>
    </Item>
    <Item>
      <PriceUpdateDate>2025-01-05 14:14:11</PriceUpdateDate>
      <ItemCode>7290017068848</ItemCode>
      <ItemType>1</ItemType>
      <ItemName>קישוט לעוגה צבעוני 1</ItemName>
      <ManufacturerName>מיה</ManufacturerName>
      <ManufactureCountry>ישראל</ManufactureCountry>
      <ManufacturerItemDescription>קישוט לעוגה צבעוני 1</ManufacturerItemDescription>
      <UnitQty>גרמים</UnitQty>
      <Quantity>180.00</Quantity>
      <UnitOfMeasure>100 גרם</UnitOfMeasure>
      <bIsWeighted>0</bIsWeighted>
      <QtyInPackage>לא ידוע</QtyInPackage>
      <ItemPrice>8.00</ItemPrice>
      <UnitOfMeasurePrice>0.0444</UnitOfMeasurePrice>
      <AllowDiscount>1</AllowDiscount>
      <ItemStatus>1</ItemStatus>
      <ItemId>68165</ItemId>
    </Item>
    <Item>
      <PriceUpdateDate>2025-01-05 14:44:31</PriceUpdateDate>
      <ItemCode>7290015193139</ItemCode>
      <ItemType>1</ItemType>
      <ItemName>רוטב צ'ילי מתוק ללא</ItemName>
      <ManufacturerName>תאי פרידה אינדסטרי ב</ManufacturerName>
      <ManufactureCountry>תאילנד</ManufactureCountry>
      <ManufacturerItemDescription>WOK</ManufacturerItemDescription>
      <UnitQty>מיליליטרים</UnitQty>
      <Quantity>300.00</Quantity>
      <UnitOfMeasure>100 מ"ל</UnitOfMeasure>
      <bIsWeighted>0</bIsWeighted>
      <QtyInPackage>לא ידוע</QtyInPackage>
      <ItemPrice>9.00</ItemPrice>
      <UnitOfMeasurePrice>0.0300</UnitOfMeasurePrice>
      <AllowDiscount>1</AllowDiscount>
      <ItemStatus>1</ItemStatus>
      <ItemId>7822</ItemId>
    </Item>
    <Item>
      <PriceUpdateDate>2025-01-05 15:51:27</PriceUpdateDate>
      <ItemCode>5601228115832</ItemCode>
      <ItemType>1</ItemType>
      <ItemName>אורז לסושי קושיהיקאר</ItemName>
      <ManufacturerName>novarroz produtos</ManufacturerName>
      <ManufactureCountry>לא ידוע</ManufactureCountry>
      <ManufacturerItemDescription>אורז לסושי קושיהיקאר</ManufacturerItemDescription>
      <UnitQty>קילוגרמים</UnitQty>
      <Quantity>1.00</Quantity>
      <UnitOfMeasure>ק"ג     </UnitOfMeasure>
      <bIsWeighted>0</bIsWeighted>
      <QtyInPackage>לא ידוע</QtyInPackage>
      <ItemPrice>15.00</ItemPrice>
      <UnitOfMeasurePrice>15.0000</UnitOfMeasurePrice>
      <AllowDiscount>1</AllowDiscount>
      <ItemStatus>1</ItemStatus>
      <ItemId>91448</ItemId>
    </Item>
    <Item>
      <PriceUpdateDate>2025-01-05 15:51:30</PriceUpdateDate>
      <ItemCode>7290016523447</ItemCode>
      <ItemType>1</ItemType>
      <ItemName>אטריות ביצים 300 גרם</ItemName>
      <ManufacturerName>פוג'יאן לונגאי</ManufacturerName>
      <ManufactureCountry>סין</ManufactureCountry>
      <ManufacturerItemDescription>מזרח ומערב</ManufacturerItemDescription>
      <UnitQty>גרמים</UnitQty>
      <Quantity>300.00</Quantity>
      <UnitOfMeasure>100 גרם</UnitOfMeasure>
      <bIsWeighted>0</bIsWeighted>
      <QtyInPackage>לא ידוע</QtyInPackage>
      <ItemPrice>8.00</ItemPrice>
      <UnitOfMeasurePrice>0.0267</UnitOfMeasurePrice>
      <AllowDiscount>1</AllowDiscount>
      <ItemStatus>1</ItemStatus>
      <ItemId>33713</ItemId>
    </Item>
    <Item>
      <PriceUpdateDate>2025-01-05 15:53:02</PriceUpdateDate>
      <ItemCode>7290018823002</ItemCode>
      <ItemType>1</ItemType>
      <ItemName>מלפפון בייבי אורגני</ItemName>
      <ManufacturerName>לא ידוע</ManufacturerName>
      <ManufactureCountry>לא ידוע</ManufactureCountry>
      <ManufacturerItemDescription>מלפפון בייבי אורגני</ManufacturerItemDescription>
      <UnitQty>גרמים</UnitQty>
      <Quantity>250.00</Quantity>
      <UnitOfMeasure>100 גרם</UnitOfMeasure>
      <bIsWeighted>0</bIsWeighted>
      <QtyInPackage>לא ידוע</QtyInPackage>
      <ItemPrice>12.90</ItemPrice>
      <UnitOfMeasurePrice>0.0516</UnitOfMeasurePrice>
      <AllowDiscount>1</AllowDiscount>
      <ItemStatus>1</ItemStatus>
      <ItemId>69863</ItemId>
    </Item>
    <Item>
      <PriceUpdateDate>2025-01-06 08:23:34</PriceUpdateDate>
      <ItemCode>7290010473038</ItemCode>
      <ItemType>1</ItemType>
      <ItemName>מאפה שמרים רוגלך בטע</ItemName>
      <ManufacturerName>לא ידוע</ManufacturerName>
      <ManufactureCountry>כללי</ManufactureCountry>
      <ManufacturerItemDescription>מארז בייגלה רביעייה</ManufacturerItemDescription>
      <UnitQty>גרמים</UnitQty>
      <Quantity>400.00</Quantity>
      <UnitOfMeasure>100 גרם</UnitOfMeasure>
      <bIsWeighted>0</bIsWeighted>
      <QtyInPackage>לא ידוע</QtyInPackage>
      <ItemPrice>11.00</ItemPrice>
      <UnitOfMeasurePrice>0.0275</UnitOfMeasurePrice>
      <AllowDiscount>1</AllowDiscount>
      <ItemStatus>1</ItemStatus>
      <ItemId>20599</ItemId>
    </Item>
    <Item>
      <PriceUpdateDate>2025-01-06 08:23:54</PriceUpdateDate>
      <ItemCode>7290019603566</ItemCode>
      <ItemType>1</ItemType>
      <ItemName>טופי שמחות 700 גרם</ItemName>
      <ManufacturerName>לא ידוע</ManufacturerName>
      <ManufactureCountry>תורכיה</ManufactureCountry>
      <ManufacturerItemDescription>סרוון סקלרמה גידה</ManufacturerItemDescription>
      <UnitQty>גרמים</UnitQty>
      <Quantity>700.00</Quantity>
      <UnitOfMeasure>100 גרם</UnitOfMeasure>
      <bIsWeighted>0</bIsWeighted>
      <QtyInPackage>לא ידוע</QtyInPackage>
      <ItemPrice>22.10</ItemPrice>
      <UnitOfMeasurePrice>0.0316</UnitOfMeasurePrice>
      <AllowDiscount>1</AllowDiscount>
      <ItemStatus>1</ItemStatus>
      <ItemId>122311</ItemId>
    </Item>
    <Item>
      <PriceUpdateDate>2025-01-06 09:12:48</PriceUpdateDate>
      <ItemCode>7290118425816</ItemCode>
      <ItemType>1</ItemType>
      <ItemName>במבה ביסלי בצל מיקס</ItemName>
      <ManufacturerName>IL PL Sderot Osem In</ManufacturerName>
      <ManufactureCountry>ישראל</ManufactureCountry>
      <ManufacturerItemDescription>במבה ביסלי בצל מיקס</ManufacturerItemDescription>
      <UnitQty>גרמים</UnitQty>
      <Quantity>150.00</Quantity>
      <UnitOfMeasure>100 גרם</UnitOfMeasure>
      <bIsWeighted>0</bIsWeighted>
      <QtyInPackage>לא ידוע</QtyInPackage>
      <ItemPrice>9.00</ItemPrice>
      <UnitOfMeasurePrice>0.0600</UnitOfMeasurePrice>
      <AllowDiscount>1</AllowDiscount>
      <ItemStatus>1</ItemStatus>
      <ItemId>124711</ItemId>
    </Item>
    <Item>
      <PriceUpdateDate>2025-01-06 10:35:04</PriceUpdateDate>
      <ItemCode>4009900496247</ItemCode>
      <ItemType>1</ItemType>
      <ItemName>מסטיק אורביט בטעם פי</ItemName>
      <ManufacturerName>ריגלי</ManufacturerName>
      <ManufactureCountry>אנגליה</ManufactureCountry>
      <ManufacturerItemDescription>אורביט</ManufacturerItemDescription>
      <UnitQty>גרמים</UnitQty>
      <Quantity>84.00</Quantity>
      <UnitOfMeasure>100 גרם</UnitOfMeasure>
      <bIsWeighted>0</bIsWeighted>
      <QtyInPackage>לא ידוע</QtyInPackage>
      <ItemPrice>16.00</ItemPrice>
      <UnitOfMeasurePrice>0.1905</UnitOfMeasurePrice>
      <AllowDiscount>1</AllowDiscount>
      <ItemStatus>1</ItemStatus>
      <ItemId>33083</ItemId>
    </Item>
    <Item>
      <PriceUpdateDate>2025-01-06 11:35:22</PriceUpdateDate>
      <ItemCode>4009300522966</ItemCode>
      <ItemType>1</ItemType>
      <ItemName>תה ירוק נענע פומפדור</ItemName>
      <ManufacturerName>TEEKANNE- POMPADOU</ManufacturerName>
      <ManufactureCountry>גרמניה</ManufactureCountry>
      <ManufacturerItemDescription>פומפדור</ManufacturerItemDescription>
      <UnitQty>גרמים</UnitQty>
      <Quantity>30.00</Quantity>
      <UnitOfMeasure>100 גרם</UnitOfMeasure>
      <bIsWeighted>0</bIsWeighted>
      <QtyInPackage>לא ידוע</QtyInPackage>
      <ItemPrice>19.10</ItemPrice>
      <UnitOfMeasurePrice>0.6367</UnitOfMeasurePrice>
      <AllowDiscount>1</AllowDiscount>
      <ItemStatus>1</ItemStatus>
      <ItemId>18059</ItemId>
    </Item>
    <Item>
      <PriceUpdateDate>2025-01-06 15:34:29</PriceUpdateDate>
      <ItemCode>7290000664255</ItemCode>
      <ItemType>1</ItemType>
      <ItemName>סטייק טונה בהירה ללא</ItemName>
      <ManufacturerName>AN HAI FISHERY LIMIT</ManufacturerName>
      <ManufactureCountry>ויטנאם</ManufactureCountry>
      <ManufacturerItemDescription>סטייק טונה בהירה ללא</ManufacturerItemDescription>
      <UnitQty>קילוגרמים</UnitQty>
      <Quantity>1.00</Quantity>
      <UnitOfMeasure>ק"ג</UnitOfMeasure>
      <bIsWeighted>1</bIsWeighted>
      <QtyInPackage>לא ידוע</QtyInPackage>
      <ItemPrice>59.90</ItemPrice>
      <UnitOfMeasurePrice>59.9000</UnitOfMeasurePrice>
      <AllowDiscount>1</AllowDiscount>
      <ItemStatus>1</ItemStatus>
      <ItemId>136814</ItemId>
    </Item>
    <Item>
      <PriceUpdateDate>2025-01-06 15:40:14</PriceUpdateDate>
      <ItemCode>7290111355943</ItemCode>
      <ItemType>1</ItemType>
      <ItemName>בראוניס בטעם וניל עם</ItemName>
      <ManufacturerName>מגדלנס לזארו</ManufacturerName>
      <ManufactureCountry>ספרד</ManufactureCountry>
      <ManufacturerItemDescription>בראוניס בטעם וניל עם</ManufacturerItemDescription>
      <UnitQty>גרמים</UnitQty>
      <Quantity>200.00</Quantity>
      <UnitOfMeasure>100 גרם</UnitOfMeasure>
      <bIsWeighted>0</bIsWeighted>
      <QtyInPackage>לא ידוע</QtyInPackage>
      <ItemPrice>13.00</ItemPrice>
      <UnitOfMeasurePrice>0.0650</UnitOfMeasurePrice>
      <AllowDiscount>1</AllowDiscount>
      <ItemStatus>1</ItemStatus>
      <ItemId>108341</ItemId>
    </Item>
    <Item>
      <PriceUpdateDate>2025-01-06 15:40:15</PriceUpdateDate>
      <ItemCode>7702174068833</ItemCode>
      <ItemType>1</ItemType>
      <ItemName>סוכריות על מקל בטעם</ItemName>
      <ManufacturerName>אלדור</ManufacturerName>
      <ManufactureCountry>אקוודור</ManufactureCountry>
      <ManufacturerItemDescription>יוגטה</ManufacturerItemDescription>
      <UnitQty>גרמים</UnitQty>
      <Quantity>216.00</Quantity>
      <UnitOfMeasure>100 גרם</UnitOfMeasure>
      <bIsWeighted>0</bIsWeighted>
      <QtyInPackage>לא ידוע</QtyInPackage>
      <ItemPrice>9.00</ItemPrice>
      <UnitOfMeasurePrice>0.0417</UnitOfMeasurePrice>
      <AllowDiscount>1</AllowDiscount>
      <ItemStatus>1</ItemStatus>
      <ItemId>11895</ItemId>
    </Item>
    <Item>
      <PriceUpdateDate>2025-01-06 15:40:15</PriceUpdateDate>
      <ItemCode>7702174070201</ItemCode>
      <ItemType>1</ItemType>
      <ItemName>סוכריות על מקל בטעם</ItemName>
      <ManufacturerName>אלדור</ManufacturerName>
      <ManufactureCountry>אקוודור</ManufactureCountry>
      <ManufacturerItemDescription>יוגטה</ManufacturerItemDescription>
      <UnitQty>גרמים</UnitQty>
      <Quantity>216.00</Quantity>
      <UnitOfMeasure>100 גרם</UnitOfMeasure>
      <bIsWeighted>0</bIsWeighted>
      <QtyInPackage>לא ידוע</QtyInPackage>
      <ItemPrice>9.00</ItemPrice>
      <UnitOfMeasurePrice>0.0417</UnitOfMeasurePrice>
      <AllowDiscount>1</AllowDiscount>
      <ItemStatus>1</ItemStatus>
      <ItemId>11898</ItemId>
    </Item>
    <Item>
      <PriceUpdateDate>2025-01-07 06:16:33</PriceUpdateDate>
      <ItemCode>7290006214904</ItemCode>
      <ItemType>1</ItemType>
      <ItemName>תערובת פסגת  הסלט</ItemName>
      <ManufacturerName>לא ידוע</ManufacturerName>
      <ManufactureCountry>לא ידוע</ManufactureCountry>
      <ManufacturerItemDescription>תערובת פסגת  הסלט</ManufacturerItemDescription>
      <UnitQty>קילוגרמים</UnitQty>
      <Quantity>1.00</Quantity>
      <UnitOfMeasure>ק"ג</UnitOfMeasure>
      <bIsWeighted>1</bIsWeighted>
      <QtyInPackage>לא ידוע</QtyInPackage>
      <ItemPrice>70.00</ItemPrice>
      <UnitOfMeasurePrice>70.0000</UnitOfMeasurePrice>
      <AllowDiscount>1</AllowDiscount>
      <ItemStatus>1</ItemStatus>
      <ItemId>57469</ItemId>
    </Item>
    <Item>
      <PriceUpdateDate>2025-01-07 09:35:06</PriceUpdateDate>
      <ItemCode>7290000469638</ItemCode>
      <ItemType>1</ItemType>
      <ItemName>מריטו ספריי לגיהוץ ק</ItemName>
      <ManufacturerName>BOLTON GROUP - MER</ManufacturerName>
      <ManufactureCountry>איטליה</ManufactureCountry>
      <ManufacturerItemDescription>מריטו</ManufacturerItemDescription>
      <UnitQty>מיליליטרים</UnitQty>
      <Quantity>500.00</Quantity>
      <UnitOfMeasure>100 מ"ל</UnitOfMeasure>
      <bIsWeighted>0</bIsWeighted>
      <QtyInPackage>לא ידוע</QtyInPackage>
      <ItemPrice>20.10</ItemPrice>
      <UnitOfMeasurePrice>0.0402</UnitOfMeasurePrice>
      <AllowDiscount>1</AllowDiscount>
      <ItemStatus>1</ItemStatus>
      <ItemId>40911</ItemId>
    </Item>
    <Item>
      <PriceUpdateDate>2025-01-07 10:30:20</PriceUpdateDate>
      <ItemCode>7290112004772</ItemCode>
      <ItemType>1</ItemType>
      <ItemName>מילוי למכשיר חשמלי ב</ItemName>
      <ManufacturerName>RECKITT BENCKISER HU</ManufacturerName>
      <ManufactureCountry>הונגריה</ManufactureCountry>
      <ManufacturerItemDescription>איירויק</ManufacturerItemDescription>
      <UnitQty>מיליליטרים</UnitQty>
      <Quantity>19.00</Quantity>
      <UnitOfMeasure>100 מ"ל</UnitOfMeasure>
      <bIsWeighted>0</bIsWeighted>
      <QtyInPackage>לא ידוע</QtyInPackage>
      <ItemPrice>20.10</ItemPrice>
      <UnitOfMeasurePrice>1.0579</UnitOfMeasurePrice>
      <AllowDiscount>1</AllowDiscount>
      <ItemStatus>1</ItemStatus>
      <ItemId>82920</ItemId>
    </Item>
    <Item>
      <PriceUpdateDate>2025-01-07 10:48:08</PriceUpdateDate>
      <ItemCode>7290010748891</ItemCode>
      <ItemType>1</ItemType>
      <ItemName>קרם גוף ד"ר פישר 700</ItemName>
      <ManufacturerName>ד"ר פישר</ManufacturerName>
      <ManufactureCountry>ישראל</ManufactureCountry>
      <ManufacturerItemDescription>אפקטיב קר</ManufacturerItemDescription>
      <UnitQty>מיליליטרים</UnitQty>
      <Quantity>700.00</Quantity>
      <UnitOfMeasure>100 מ"ל</UnitOfMeasure>
      <bIsWeighted>0</bIsWeighted>
      <QtyInPackage>לא ידוע</QtyInPackage>
      <ItemPrice>30.20</ItemPrice>
      <UnitOfMeasurePrice>0.0431</UnitOfMeasurePrice>
      <AllowDiscount>1</AllowDiscount>
      <ItemStatus>1</ItemStatus>
      <ItemId>12231</ItemId>
    </Item>
    <Item>
      <PriceUpdateDate>2025-01-07 11:08:45</PriceUpdateDate>
      <ItemCode>3574661003924</ItemCode>
      <ItemType>1</ItemType>
      <ItemName>מי פה ליסטרין 500 מ"</ItemName>
      <ManufacturerName>גונסון אנד גונסון</ManufacturerName>
      <ManufactureCountry>איטליה</ManufactureCountry>
      <ManufacturerItemDescription>ליסטרין</ManufacturerItemDescription>
      <UnitQty>מיליליטרים</UnitQty>
      <Quantity>500.00</Quantity>
      <UnitOfMeasure>100 מ"ל</UnitOfMeasure>
      <bIsWeighted>0</bIsWeighted>
      <QtyInPackage>לא ידוע</QtyInPackage>
      <ItemPrice>18.10</ItemPrice>
      <UnitOfMeasurePrice>0.0362</UnitOfMeasurePrice>
      <AllowDiscount>1</AllowDiscount>
      <ItemStatus>1</ItemStatus>
      <ItemId>55093</ItemId>
    </Item>
    <Item>
      <PriceUpdateDate>2025-01-07 11:15:40</PriceUpdateDate>
      <ItemCode>7290000188591</ItemCode>
      <ItemType>1</ItemType>
      <ItemName>מגן תחתון קוטקס יאנג</ItemName>
      <ManufacturerName>KC China</ManufacturerName>
      <ManufactureCountry>סין</ManufactureCountry>
      <ManufacturerItemDescription>קוטקס</ManufacturerItemDescription>
      <UnitQty>יח'</UnitQty>
      <Quantity>58.00</Quantity>
      <UnitOfMeasure>יח'</UnitOfMeasure>
      <bIsWeighted>0</bIsWeighted>
      <QtyInPackage>לא ידוע</QtyInPackage>
      <ItemPrice>18.10</ItemPrice>
      <UnitOfMeasurePrice>0.3121</UnitOfMeasurePrice>
      <AllowDiscount>1</AllowDiscount>
      <ItemStatus>1</ItemStatus>
      <ItemId>39380</ItemId>
    </Item>
    <Item>
      <PriceUpdateDate>2025-01-07 11:45:40</PriceUpdateDate>
      <ItemCode>8001090899194</ItemCode>
      <ItemType>1</ItemType>
      <ItemName>תחבושת אולוויז פלטינ</ItemName>
      <ManufacturerName>פרוקטר אנד גמבל</ManufacturerName>
      <ManufactureCountry>גרמניה</ManufactureCountry>
      <ManufacturerItemDescription>אולוויז</ManufacturerItemDescription>
      <UnitQty>יח</UnitQty>
      <Quantity>24.00</Quantity>
      <UnitOfMeasure>יח</UnitOfMeasure>
      <bIsWeighted>0</bIsWeighted>
      <QtyInPackage>לא ידוע</QtyInPackage>
      <ItemPrice>19.10</ItemPrice>
      <UnitOfMeasurePrice>0.7958</UnitOfMeasurePrice>
      <AllowDiscount>1</AllowDiscount>
      <ItemStatus>1</ItemStatus>
      <ItemId>59438</ItemId>
    </Item>
    <Item>
      <PriceUpdateDate>2025-01-07 11:45:41</PriceUpdateDate>
      <ItemCode>8006540352960</ItemCode>
      <ItemType>1</ItemType>
      <ItemName>טמפונים טמפקס פרל רג</ItemName>
      <ManufacturerName>פרוקטר אנד גמבל</ManufacturerName>
      <ManufactureCountry>הונגריה</ManufactureCountry>
      <ManufacturerItemDescription>Fem Care</ManufacturerItemDescription>
      <UnitQty>יח'</UnitQty>
      <Quantity>20.00</Quantity>
      <UnitOfMeasure>יח'</UnitOfMeasure>
      <bIsWeighted>0</bIsWeighted>
      <QtyInPackage>לא ידוע</QtyInPackage>
      <ItemPrice>20.10</ItemPrice>
      <UnitOfMeasurePrice>1.0050</UnitOfMeasurePrice>
      <AllowDiscount>1</AllowDiscount>
      <ItemStatus>1</ItemStatus>
      <ItemId>69577</ItemId>
    </Item>
    <Item>
      <PriceUpdateDate>2025-01-07 11:46:20</PriceUpdateDate>
      <ItemCode>3616303441166</ItemCode>
      <ItemType>1</ItemType>
      <ItemName>פיוז'ן ספריי גוף דינ</ItemName>
      <ManufacturerName>ז.או.או קלצוב פולין</ManufacturerName>
      <ManufactureCountry>פולין</ManufactureCountry>
      <ManufacturerItemDescription>פיוז'ן ספריי גוף דינ</ManufacturerItemDescription>
      <UnitQty>מיליליטרים</UnitQty>
      <Quantity>150.00</Quantity>
      <UnitOfMeasure>100 מ"ל</UnitOfMeasure>
      <bIsWeighted>0</bIsWeighted>
      <QtyInPackage>לא ידוע</QtyInPackage>
      <ItemPrice>18.10</ItemPrice>
      <UnitOfMeasurePrice>0.1207</UnitOfMeasurePrice>
      <AllowDiscount>1</AllowDiscount>
      <ItemStatus>1</ItemStatus>
      <ItemId>101575</ItemId>
    </Item>
    <Item>
      <PriceUpdateDate>2025-01-07 11:46:53</PriceUpdateDate>
      <ItemCode>3600542431880</ItemCode>
      <ItemType>1</ItemType>
      <ItemName>צבע לשיער בלונד מס'</ItemName>
      <ManufacturerName>קוסמופול</ManufacturerName>
      <ManufactureCountry>פולין</ManufactureCountry>
      <ManufacturerItemDescription>גרנייה</ManufacturerItemDescription>
      <UnitQty>יח'</UnitQty>
      <Quantity>1.00</Quantity>
      <UnitOfMeasure>יח'</UnitOfMeasure>
      <bIsWeighted>0</bIsWeighted>
      <QtyInPackage>לא ידוע</QtyInPackage>
      <ItemPrice>20.10</ItemPrice>
      <UnitOfMeasurePrice>20.1000</UnitOfMeasurePrice>
      <AllowDiscount>1</AllowDiscount>
      <ItemStatus>1</ItemStatus>
      <ItemId>70810</ItemId>
    </Item>
    <Item>
      <PriceUpdateDate>2025-01-07 11:46:56</PriceUpdateDate>
      <ItemCode>5601036205541</ItemCode>
      <ItemType>1</ItemType>
      <ItemName>צבע לשיער אקסלנס קרם</ItemName>
      <ManufacturerName>ליברמו</ManufacturerName>
      <ManufactureCountry>בלגיה</ManufactureCountry>
      <ManufacturerItemDescription>לוריאל אקסלנס</ManufacturerItemDescription>
      <UnitQty>יח'</UnitQty>
      <Quantity>1.00</Quantity>
      <UnitOfMeasure>יח'</UnitOfMeasure>
      <bIsWeighted>0</bIsWeighted>
      <QtyInPackage>לא ידוע</QtyInPackage>
      <ItemPrice>40.20</ItemPrice>
      <UnitOfMeasurePrice>40.2000</UnitOfMeasurePrice>
      <AllowDiscount>1</AllowDiscount>
      <ItemStatus>1</ItemStatus>
      <ItemId>5796</ItemId>
    </Item>
    <Item>
      <PriceUpdateDate>2025-01-07 11:46:57</PriceUpdateDate>
      <ItemCode>5601036205664</ItemCode>
      <ItemType>1</ItemType>
      <ItemName>צבע לשיער אקסלנס קרם</ItemName>
      <ManufacturerName>ליברמו</ManufacturerName>
      <ManufactureCountry>בלגיה</ManufactureCountry>
      <ManufacturerItemDescription>לוריאל אקסלנס</ManufacturerItemDescription>
      <UnitQty>יח'</UnitQty>
      <Quantity>1.00</Quantity>
      <UnitOfMeasure>יח'</UnitOfMeasure>
      <bIsWeighted>0</bIsWeighted>
      <QtyInPackage>לא ידוע</QtyInPackage>
      <ItemPrice>40.20</ItemPrice>
      <UnitOfMeasurePrice>40.2000</UnitOfMeasurePrice>
      <AllowDiscount>1</AllowDiscount>
      <ItemStatus>1</ItemStatus>
      <ItemId>5806</ItemId>
    </Item>
    <Item>
      <PriceUpdateDate>2025-01-07 13:50:34</PriceUpdateDate>
      <ItemCode>7290003258406</ItemCode>
      <ItemType>1</ItemType>
      <ItemName>ווקס לשיער 100 מ"ל</ItemName>
      <ManufacturerName>ארמן</ManufacturerName>
      <ManufactureCountry>ישראל</ManufactureCountry>
      <ManufacturerItemDescription>פנינה רוזנבלום בע'מ</ManufacturerItemDescription>
      <UnitQty>מיליליטרים</UnitQty>
      <Quantity>100.00</Quantity>
      <UnitOfMeasure>100 מ"ל</UnitOfMeasure>
      <bIsWeighted>0</bIsWeighted>
      <QtyInPackage>לא ידוע</QtyInPackage>
      <ItemPrice>19.10</ItemPrice>
      <UnitOfMeasurePrice>0.1910</UnitOfMeasurePrice>
      <AllowDiscount>1</AllowDiscount>
      <ItemStatus>1</ItemStatus>
      <ItemId>40204</ItemId>
    </Item>
    <Item>
      <PriceUpdateDate>2025-01-07 13:50:36</PriceUpdateDate>
      <ItemCode>7290014204010</ItemCode>
      <ItemType>1</ItemType>
      <ItemName>מרכך לשיער צבוע ופגו</ItemName>
      <ManufacturerName>א.ל ארמן</ManufacturerName>
      <ManufactureCountry>ישראל</ManufactureCountry>
      <ManufacturerItemDescription>פנינה רוזנבלום בע'מ</ManufacturerItemDescription>
      <UnitQty>מיליליטרים</UnitQty>
      <Quantity>750.00</Quantity>
      <UnitOfMeasure>100 מ"ל</UnitOfMeasure>
      <bIsWeighted>0</bIsWeighted>
      <QtyInPackage>לא ידוע</QtyInPackage>
      <ItemPrice>11.00</ItemPrice>
      <UnitOfMeasurePrice>0.0147</UnitOfMeasurePrice>
      <AllowDiscount>1</AllowDiscount>
      <ItemStatus>1</ItemStatus>
      <ItemId>14122</ItemId>
    </Item>
    <Item>
      <PriceUpdateDate>2025-01-07 16:17:28</PriceUpdateDate>
      <ItemCode>4045787068252</ItemCode>
      <ItemType>1</ItemType>
      <ItemName>צבע לשיער פרוטאין קו</ItemName>
      <ManufacturerName>שוורצקופף והנקל</ManufacturerName>
      <ManufactureCountry>גרמניה</ManufactureCountry>
      <ManufacturerItemDescription>אינדולה</ManufacturerItemDescription>
      <UnitQty>יח'</UnitQty>
      <Quantity>1.00</Quantity>
      <UnitOfMeasure>יח'</UnitOfMeasure>
      <bIsWeighted>0</bIsWeighted>
      <QtyInPackage>לא ידוע</QtyInPackage>
      <ItemPrice>17.00</ItemPrice>
      <UnitOfMeasurePrice>17.0000</UnitOfMeasurePrice>
      <AllowDiscount>1</AllowDiscount>
      <ItemStatus>1</ItemStatus>
      <ItemId>5135</ItemId>
    </Item>
    <Item>
      <PriceUpdateDate>2025-01-07 16:17:28</PriceUpdateDate>
      <ItemCode>4045787068320</ItemCode>
      <ItemType>1</ItemType>
      <ItemName>צבע לשיער פרוטאין קו</ItemName>
      <ManufacturerName>שוורצקופף והנקל</ManufacturerName>
      <ManufactureCountry>גרמניה</ManufactureCountry>
      <ManufacturerItemDescription>אינדולה</ManufacturerItemDescription>
      <UnitQty>יח'</UnitQty>
      <Quantity>1.00</Quantity>
      <UnitOfMeasure>יח'</UnitOfMeasure>
      <bIsWeighted>0</bIsWeighted>
      <QtyInPackage>לא ידוע</QtyInPackage>
      <ItemPrice>17.00</ItemPrice>
      <UnitOfMeasurePrice>17.0000</UnitOfMeasurePrice>
      <AllowDiscount>1</AllowDiscount>
      <ItemStatus>1</ItemStatus>
      <ItemId>5140</ItemId>
    </Item>
    <Item>
      <PriceUpdateDate>2025-01-07 16:17:32</PriceUpdateDate>
      <ItemCode>7290117860540</ItemCode>
      <ItemType>1</ItemType>
      <ItemName>שמפו עדין לילדים</ItemName>
      <ManufacturerName>טרופיקל גליל בע"מ</ManufacturerName>
      <ManufactureCountry>ישראל</ManufactureCountry>
      <ManufacturerItemDescription>שמפו עדין לילדים</ManufacturerItemDescription>
      <UnitQty>מיליליטרים</UnitQty>
      <Quantity>650.00</Quantity>
      <UnitOfMeasure>100 מ"ל</UnitOfMeasure>
      <bIsWeighted>0</bIsWeighted>
      <QtyInPackage>לא ידוע</QtyInPackage>
      <ItemPrice>14.00</ItemPrice>
      <UnitOfMeasurePrice>0.0215</UnitOfMeasurePrice>
      <AllowDiscount>1</AllowDiscount>
      <ItemStatus>1</ItemStatus>
      <ItemId>86851</ItemId>
    </Item>
    <Item>
      <PriceUpdateDate>2025-01-07 16:17:32</PriceUpdateDate>
      <ItemCode>7290117860595</ItemCode>
      <ItemType>1</ItemType>
      <ItemName>מרכך מתיר קשרים לילד</ItemName>
      <ManufacturerName>טרופיקל גליל בע"מ</ManufacturerName>
      <ManufactureCountry>ישראל</ManufactureCountry>
      <ManufacturerItemDescription>מרכך מתיר קשרים לילד</ManufacturerItemDescription>
      <UnitQty>מיליליטרים</UnitQty>
      <Quantity>650.00</Quantity>
      <UnitOfMeasure>100 מ"ל</UnitOfMeasure>
      <bIsWeighted>0</bIsWeighted>
      <QtyInPackage>לא ידוע</QtyInPackage>
      <ItemPrice>14.00</ItemPrice>
      <UnitOfMeasurePrice>0.0215</UnitOfMeasurePrice>
      <AllowDiscount>1</AllowDiscount>
      <ItemStatus>1</ItemStatus>
      <ItemId>86858</ItemId>
    </Item>
    <Item>
      <PriceUpdateDate>2025-01-07 16:18:10</PriceUpdateDate>
      <ItemCode>7290117381489</ItemCode>
      <ItemType>1</ItemType>
      <ItemName>קולגייט מברשת ילדים</ItemName>
      <ManufacturerName>CP- China-SH</ManufacturerName>
      <ManufactureCountry>סין</ManufactureCountry>
      <ManufacturerItemDescription>קולגייט</ManufacturerItemDescription>
      <UnitQty>יח'</UnitQty>
      <Quantity>1.00</Quantity>
      <UnitOfMeasure>יח'</UnitOfMeasure>
      <bIsWeighted>0</bIsWeighted>
      <QtyInPackage>לא ידוע</QtyInPackage>
      <ItemPrice>10.00</ItemPrice>
      <UnitOfMeasurePrice>10.0000</UnitOfMeasurePrice>
      <AllowDiscount>1</AllowDiscount>
      <ItemStatus>1</ItemStatus>
      <ItemId>107024</ItemId>
    </Item>
    <Item>
      <PriceUpdateDate>2025-01-07 16:59:29</PriceUpdateDate>
      <ItemCode>8720181058004</ItemCode>
      <ItemType>1</ItemType>
      <ItemName>דאודורנט ספריי דרק ט</ItemName>
      <ManufacturerName>יוניליוור גרמניה (בו</ManufacturerName>
      <ManufactureCountry>גרמניה</ManufactureCountry>
      <ManufacturerItemDescription>אקס</ManufacturerItemDescription>
      <UnitQty>מיליליטרים</UnitQty>
      <Quantity>150.00</Quantity>
      <UnitOfMeasure>100 מ"ל</UnitOfMeasure>
      <bIsWeighted>0</bIsWeighted>
      <QtyInPackage>לא ידוע</QtyInPackage>
      <ItemPrice>18.10</ItemPrice>
      <UnitOfMeasurePrice>0.1207</UnitOfMeasurePrice>
      <AllowDiscount>1</AllowDiscount>
      <ItemStatus>1</ItemStatus>
      <ItemId>93655</ItemId>
    </Item>
    <Item>
      <PriceUpdateDate>2025-01-08 08:41:49</PriceUpdateDate>
      <ItemCode>7290000197012</ItemCode>
      <ItemType>1</ItemType>
      <ItemName>שקיות ריץ רץ קטנות ע</ItemName>
      <ManufacturerName>קילת</ManufacturerName>
      <ManufactureCountry>ישראל</ManufactureCountry>
      <ManufacturerItemDescription>ניקול</ManufacturerItemDescription>
      <UnitQty>יח'</UnitQty>
      <Quantity>15.00</Quantity>
      <UnitOfMeasure>יח'</UnitOfMeasure>
      <bIsWeighted>0</bIsWeighted>
      <QtyInPackage>לא ידוע</QtyInPackage>
      <ItemPrice>13.00</ItemPrice>
      <UnitOfMeasurePrice>0.8667</UnitOfMeasurePrice>
      <AllowDiscount>1</AllowDiscount>
      <ItemStatus>1</ItemStatus>
      <ItemId>35367</ItemId>
    </Item>
    <Item>
      <PriceUpdateDate>2025-01-08 10:20:39</PriceUpdateDate>
      <ItemCode>7290000679099</ItemCode>
      <ItemType>1</ItemType>
      <ItemName>שמפו ותחליב רחצה spo</ItemName>
      <ManufacturerName>דר פישר</ManufacturerName>
      <ManufactureCountry>ישראל</ManufactureCountry>
      <ManufacturerItemDescription>דר פישר</ManufacturerItemDescription>
      <UnitQty>מיליליטרים</UnitQty>
      <Quantity>700.00</Quantity>
      <UnitOfMeasure>100 מ"ל</UnitOfMeasure>
      <bIsWeighted>0</bIsWeighted>
      <QtyInPackage>לא ידוע</QtyInPackage>
      <ItemPrice>18.10</ItemPrice>
      <UnitOfMeasurePrice>0.0259</UnitOfMeasurePrice>
      <AllowDiscount>1</AllowDiscount>
      <ItemStatus>1</ItemStatus>
      <ItemId>125465</ItemId>
    </Item>
    <Item>
      <PriceUpdateDate>2025-01-08 11:55:04</PriceUpdateDate>
      <ItemCode>7290117860380</ItemCode>
      <ItemType>1</ItemType>
      <ItemName>תחליב רחצה יוגורט בנ</ItemName>
      <ManufacturerName>טרופיקל גליל בע"מ</ManufacturerName>
      <ManufactureCountry>ישראל</ManufactureCountry>
      <ManufacturerItemDescription>תחליב רחצה יוגורט בנ</ManufacturerItemDescription>
      <UnitQty>מיליליטרים</UnitQty>
      <Quantity>650.00</Quantity>
      <UnitOfMeasure>100 מ"ל</UnitOfMeasure>
      <bIsWeighted>0</bIsWeighted>
      <QtyInPackage>לא ידוע</QtyInPackage>
      <ItemPrice>14.00</ItemPrice>
      <UnitOfMeasurePrice>0.0215</UnitOfMeasurePrice>
      <AllowDiscount>1</AllowDiscount>
      <ItemStatus>1</ItemStatus>
      <ItemId>86868</ItemId>
    </Item>
    <Item>
      <PriceUpdateDate>2025-01-08 11:55:04</PriceUpdateDate>
      <ItemCode>7290117860946</ItemCode>
      <ItemType>1</ItemType>
      <ItemName>תחליב רחצה יוגורט בנ</ItemName>
      <ManufacturerName>טרופיקל גליל בע"מ</ManufacturerName>
      <ManufactureCountry>ישראל</ManufactureCountry>
      <ManufacturerItemDescription>תחליב רחצה יוגורט בנ</ManufacturerItemDescription>
      <UnitQty>מיליליטרים</UnitQty>
      <Quantity>650.00</Quantity>
      <UnitOfMeasure>100 מ"ל</UnitOfMeasure>
      <bIsWeighted>0</bIsWeighted>
      <QtyInPackage>לא ידוע</QtyInPackage>
      <ItemPrice>14.00</ItemPrice>
      <UnitOfMeasurePrice>0.0215</UnitOfMeasurePrice>
      <AllowDiscount>1</AllowDiscount>
      <ItemStatus>1</ItemStatus>
      <ItemId>86870</ItemId>
    </Item>
    <Item>
      <PriceUpdateDate>2025-01-08 17:25:11</PriceUpdateDate>
      <ItemCode>835811004455</ItemCode>
      <ItemType>1</ItemType>
      <ItemName>קש מנייר 125 יח'</ItemName>
      <ManufacturerName>הנמל</ManufacturerName>
      <ManufactureCountry>לא ידוע</ManufactureCountry>
      <ManufacturerItemDescription>קש מנייר 125 יח'</ManufacturerItemDescription>
      <UnitQty>יח'</UnitQty>
      <Quantity>1.00</Quantity>
      <UnitOfMeasure>יח'</UnitOfMeasure>
      <bIsWeighted>0</bIsWeighted>
      <QtyInPackage>לא ידוע</QtyInPackage>
      <ItemPrice>9.00</ItemPrice>
      <UnitOfMeasurePrice>9.0000</UnitOfMeasurePrice>
      <AllowDiscount>1</AllowDiscount>
      <ItemStatus>1</ItemStatus>
      <ItemId>68670</ItemId>
    </Item>
    <Item>
      <PriceUpdateDate>2025-01-08 17:25:31</PriceUpdateDate>
      <ItemCode>7290117031780</ItemCode>
      <ItemType>1</ItemType>
      <ItemName>צלחת בינוני חושן שקו</ItemName>
      <ManufacturerName>לא ידוע</ManufacturerName>
      <ManufactureCountry>לא ידוע</ManufactureCountry>
      <ManufacturerItemDescription>צלחת בינוני חושן שקו</ManufacturerItemDescription>
      <UnitQty>יח'</UnitQty>
      <Quantity>8.00</Quantity>
      <UnitOfMeasure>יח'</UnitOfMeasure>
      <bIsWeighted>0</bIsWeighted>
      <QtyInPackage>לא ידוע</QtyInPackage>
      <ItemPrice>6.00</ItemPrice>
      <UnitOfMeasurePrice>0.7500</UnitOfMeasurePrice>
      <AllowDiscount>1</AllowDiscount>
      <ItemStatus>1</ItemStatus>
      <ItemId>84240</ItemId>
    </Item>
    <Item>
      <PriceUpdateDate>2025-01-09 14:26:30</PriceUpdateDate>
      <ItemCode>3760151013287</ItemCode>
      <ItemType>1</ItemType>
      <ItemName>עוגיות סובין שיבולת</ItemName>
      <ManufacturerName>לא ידוע</ManufacturerName>
      <ManufactureCountry>צרפת</ManufactureCountry>
      <ManufacturerItemDescription>עוגיות סובין שיבולת</ManufacturerItemDescription>
      <UnitQty>גרמים</UnitQty>
      <Quantity>160.00</Quantity>
      <UnitOfMeasure>100 גרם</UnitOfMeasure>
      <bIsWeighted>0</bIsWeighted>
      <QtyInPackage>לא ידוע</QtyInPackage>
      <ItemPrice>24.90</ItemPrice>
      <UnitOfMeasurePrice>0.1556</UnitOfMeasurePrice>
      <AllowDiscount>1</AllowDiscount>
      <ItemStatus>1</ItemStatus>
      <ItemId>136974</ItemId>
    </Item>
    <Item>
      <PriceUpdateDate>2025-01-09 14:27:06</PriceUpdateDate>
      <ItemCode>7290010032280</ItemCode>
      <ItemType>1</ItemType>
      <ItemName>דבש 1 ק"ג אורוגוואי</ItemName>
      <ManufacturerName>לא ידוע</ManufacturerName>
      <ManufactureCountry>ישראל</ManufactureCountry>
      <ManufacturerItemDescription>דבש 1 ק"ג אורוגוואי</ManufacturerItemDescription>
      <UnitQty>קילוגרמים</UnitQty>
      <Quantity>1.00</Quantity>
      <UnitOfMeasure>ק"ג     </UnitOfMeasure>
      <bIsWeighted>0</bIsWeighted>
      <QtyInPackage>לא ידוע</QtyInPackage>
      <ItemPrice>58.90</ItemPrice>
      <UnitOfMeasurePrice>58.9000</UnitOfMeasurePrice>
      <AllowDiscount>1</AllowDiscount>
      <ItemStatus>1</ItemStatus>
      <ItemId>136986</ItemId>
    </Item>
    <Item>
      <PriceUpdateDate>2025-01-20 06:43:28</PriceUpdateDate>
      <ItemCode>7290116789248</ItemCode>
      <ItemType>1</ItemType>
      <ItemName>ארגז פלסטיק מתקפל 7</ItemName>
      <ManufacturerName>לא ידוע</ManufacturerName>
      <ManufactureCountry>לא ידוע</ManufactureCountry>
      <ManufacturerItemDescription>ארגז פלסטיק מתקפל 7</ManufacturerItemDescription>
      <UnitQty>יח'</UnitQty>
      <Quantity>1.00</Quantity>
      <UnitOfMeasure>יח'</UnitOfMeasure>
      <bIsWeighted>0</bIsWeighted>
      <QtyInPackage>לא ידוע</QtyInPackage>
      <ItemPrice>17.90</ItemPrice>
      <UnitOfMeasurePrice>17.9000</UnitOfMeasurePrice>
      <AllowDiscount>1</AllowDiscount>
      <ItemStatus>1</ItemStatus>
      <ItemId>137686</ItemId>
    </Item>
    <Item>
      <PriceUpdateDate>2025-01-20 12:13:43</PriceUpdateDate>
      <ItemCode>7613035809109</ItemCode>
      <ItemType>1</ItemType>
      <ItemName>פרפקטו רוטב עגבניות</ItemName>
      <ManufacturerName>נסטלה ספרד</ManufacturerName>
      <ManufactureCountry>ספרד</ManufactureCountry>
      <ManufacturerItemDescription>פרפקטו</ManufacturerItemDescription>
      <UnitQty>גרמים</UnitQty>
      <Quantity>400.00</Quantity>
      <UnitOfMeasure>100 גרם</UnitOfMeasure>
      <bIsWeighted>0</bIsWeighted>
      <QtyInPackage>לא ידוע</QtyInPackage>
      <ItemPrice>11.90</ItemPrice>
      <UnitOfMeasurePrice>0.0298</UnitOfMeasurePrice>
      <AllowDiscount>1</AllowDiscount>
      <ItemStatus>1</ItemStatus>
      <ItemId>29498</ItemId>
    </Item>
    <Item>
      <PriceUpdateDate>2025-01-20 12:13:43</PriceUpdateDate>
      <ItemCode>7613035809857</ItemCode>
      <ItemType>1</ItemType>
      <ItemName>פרפקטו רוטב עגבניות</ItemName>
      <ManufacturerName>נסטלה ספרד</ManufacturerName>
      <ManufactureCountry>ספרד</ManufactureCountry>
      <ManufacturerItemDescription>פרפקטו</ManufacturerItemDescription>
      <UnitQty>גרמים</UnitQty>
      <Quantity>400.00</Quantity>
      <UnitOfMeasure>100 גרם</UnitOfMeasure>
      <bIsWeighted>0</bIsWeighted>
      <QtyInPackage>לא ידוע</QtyInPackage>
      <ItemPrice>11.90</ItemPrice>
      <UnitOfMeasurePrice>0.0298</UnitOfMeasurePrice>
      <AllowDiscount>1</AllowDiscount>
      <ItemStatus>1</ItemStatus>
      <ItemId>29500</ItemId>
    </Item>
    <Item>
      <PriceUpdateDate>2025-01-20 12:13:43</PriceUpdateDate>
      <ItemCode>7613036520492</ItemCode>
      <ItemType>1</ItemType>
      <ItemName>פרפקטו רוטב עגבניות</ItemName>
      <ManufacturerName>נסטלה ספרד</ManufacturerName>
      <ManufactureCountry>ספרד</ManufactureCountry>
      <ManufacturerItemDescription>פרפקטו</ManufacturerItemDescription>
      <UnitQty>גרמים</UnitQty>
      <Quantity>400.00</Quantity>
      <UnitOfMeasure>100 גרם</UnitOfMeasure>
      <bIsWeighted>0</bIsWeighted>
      <QtyInPackage>לא ידוע</QtyInPackage>
      <ItemPrice>11.90</ItemPrice>
      <UnitOfMeasurePrice>0.0298</UnitOfMeasurePrice>
      <AllowDiscount>1</AllowDiscount>
      <ItemStatus>1</ItemStatus>
      <ItemId>36607</ItemId>
    </Item>
    <Item>
      <PriceUpdateDate>2025-01-26 12:53:02</PriceUpdateDate>
      <ItemCode>7290019997153</ItemCode>
      <ItemType>1</ItemType>
      <ItemName>מלפפונים בחומץ 13-17</ItemName>
      <ManufacturerName>בית השיטה עסיס תעשיו</ManufacturerName>
      <ManufactureCountry>ישראל</ManufactureCountry>
      <ManufacturerItemDescription>מלפפונים בחומץ 13-17</ManufacturerItemDescription>
      <UnitQty>גרמים</UnitQty>
      <Quantity>560.00</Quantity>
      <UnitOfMeasure>100 גרם</UnitOfMeasure>
      <bIsWeighted>0</bIsWeighted>
      <QtyInPackage>לא ידוע</QtyInPackage>
      <ItemPrice>9.50</ItemPrice>
      <UnitOfMeasurePrice>0.0170</UnitOfMeasurePrice>
      <AllowDiscount>1</AllowDiscount>
      <ItemStatus>1</ItemStatus>
      <ItemId>130528</ItemId>
    </Item>
    <Item>
      <PriceUpdateDate>2025-02-03 11:46:29</PriceUpdateDate>
      <ItemCode>7290000484747</ItemCode>
      <ItemType>1</ItemType>
      <ItemName>עראק עלית 700 מ"ל</ItemName>
      <ManufacturerName>לא ידוע</ManufacturerName>
      <ManufactureCountry>כללי</ManufactureCountry>
      <ManufacturerItemDescription>עראק עלית</ManufacturerItemDescription>
      <UnitQty>מיליליטרים</UnitQty>
      <Quantity>700.00</Quantity>
      <UnitOfMeasure>100 מ"ל</UnitOfMeasure>
      <bIsWeighted>0</bIsWeighted>
      <QtyInPackage>לא ידוע</QtyInPackage>
      <ItemPrice>62.90</ItemPrice>
      <UnitOfMeasurePrice>0.0899</UnitOfMeasurePrice>
      <AllowDiscount>1</AllowDiscount>
      <ItemStatus>1</ItemStatus>
      <ItemId>39705</ItemId>
    </Item>
    <Item>
      <PriceUpdateDate>2025-02-05 15:57:17</PriceUpdateDate>
      <ItemCode>42138129</ItemCode>
      <ItemType>1</ItemType>
      <ItemName>וינסטון סופר סלימס מ</ItemName>
      <ManufacturerName>לא ידוע</ManufacturerName>
      <ManufactureCountry>כללי</ManufactureCountry>
      <ManufacturerItemDescription>וינסטון סופר סלימס מנטול</ManufacturerItemDescription>
      <UnitQty>יח'</UnitQty>
      <Quantity>1.00</Quantity>
      <UnitOfMeasure>יח'</UnitOfMeasure>
      <bIsWeighted>0</bIsWeighted>
      <QtyInPackage>לא ידוע</QtyInPackage>
      <ItemPrice>42.00</ItemPrice>
      <UnitOfMeasurePrice>42.0000</UnitOfMeasurePrice>
      <AllowDiscount>1</AllowDiscount>
      <ItemStatus>1</ItemStatus>
      <ItemId>138575</ItemId>
    </Item>
    <Item>
      <PriceUpdateDate>2025-02-11 12:28:23</PriceUpdateDate>
      <ItemCode>5201583084035</ItemCode>
      <ItemType>1</ItemType>
      <ItemName>סוכריות 4 טעמים לל"ס</ItemName>
      <ManufacturerName>לא ידוע</ManufacturerName>
      <ManufactureCountry>יוון</ManufactureCountry>
      <ManufacturerItemDescription>סוכריות 4 טעמים לל"ס</ManufacturerItemDescription>
      <UnitQty>גרמים</UnitQty>
      <Quantity>150.00</Quantity>
      <UnitOfMeasure>100 גרם</UnitOfMeasure>
      <bIsWeighted>0</bIsWeighted>
      <QtyInPackage>לא ידוע</QtyInPackage>
      <ItemPrice>14.90</ItemPrice>
      <UnitOfMeasurePrice>0.0993</UnitOfMeasurePrice>
      <AllowDiscount>1</AllowDiscount>
      <ItemStatus>1</ItemStatus>
      <ItemId>138854</ItemId>
    </Item>
    <Item>
      <PriceUpdateDate>2025-02-13 06:25:53</PriceUpdateDate>
      <ItemCode>7296021133626</ItemCode>
      <ItemType>1</ItemType>
      <ItemName>כף מסננת קטנה</ItemName>
      <ManufacturerName>לא ידוע</ManufacturerName>
      <ManufactureCountry>לא ידוע</ManufactureCountry>
      <ManufacturerItemDescription>כף מסננת קטנה</ManufacturerItemDescription>
      <UnitQty>יח'</UnitQty>
      <Quantity>1.00</Quantity>
      <UnitOfMeasure>יח'</UnitOfMeasure>
      <bIsWeighted>0</bIsWeighted>
      <QtyInPackage>לא ידוע</QtyInPackage>
      <ItemPrice>12.90</ItemPrice>
      <UnitOfMeasurePrice>12.9000</UnitOfMeasurePrice>
      <AllowDiscount>1</AllowDiscount>
      <ItemStatus>1</ItemStatus>
      <ItemId>31237</ItemId>
    </Item>
    <Item>
      <PriceUpdateDate>2025-02-17 06:49:48</PriceUpdateDate>
      <ItemCode>3600542399340</ItemCode>
      <ItemType>1</ItemType>
      <ItemName>דאו רול הילארונית 50</ItemName>
      <ManufacturerName>soprocos, st quentin</ManufacturerName>
      <ManufactureCountry>צרפת</ManufactureCountry>
      <ManufacturerItemDescription>גרנייה</ManufacturerItemDescription>
      <UnitQty>מיליליטרים</UnitQty>
      <Quantity>50.00</Quantity>
      <UnitOfMeasure>100 מ"ל</UnitOfMeasure>
      <bIsWeighted>0</bIsWeighted>
      <QtyInPackage>לא ידוע</QtyInPackage>
      <ItemPrice>13.90</ItemPrice>
      <UnitOfMeasurePrice>0.2780</UnitOfMeasurePrice>
      <AllowDiscount>1</AllowDiscount>
      <ItemStatus>1</ItemStatus>
      <ItemId>110690</ItemId>
    </Item>
    <Item>
      <PriceUpdateDate>2025-02-17 13:51:50</PriceUpdateDate>
      <ItemCode>4011800528416</ItemCode>
      <ItemType>1</ItemType>
      <ItemName>חטיף דגנים עם בוטנים</ItemName>
      <ManufacturerName>Schwartauer</ManufacturerName>
      <ManufactureCountry>גרמניה</ManufactureCountry>
      <ManufacturerItemDescription>קורני</ManufacturerItemDescription>
      <UnitQty>גרמים</UnitQty>
      <Quantity>150.00</Quantity>
      <UnitOfMeasure>100 גרם</UnitOfMeasure>
      <bIsWeighted>0</bIsWeighted>
      <QtyInPackage>לא ידוע</QtyInPackage>
      <ItemPrice>15.90</ItemPrice>
      <UnitOfMeasurePrice>0.1060</UnitOfMeasurePrice>
      <AllowDiscount>1</AllowDiscount>
      <ItemStatus>1</ItemStatus>
      <ItemId>60395</ItemId>
    </Item>
    <Item>
      <PriceUpdateDate>2025-02-23 11:21:06</PriceUpdateDate>
      <ItemCode>4005900494924</ItemCode>
      <ItemType>1</ItemType>
      <ItemName>ניוואה דאו ספריי דרי</ItemName>
      <ManufacturerName>ביירסדורף</ManufacturerName>
      <ManufactureCountry>גרמניה</ManufactureCountry>
      <ManufacturerItemDescription>ניוואה</ManufacturerItemDescription>
      <UnitQty>מיליליטרים</UnitQty>
      <Quantity>150.00</Quantity>
      <UnitOfMeasure>100 מ"ל</UnitOfMeasure>
      <bIsWeighted>0</bIsWeighted>
      <QtyInPackage>לא ידוע</QtyInPackage>
      <ItemPrice>15.90</ItemPrice>
      <UnitOfMeasurePrice>0.1060</UnitOfMeasurePrice>
      <AllowDiscount>1</AllowDiscount>
      <ItemStatus>1</ItemStatus>
      <ItemId>58005</ItemId>
    </Item>
    <Item>
      <PriceUpdateDate>2025-03-02 11:32:44</PriceUpdateDate>
      <ItemCode>7290112199027</ItemCode>
      <ItemType>1</ItemType>
      <ItemName>רוטב צ'ילי מתוק טרו</ItemName>
      <ManufacturerName>באקו</ManufacturerName>
      <ManufactureCountry>תאילנד</ManufactureCountry>
      <ManufacturerItemDescription>רוטב צ'ילי מתוק טרו</ManufacturerItemDescription>
      <UnitQty>גרמים</UnitQty>
      <Quantity>575.00</Quantity>
      <UnitOfMeasure>100 גרם</UnitOfMeasure>
      <bIsWeighted>0</bIsWeighted>
      <QtyInPackage>לא ידוע</QtyInPackage>
      <ItemPrice>16.00</ItemPrice>
      <UnitOfMeasurePrice>0.0278</UnitOfMeasurePrice>
      <AllowDiscount>1</AllowDiscount>
      <ItemStatus>1</ItemStatus>
      <ItemId>87845</ItemId>
    </Item>
    <Item>
      <PriceUpdateDate>2025-03-02 11:34:29</PriceUpdateDate>
      <ItemCode>7290115190595</ItemCode>
      <ItemType>1</ItemType>
      <ItemName>נקסט אוריג'ינל בודד</ItemName>
      <ManufacturerName>לא ידוע</ManufacturerName>
      <ManufactureCountry>לא ידוע</ManufactureCountry>
      <ManufacturerItemDescription>נקסט אוריג'ינל בודד</ManufacturerItemDescription>
      <UnitQty>יחידה   </UnitQty>
      <Quantity>0.00</Quantity>
      <UnitOfMeasure>יחידה   </UnitOfMeasure>
      <bIsWeighted>0</bIsWeighted>
      <QtyInPackage>לא ידוע</QtyInPackage>
      <ItemPrice>36.00</ItemPrice>
      <UnitOfMeasurePrice>0.0000</UnitOfMeasurePrice>
      <AllowDiscount>1</AllowDiscount>
      <ItemStatus>1</ItemStatus>
      <ItemId>122149</ItemId>
    </Item>
    <Item>
      <PriceUpdateDate>2025-03-07 06:29:43</PriceUpdateDate>
      <ItemCode>7290019932413</ItemCode>
      <ItemType>1</ItemType>
      <ItemName>פרוסות מלפפונים אורג</ItemName>
      <ManufacturerName>לא ידוע</ManufacturerName>
      <ManufactureCountry>פולין</ManufactureCountry>
      <ManufacturerItemDescription>פרוסות מלפפונים אורג</ManufacturerItemDescription>
      <UnitQty>גרמים</UnitQty>
      <Quantity>680.00</Quantity>
      <UnitOfMeasure>100 גרם</UnitOfMeasure>
      <bIsWeighted>0</bIsWeighted>
      <QtyInPackage>לא ידוע</QtyInPackage>
      <ItemPrice>19.90</ItemPrice>
      <UnitOfMeasurePrice>0.0293</UnitOfMeasurePrice>
      <AllowDiscount>1</AllowDiscount>
      <ItemStatus>1</ItemStatus>
      <ItemId>140081</ItemId>
    </Item>
    <Item>
      <PriceUpdateDate>2025-03-18 06:42:34</PriceUpdateDate>
      <ItemCode>4770237050432</ItemCode>
      <ItemType>1</ItemType>
      <ItemName>גלידה שוקולד פלומביר</ItemName>
      <ManufacturerName>פיאנו זיואיגזדס</ManufacturerName>
      <ManufactureCountry>לטביה</ManufactureCountry>
      <ManufacturerItemDescription>גלידה שוקולד פלומביר</ManufacturerItemDescription>
      <UnitQty>גרמים</UnitQty>
      <Quantity>70.00</Quantity>
      <UnitOfMeasure>100 גרם</UnitOfMeasure>
      <bIsWeighted>0</bIsWeighted>
      <QtyInPackage>לא ידוע</QtyInPackage>
      <ItemPrice>6.90</ItemPrice>
      <UnitOfMeasurePrice>0.0986</UnitOfMeasurePrice>
      <AllowDiscount>1</AllowDiscount>
      <ItemStatus>1</ItemStatus>
      <ItemId>37481</ItemId>
    </Item>
    <Item>
      <PriceUpdateDate>2025-03-18 06:42:35</PriceUpdateDate>
      <ItemCode>4810168037888</ItemCode>
      <ItemType>1</ItemType>
      <ItemName>גלידה פלומביר אסקימו</ItemName>
      <ManufacturerName>Santa Bremor</ManufacturerName>
      <ManufactureCountry>בלרוס</ManufactureCountry>
      <ManufacturerItemDescription>גלידה פלומביר אסקימו</ManufacturerItemDescription>
      <UnitQty>גרמים</UnitQty>
      <Quantity>65.00</Quantity>
      <UnitOfMeasure>100 גרם</UnitOfMeasure>
      <bIsWeighted>0</bIsWeighted>
      <QtyInPackage>לא ידוע</QtyInPackage>
      <ItemPrice>6.90</ItemPrice>
      <UnitOfMeasurePrice>0.1062</UnitOfMeasurePrice>
      <AllowDiscount>1</AllowDiscount>
      <ItemStatus>1</ItemStatus>
      <ItemId>53746</ItemId>
    </Item>
    <Item>
      <PriceUpdateDate>2025-03-18 06:42:35</PriceUpdateDate>
      <ItemCode>4810168045432</ItemCode>
      <ItemType>1</ItemType>
      <ItemName>גלידה טרופל אסקימו י</ItemName>
      <ManufacturerName>Santa Bremor</ManufacturerName>
      <ManufactureCountry>בלרוס</ManufactureCountry>
      <ManufacturerItemDescription>גלידה טרופל אסקימו י</ManufacturerItemDescription>
      <UnitQty>גרמים</UnitQty>
      <Quantity>65.00</Quantity>
      <UnitOfMeasure>100 גרם</UnitOfMeasure>
      <bIsWeighted>0</bIsWeighted>
      <QtyInPackage>לא ידוע</QtyInPackage>
      <ItemPrice>6.90</ItemPrice>
      <UnitOfMeasurePrice>0.1062</UnitOfMeasurePrice>
      <AllowDiscount>1</AllowDiscount>
      <ItemStatus>1</ItemStatus>
      <ItemId>54608</ItemId>
    </Item>
    <Item>
      <PriceUpdateDate>2025-03-27 15:26:20</PriceUpdateDate>
      <ItemCode>6928800021114</ItemCode>
      <ItemType>1</ItemType>
      <ItemName>רחפן ספינר</ItemName>
      <ManufacturerName>לא ידוע</ManufacturerName>
      <ManufactureCountry>לא ידוע</ManufactureCountry>
      <ManufacturerItemDescription>רחפן ספינר</ManufacturerItemDescription>
      <UnitQty>יח'</UnitQty>
      <Quantity>1.00</Quantity>
      <UnitOfMeasure>יח'</UnitOfMeasure>
      <bIsWeighted>0</bIsWeighted>
      <QtyInPackage>לא ידוע</QtyInPackage>
      <ItemPrice>39.90</ItemPrice>
      <UnitOfMeasurePrice>39.9000</UnitOfMeasurePrice>
      <AllowDiscount>1</AllowDiscount>
      <ItemStatus>1</ItemStatus>
      <ItemId>141321</ItemId>
    </Item>
    <Item>
      <PriceUpdateDate>2025-03-31 06:54:57</PriceUpdateDate>
      <ItemCode>6937893229895</ItemCode>
      <ItemType>1</ItemType>
      <ItemName>תשעה סכיני סטייק ARC</ItemName>
      <ManufacturerName>לא ידוע</ManufacturerName>
      <ManufactureCountry>לא ידוע</ManufactureCountry>
      <ManufacturerItemDescription>תשעה סכיני סטייק ARC</ManufacturerItemDescription>
      <UnitQty>יח'</UnitQty>
      <Quantity>1.00</Quantity>
      <UnitOfMeasure>יח'</UnitOfMeasure>
      <bIsWeighted>0</bIsWeighted>
      <QtyInPackage>לא ידוע</QtyInPackage>
      <ItemPrice>24.90</ItemPrice>
      <UnitOfMeasurePrice>24.9000</UnitOfMeasurePrice>
      <AllowDiscount>1</AllowDiscount>
      <ItemStatus>1</ItemStatus>
      <ItemId>133443</ItemId>
    </Item>
    <Item>
      <PriceUpdateDate>2025-03-31 06:55:07</PriceUpdateDate>
      <ItemCode>7290116788876</ItemCode>
      <ItemType>1</ItemType>
      <ItemName>סל רשת מרובע + ידית</ItemName>
      <ManufacturerName>לא ידוע</ManufacturerName>
      <ManufactureCountry>לא ידוע</ManufactureCountry>
      <ManufacturerItemDescription>סל רשת מרובע + ידית</ManufacturerItemDescription>
      <UnitQty>יח'</UnitQty>
      <Quantity>1.00</Quantity>
      <UnitOfMeasure>יח'</UnitOfMeasure>
      <bIsWeighted>0</bIsWeighted>
      <QtyInPackage>לא ידוע</QtyInPackage>
      <ItemPrice>34.90</ItemPrice>
      <UnitOfMeasurePrice>34.9000</UnitOfMeasurePrice>
      <AllowDiscount>1</AllowDiscount>
      <ItemStatus>1</ItemStatus>
      <ItemId>141493</ItemId>
    </Item>
    <Item>
      <PriceUpdateDate>2025-04-01 12:03:55</PriceUpdateDate>
      <ItemCode>7290011379018</ItemCode>
      <ItemType>1</ItemType>
      <ItemName>צמד חמד שמפניון</ItemName>
      <ManufacturerName>לא ידוע</ManufacturerName>
      <ManufactureCountry>ישראל</ManufactureCountry>
      <ManufacturerItemDescription>מארז פטריות זוג</ManufacturerItemDescription>
      <UnitQty>יח'</UnitQty>
      <Quantity>1.00</Quantity>
      <UnitOfMeasure>יח'</UnitOfMeasure>
      <bIsWeighted>0</bIsWeighted>
      <QtyInPackage>לא ידוע</QtyInPackage>
      <ItemPrice>17.90</ItemPrice>
      <UnitOfMeasurePrice>17.9000</UnitOfMeasurePrice>
      <AllowDiscount>1</AllowDiscount>
      <ItemStatus>1</ItemStatus>
      <ItemId>6449</ItemId>
    </Item>
    <Item>
      <PriceUpdateDate>2025-04-06 06:52:27</PriceUpdateDate>
      <ItemCode>7290101551645</ItemCode>
      <ItemType>1</ItemType>
      <ItemName>מארז ציטוס איקס עיגו</ItemName>
      <ManufacturerName>שטראוס פריטו ליי (מל</ManufacturerName>
      <ManufactureCountry>ישראל</ManufactureCountry>
      <ManufacturerItemDescription>עלית</ManufacturerItemDescription>
      <UnitQty>גרמים</UnitQty>
      <Quantity>200.00</Quantity>
      <UnitOfMeasure>100 גרם</UnitOfMeasure>
      <bIsWeighted>0</bIsWeighted>
      <QtyInPackage>לא ידוע</QtyInPackage>
      <ItemPrice>14.00</ItemPrice>
      <UnitOfMeasurePrice>0.0700</UnitOfMeasurePrice>
      <AllowDiscount>1</AllowDiscount>
      <ItemStatus>1</ItemStatus>
      <ItemId>54236</ItemId>
    </Item>
    <Item>
      <PriceUpdateDate>2025-04-11 13:34:56</PriceUpdateDate>
      <ItemCode>7290008500135</ItemCode>
      <ItemType>1</ItemType>
      <ItemName>עוגת שמרים קינמון</ItemName>
      <ManufacturerName>ב- פילסברי (ג'נל מיל</ManufacturerName>
      <ManufactureCountry>ישראל</ManufactureCountry>
      <ManufacturerItemDescription>עוגת שמרים קינמון</ManufacturerItemDescription>
      <UnitQty>גרמים</UnitQty>
      <Quantity>520.00</Quantity>
      <UnitOfMeasure>100 גרם</UnitOfMeasure>
      <bIsWeighted>0</bIsWeighted>
      <QtyInPackage>לא ידוע</QtyInPackage>
      <ItemPrice>24.90</ItemPrice>
      <UnitOfMeasurePrice>0.0479</UnitOfMeasurePrice>
      <AllowDiscount>1</AllowDiscount>
      <ItemStatus>1</ItemStatus>
      <ItemId>132751</ItemId>
    </Item>
    <Item>
      <PriceUpdateDate>2025-04-11 13:34:56</PriceUpdateDate>
      <ItemCode>7290008500166</ItemCode>
      <ItemType>1</ItemType>
      <ItemName>עוגת שמרים פרג</ItemName>
      <ManufacturerName>ב- פילסברי (ג'נל מיל</ManufacturerName>
      <ManufactureCountry>ישראל</ManufactureCountry>
      <ManufacturerItemDescription>עוגת שמרים פרג</ManufacturerItemDescription>
      <UnitQty>גרמים</UnitQty>
      <Quantity>520.00</Quantity>
      <UnitOfMeasure>100 גרם</UnitOfMeasure>
      <bIsWeighted>0</bIsWeighted>
      <QtyInPackage>לא ידוע</QtyInPackage>
      <ItemPrice>24.90</ItemPrice>
      <UnitOfMeasurePrice>0.0479</UnitOfMeasurePrice>
      <AllowDiscount>1</AllowDiscount>
      <ItemStatus>1</ItemStatus>
      <ItemId>132754</ItemId>
    </Item>
    <Item>
      <PriceUpdateDate>2025-04-20 06:26:57</PriceUpdateDate>
      <ItemCode>7290018921609</ItemCode>
      <ItemType>1</ItemType>
      <ItemName>קמיל בלו קלנדולה קרם</ItemName>
      <ManufacturerName>דר פישר</ManufacturerName>
      <ManufactureCountry>לא ידוע</ManufactureCountry>
      <ManufacturerItemDescription>קמיל בלו קלנדולה קרם</ManufacturerItemDescription>
      <UnitQty>גרמים</UnitQty>
      <Quantity>120.00</Quantity>
      <UnitOfMeasure>100 גרם</UnitOfMeasure>
      <bIsWeighted>0</bIsWeighted>
      <QtyInPackage>לא ידוע</QtyInPackage>
      <ItemPrice>22.10</ItemPrice>
      <UnitOfMeasurePrice>0.1842</UnitOfMeasurePrice>
      <AllowDiscount>1</AllowDiscount>
      <ItemStatus>1</ItemStatus>
      <ItemId>84226</ItemId>
    </Item>
    <Item>
      <PriceUpdateDate>2025-05-02 06:15:13</PriceUpdateDate>
      <ItemCode>7290013645364</ItemCode>
      <ItemType>1</ItemType>
      <ItemName>עוגיות מזרחיות ללא ג</ItemName>
      <ManufacturerName>מוצרי הכט בע"מ</ManufacturerName>
      <ManufactureCountry>ישראל</ManufactureCountry>
      <ManufacturerItemDescription>GFREE</ManufacturerItemDescription>
      <UnitQty>גרמים</UnitQty>
      <Quantity>200.00</Quantity>
      <UnitOfMeasure>100 גרם</UnitOfMeasure>
      <bIsWeighted>0</bIsWeighted>
      <QtyInPackage>לא ידוע</QtyInPackage>
      <ItemPrice>21.90</ItemPrice>
      <UnitOfMeasurePrice>0.1095</UnitOfMeasurePrice>
      <AllowDiscount>1</AllowDiscount>
      <ItemStatus>1</ItemStatus>
      <ItemId>26970</ItemId>
    </Item>
    <Item>
      <PriceUpdateDate>2025-05-04 13:54:09</PriceUpdateDate>
      <ItemCode>4000539280726</ItemCode>
      <ItemType>1</ItemType>
      <ItemName>לינדט אקסלנס שוקולד</ItemName>
      <ManufacturerName>לינדט</ManufacturerName>
      <ManufactureCountry>צרפת</ManufactureCountry>
      <ManufacturerItemDescription>לינדט</ManufacturerItemDescription>
      <UnitQty>גרמים</UnitQty>
      <Quantity>100.00</Quantity>
      <UnitOfMeasure>100 גרם</UnitOfMeasure>
      <bIsWeighted>0</bIsWeighted>
      <QtyInPackage>לא ידוע</QtyInPackage>
      <ItemPrice>22.90</ItemPrice>
      <UnitOfMeasurePrice>0.2290</UnitOfMeasurePrice>
      <AllowDiscount>1</AllowDiscount>
      <ItemStatus>1</ItemStatus>
      <ItemId>83143</ItemId>
    </Item>
    <Item>
      <PriceUpdateDate>2025-05-04 13:54:11</PriceUpdateDate>
      <ItemCode>6991200976568</ItemCode>
      <ItemType>1</ItemType>
      <ItemName>בובת בת ים</ItemName>
      <ManufacturerName>לא ידוע</ManufacturerName>
      <ManufactureCountry>לא ידוע</ManufactureCountry>
      <ManufacturerItemDescription>בובת בת ים</ManufacturerItemDescription>
      <UnitQty>יח'</UnitQty>
      <Quantity>1.00</Quantity>
      <UnitOfMeasure>יח'</UnitOfMeasure>
      <bIsWeighted>0</bIsWeighted>
      <QtyInPackage>לא ידוע</QtyInPackage>
      <ItemPrice>14.90</ItemPrice>
      <UnitOfMeasurePrice>14.9000</UnitOfMeasurePrice>
      <AllowDiscount>1</AllowDiscount>
      <ItemStatus>1</ItemStatus>
      <ItemId>143142</ItemId>
    </Item>
    <Item>
      <PriceUpdateDate>2025-05-04 13:54:11</PriceUpdateDate>
      <ItemCode>6991202396647</ItemCode>
      <ItemType>1</ItemType>
      <ItemName>בובת פוני</ItemName>
      <ManufacturerName>לא ידוע</ManufacturerName>
      <ManufactureCountry>לא ידוע</ManufactureCountry>
      <ManufacturerItemDescription>בובת פוני</ManufacturerItemDescription>
      <UnitQty>יח'</UnitQty>
      <Quantity>1.00</Quantity>
      <UnitOfMeasure>יח'</UnitOfMeasure>
      <bIsWeighted>0</bIsWeighted>
      <QtyInPackage>לא ידוע</QtyInPackage>
      <ItemPrice>14.90</ItemPrice>
      <UnitOfMeasurePrice>14.9000</UnitOfMeasurePrice>
      <AllowDiscount>1</AllowDiscount>
      <ItemStatus>1</ItemStatus>
      <ItemId>143143</ItemId>
    </Item>
    <Item>
      <PriceUpdateDate>2025-05-04 13:54:11</PriceUpdateDate>
      <ItemCode>6991202401235</ItemCode>
      <ItemType>1</ItemType>
      <ItemName>בובה בבועה</ItemName>
      <ManufacturerName>לא ידוע</ManufacturerName>
      <ManufactureCountry>לא ידוע</ManufactureCountry>
      <ManufacturerItemDescription>בובה בבועה</ManufacturerItemDescription>
      <UnitQty>יח'</UnitQty>
      <Quantity>1.00</Quantity>
      <UnitOfMeasure>יח'</UnitOfMeasure>
      <bIsWeighted>0</bIsWeighted>
      <QtyInPackage>לא ידוע</QtyInPackage>
      <ItemPrice>14.90</ItemPrice>
      <UnitOfMeasurePrice>14.9000</UnitOfMeasurePrice>
      <AllowDiscount>1</AllowDiscount>
      <ItemStatus>1</ItemStatus>
      <ItemId>143145</ItemId>
    </Item>
    <Item>
      <PriceUpdateDate>2025-05-04 13:54:14</PriceUpdateDate>
      <ItemCode>7290000803067</ItemCode>
      <ItemType>1</ItemType>
      <ItemName>אלמקס ילדים משחת שינ</ItemName>
      <ManufacturerName>CP-Poland swidnica</ManufacturerName>
      <ManufactureCountry>פולין</ManufactureCountry>
      <ManufacturerItemDescription>אלמקס</ManufacturerItemDescription>
      <UnitQty>גרמים</UnitQty>
      <Quantity>75.00</Quantity>
      <UnitOfMeasure>100 גרם</UnitOfMeasure>
      <bIsWeighted>0</bIsWeighted>
      <QtyInPackage>לא ידוע</QtyInPackage>
      <ItemPrice>16.00</ItemPrice>
      <UnitOfMeasurePrice>0.2133</UnitOfMeasurePrice>
      <AllowDiscount>1</AllowDiscount>
      <ItemStatus>1</ItemStatus>
      <ItemId>40921</ItemId>
    </Item>
    <Item>
      <PriceUpdateDate>2025-05-04 13:54:23</PriceUpdateDate>
      <ItemCode>7290013927613</ItemCode>
      <ItemType>1</ItemType>
      <ItemName>רוגעלך בטעם שוקו וני</ItemName>
      <ManufacturerName>אחדות ביח"ר לטחינה ח</ManufacturerName>
      <ManufactureCountry>ישראל</ManufactureCountry>
      <ManufacturerItemDescription>אחוה</ManufacturerItemDescription>
      <UnitQty>גרמים</UnitQty>
      <Quantity>400.00</Quantity>
      <UnitOfMeasure>100 גרם</UnitOfMeasure>
      <bIsWeighted>0</bIsWeighted>
      <QtyInPackage>לא ידוע</QtyInPackage>
      <ItemPrice>11.00</ItemPrice>
      <UnitOfMeasurePrice>0.0275</UnitOfMeasurePrice>
      <AllowDiscount>1</AllowDiscount>
      <ItemStatus>1</ItemStatus>
      <ItemId>98028</ItemId>
    </Item>
    <Item>
      <PriceUpdateDate>2025-05-04 13:54:27</PriceUpdateDate>
      <ItemCode>7290018687574</ItemCode>
      <ItemType>1</ItemType>
      <ItemName>נוזל רצפה 2 ליטר יוח</ItemName>
      <ManufacturerName>לא ידוע</ManufacturerName>
      <ManufactureCountry>לא ידוע</ManufactureCountry>
      <ManufacturerItemDescription>נוזל רצפה 2 ליטר יוח</ManufacturerItemDescription>
      <UnitQty>ליטרים</UnitQty>
      <Quantity>2.00</Quantity>
      <UnitOfMeasure>ליטר    </UnitOfMeasure>
      <bIsWeighted>0</bIsWeighted>
      <QtyInPackage>לא ידוע</QtyInPackage>
      <ItemPrice>11.90</ItemPrice>
      <UnitOfMeasurePrice>5.9500</UnitOfMeasurePrice>
      <AllowDiscount>1</AllowDiscount>
      <ItemStatus>1</ItemStatus>
      <ItemId>68538</ItemId>
    </Item>
    <Item>
      <PriceUpdateDate>2025-05-04 13:54:30</PriceUpdateDate>
      <ItemCode>7290107975544</ItemCode>
      <ItemType>1</ItemType>
      <ItemName>קולגייט משחת ילדים 6</ItemName>
      <ManufacturerName>CP-Poland swidnica</ManufacturerName>
      <ManufactureCountry>פולין</ManufactureCountry>
      <ManufacturerItemDescription>קולגייט</ManufacturerItemDescription>
      <UnitQty>מיליליטרים</UnitQty>
      <Quantity>50.00</Quantity>
      <UnitOfMeasure>100 מ"ל</UnitOfMeasure>
      <bIsWeighted>0</bIsWeighted>
      <QtyInPackage>לא ידוע</QtyInPackage>
      <ItemPrice>12.00</ItemPrice>
      <UnitOfMeasurePrice>0.2400</UnitOfMeasurePrice>
      <AllowDiscount>1</AllowDiscount>
      <ItemStatus>1</ItemStatus>
      <ItemId>33470</ItemId>
    </Item>
    <Item>
      <PriceUpdateDate>2025-05-04 13:54:30</PriceUpdateDate>
      <ItemCode>7290104965807</ItemCode>
      <ItemType>1</ItemType>
      <ItemName>טיטניום דאודורנט ספר</ItemName>
      <ManufacturerName>סנו</ManufacturerName>
      <ManufactureCountry>ישראל</ManufactureCountry>
      <ManufacturerItemDescription>טיטניום</ManufacturerItemDescription>
      <UnitQty>מיליליטרים</UnitQty>
      <Quantity>150.00</Quantity>
      <UnitOfMeasure>100 מ"ל</UnitOfMeasure>
      <bIsWeighted>0</bIsWeighted>
      <QtyInPackage>לא ידוע</QtyInPackage>
      <ItemPrice>14.90</ItemPrice>
      <UnitOfMeasurePrice>0.0993</UnitOfMeasurePrice>
      <AllowDiscount>1</AllowDiscount>
      <ItemStatus>1</ItemStatus>
      <ItemId>114849</ItemId>
    </Item>
    <Item>
      <PriceUpdateDate>2025-05-07 08:05:39</PriceUpdateDate>
      <ItemCode>8008698010259</ItemCode>
      <ItemType>1</ItemType>
      <ItemName>ג'בטה ללא גלוטן ליב</ItemName>
      <ManufacturerName>לא ידוע</ManufacturerName>
      <ManufactureCountry>גרמניה</ManufactureCountry>
      <ManufacturerItemDescription>ג'בטה ללא גלוטן ליב</ManufacturerItemDescription>
      <UnitQty>יח'</UnitQty>
      <Quantity>200.00</Quantity>
      <UnitOfMeasure>יח'</UnitOfMeasure>
      <bIsWeighted>0</bIsWeighted>
      <QtyInPackage>לא ידוע</QtyInPackage>
      <ItemPrice>24.90</ItemPrice>
      <UnitOfMeasurePrice>0.1245</UnitOfMeasurePrice>
      <AllowDiscount>1</AllowDiscount>
      <ItemStatus>1</ItemStatus>
      <ItemId>143343</ItemId>
    </Item>
    <Item>
      <PriceUpdateDate>2025-05-07 08:05:40</PriceUpdateDate>
      <ItemCode>8008698037874</ItemCode>
      <ItemType>1</ItemType>
      <ItemName>תערובת להכנת בראוניס</ItemName>
      <ManufacturerName>לא ידוע</ManufacturerName>
      <ManufactureCountry>אוסטריה</ManufactureCountry>
      <ManufacturerItemDescription>תערובת להכנת בראוניס</ManufacturerItemDescription>
      <UnitQty>יח'</UnitQty>
      <Quantity>350.00</Quantity>
      <UnitOfMeasure>יח'</UnitOfMeasure>
      <bIsWeighted>0</bIsWeighted>
      <QtyInPackage>לא ידוע</QtyInPackage>
      <ItemPrice>25.90</ItemPrice>
      <UnitOfMeasurePrice>0.0740</UnitOfMeasurePrice>
      <AllowDiscount>1</AllowDiscount>
      <ItemStatus>1</ItemStatus>
      <ItemId>143348</ItemId>
    </Item>
    <Item>
      <PriceUpdateDate>2025-05-07 08:06:40</PriceUpdateDate>
      <ItemCode>8008698011065</ItemCode>
      <ItemType>1</ItemType>
      <ItemName>מאסטר בייקר ויטל  (ד</ItemName>
      <ManufacturerName>שר</ManufacturerName>
      <ManufactureCountry>איטליה</ManufactureCountry>
      <ManufacturerItemDescription>מאסטר בייקר ויטל  (ד</ManufacturerItemDescription>
      <UnitQty>יח'</UnitQty>
      <Quantity>350.00</Quantity>
      <UnitOfMeasure>יח'</UnitOfMeasure>
      <bIsWeighted>0</bIsWeighted>
      <QtyInPackage>לא ידוע</QtyInPackage>
      <ItemPrice>28.90</ItemPrice>
      <UnitOfMeasurePrice>0.0826</UnitOfMeasurePrice>
      <AllowDiscount>1</AllowDiscount>
      <ItemStatus>1</ItemStatus>
      <ItemId>136888</ItemId>
    </Item>
    <Item>
      <PriceUpdateDate>2025-05-08 10:53:18</PriceUpdateDate>
      <ItemCode>7290113661523</ItemCode>
      <ItemType>1</ItemType>
      <ItemName>מזלג ענתיק 10 יח'</ItemName>
      <ManufacturerName>WP</ManufacturerName>
      <ManufactureCountry>סין</ManufactureCountry>
      <ManufacturerItemDescription>מזלג ענתיק 10 יח'</ManufacturerItemDescription>
      <UnitQty>יח'</UnitQty>
      <Quantity>10.00</Quantity>
      <UnitOfMeasure>יח'</UnitOfMeasure>
      <bIsWeighted>0</bIsWeighted>
      <QtyInPackage>לא ידוע</QtyInPackage>
      <ItemPrice>4.90</ItemPrice>
      <UnitOfMeasurePrice>0.4900</UnitOfMeasurePrice>
      <AllowDiscount>1</AllowDiscount>
      <ItemStatus>1</ItemStatus>
      <ItemId>56024</ItemId>
    </Item>
    <Item>
      <PriceUpdateDate>2025-05-11 11:50:12</PriceUpdateDate>
      <ItemCode>7290000058047</ItemCode>
      <ItemType>1</ItemType>
      <ItemName>שמנת להקצפה 38% 500</ItemName>
      <ManufacturerName>תנובה</ManufacturerName>
      <ManufactureCountry>ישראל</ManufactureCountry>
      <ManufacturerItemDescription>השף הלבן</ManufacturerItemDescription>
      <UnitQty>מיליליטרים</UnitQty>
      <Quantity>500.00</Quantity>
      <UnitOfMeasure>100 מ"ל</UnitOfMeasure>
      <bIsWeighted>0</bIsWeighted>
      <QtyInPackage>לא ידוע</QtyInPackage>
      <ItemPrice>15.12</ItemPrice>
      <UnitOfMeasurePrice>0.0302</UnitOfMeasurePrice>
      <AllowDiscount>1</AllowDiscount>
      <ItemStatus>1</ItemStatus>
      <ItemId>42930</ItemId>
    </Item>
    <Item>
      <PriceUpdateDate>2025-05-12 06:24:57</PriceUpdateDate>
      <ItemCode>7290000679266</ItemCode>
      <ItemType>1</ItemType>
      <ItemName>תחליב גוף במרקם קליל</ItemName>
      <ManufacturerName>דר פישר</ManufacturerName>
      <ManufactureCountry>ישראל</ManufactureCountry>
      <ManufacturerItemDescription>תחליב גוף במרקם קליל</ManufacturerItemDescription>
      <UnitQty>מיליליטרים</UnitQty>
      <Quantity>450.00</Quantity>
      <UnitOfMeasure>100 מ"ל</UnitOfMeasure>
      <bIsWeighted>0</bIsWeighted>
      <QtyInPackage>לא ידוע</QtyInPackage>
      <ItemPrice>29.90</ItemPrice>
      <UnitOfMeasurePrice>0.0664</UnitOfMeasurePrice>
      <AllowDiscount>1</AllowDiscount>
      <ItemStatus>1</ItemStatus>
      <ItemId>143599</ItemId>
    </Item>
    <Item>
      <PriceUpdateDate>2025-05-14 06:06:37</PriceUpdateDate>
      <ItemCode>7290019587712</ItemCode>
      <ItemType>1</ItemType>
      <ItemName>אלתית במי מלח 210 גר</ItemName>
      <ManufacturerName>לא ידוע</ManufacturerName>
      <ManufactureCountry>סין</ManufactureCountry>
      <ManufacturerItemDescription>אלתית במי מלח 210 גר</ManufacturerItemDescription>
      <UnitQty>גרמים</UnitQty>
      <Quantity>210.00</Quantity>
      <UnitOfMeasure>100 גרם</UnitOfMeasure>
      <bIsWeighted>0</bIsWeighted>
      <QtyInPackage>לא ידוע</QtyInPackage>
      <ItemPrice>9.90</ItemPrice>
      <UnitOfMeasurePrice>0.0471</UnitOfMeasurePrice>
      <AllowDiscount>1</AllowDiscount>
      <ItemStatus>1</ItemStatus>
      <ItemId>143763</ItemId>
    </Item>
    <Item>
      <PriceUpdateDate>2025-05-15 06:32:55</PriceUpdateDate>
      <ItemCode>7290106663558</ItemCode>
      <ItemType>1</ItemType>
      <ItemName>רוטב טריאקי רימון 28</ItemName>
      <ManufacturerName>בית אל מזון בע"מ</ManufacturerName>
      <ManufactureCountry>ישראל</ManufactureCountry>
      <ManufacturerItemDescription>עלית</ManufacturerItemDescription>
      <UnitQty>מיליליטרים</UnitQty>
      <Quantity>280.00</Quantity>
      <UnitOfMeasure>100 מ"ל</UnitOfMeasure>
      <bIsWeighted>0</bIsWeighted>
      <QtyInPackage>לא ידוע</QtyInPackage>
      <ItemPrice>13.00</ItemPrice>
      <UnitOfMeasurePrice>0.0464</UnitOfMeasurePrice>
      <AllowDiscount>1</AllowDiscount>
      <ItemStatus>1</ItemStatus>
      <ItemId>23103</ItemId>
    </Item>
    <Item>
      <PriceUpdateDate>2025-05-15 06:48:00</PriceUpdateDate>
      <ItemCode>7290109580821</ItemCode>
      <ItemType>1</ItemType>
      <ItemName>שניצל דק מן הצומח 62</ItemName>
      <ManufacturerName>זוגלובק</ManufacturerName>
      <ManufactureCountry>ישראל</ManufactureCountry>
      <ManufacturerItemDescription>שניצל דק מן הצומח 62</ManufacturerItemDescription>
      <UnitQty>גרמים</UnitQty>
      <Quantity>620.00</Quantity>
      <UnitOfMeasure>100 גרם</UnitOfMeasure>
      <bIsWeighted>0</bIsWeighted>
      <QtyInPackage>לא ידוע</QtyInPackage>
      <ItemPrice>33.20</ItemPrice>
      <UnitOfMeasurePrice>0.0535</UnitOfMeasurePrice>
      <AllowDiscount>1</AllowDiscount>
      <ItemStatus>1</ItemStatus>
      <ItemId>96982</ItemId>
    </Item>
    <Item>
      <PriceUpdateDate>2025-05-16 09:16:24</PriceUpdateDate>
      <ItemCode>7290017812878</ItemCode>
      <ItemType>1</ItemType>
      <ItemName>אקסלנס רוזה 750 מ"ל</ItemName>
      <ManufacturerName>יקבי כרמל</ManufacturerName>
      <ManufactureCountry>ישראל</ManufactureCountry>
      <ManufacturerItemDescription>יקבי כרמל</ManufacturerItemDescription>
      <UnitQty>מיליליטרים</UnitQty>
      <Quantity>750.00</Quantity>
      <UnitOfMeasure>100 מ"ל</UnitOfMeasure>
      <bIsWeighted>0</bIsWeighted>
      <QtyInPackage>לא ידוע</QtyInPackage>
      <ItemPrice>29.90</ItemPrice>
      <UnitOfMeasurePrice>0.0399</UnitOfMeasurePrice>
      <AllowDiscount>1</AllowDiscount>
      <ItemStatus>1</ItemStatus>
      <ItemId>68268</ItemId>
    </Item>
    <Item>
      <PriceUpdateDate>2025-05-21 06:23:37</PriceUpdateDate>
      <ItemCode>7262626146651</ItemCode>
      <ItemType>1</ItemType>
      <ItemName>מסוק מרחף כולל מטען</ItemName>
      <ManufacturerName>לא ידוע</ManufacturerName>
      <ManufactureCountry>לא ידוע</ManufactureCountry>
      <ManufacturerItemDescription>מסוק מרחף כולל מטען</ManufacturerItemDescription>
      <UnitQty>יח'</UnitQty>
      <Quantity>1.00</Quantity>
      <UnitOfMeasure>יח'</UnitOfMeasure>
      <bIsWeighted>0</bIsWeighted>
      <QtyInPackage>לא ידוע</QtyInPackage>
      <ItemPrice>29.90</ItemPrice>
      <UnitOfMeasurePrice>29.9000</UnitOfMeasurePrice>
      <AllowDiscount>1</AllowDiscount>
      <ItemStatus>1</ItemStatus>
      <ItemId>144216</ItemId>
    </Item>
    <Item>
      <PriceUpdateDate>2025-05-26 11:49:50</PriceUpdateDate>
      <ItemCode>7290002331421</ItemCode>
      <ItemType>1</ItemType>
      <ItemName>מים נביעות שישייה 75</ItemName>
      <ManufacturerName>נביעות</ManufacturerName>
      <ManufactureCountry>ישראל</ManufactureCountry>
      <ManufacturerItemDescription>נביעות</ManufacturerItemDescription>
      <UnitQty>ליטרים</UnitQty>
      <Quantity>4.53</Quantity>
      <UnitOfMeasure>ליטר    </UnitOfMeasure>
      <bIsWeighted>0</bIsWeighted>
      <QtyInPackage>לא ידוע</QtyInPackage>
      <ItemPrice>18.90</ItemPrice>
      <UnitOfMeasurePrice>4.1722</UnitOfMeasurePrice>
      <AllowDiscount>1</AllowDiscount>
      <ItemStatus>1</ItemStatus>
      <ItemId>38952</ItemId>
    </Item>
    <Item>
      <PriceUpdateDate>2025-05-26 11:49:57</PriceUpdateDate>
      <ItemCode>7290110117689</ItemCode>
      <ItemType>1</ItemType>
      <ItemName>ספרייט זירו בטעם לימ</ItemName>
      <ManufacturerName>קוקה קולה</ManufacturerName>
      <ManufactureCountry>ישראל</ManufactureCountry>
      <ManufacturerItemDescription>ספרייט</ManufacturerItemDescription>
      <UnitQty>ליטרים</UnitQty>
      <Quantity>1.50</Quantity>
      <UnitOfMeasure>ליטר    </UnitOfMeasure>
      <bIsWeighted>0</bIsWeighted>
      <QtyInPackage>לא ידוע</QtyInPackage>
      <ItemPrice>8.20</ItemPrice>
      <UnitOfMeasurePrice>5.4667</UnitOfMeasurePrice>
      <AllowDiscount>1</AllowDiscount>
      <ItemStatus>1</ItemStatus>
      <ItemId>122431</ItemId>
    </Item>
    <Item>
      <PriceUpdateDate>2025-05-30 06:43:02</PriceUpdateDate>
      <ItemCode>7290108355789</ItemCode>
      <ItemType>1</ItemType>
      <ItemName>דאודורנט רולאון בניח</ItemName>
      <ManufacturerName>קוסמופארם</ManufacturerName>
      <ManufactureCountry>ישראל</ManufactureCountry>
      <ManufacturerItemDescription>קרמה</ManufacturerItemDescription>
      <UnitQty>מיליליטרים</UnitQty>
      <Quantity>75.00</Quantity>
      <UnitOfMeasure>100 מ"ל</UnitOfMeasure>
      <bIsWeighted>0</bIsWeighted>
      <QtyInPackage>לא ידוע</QtyInPackage>
      <ItemPrice>12.90</ItemPrice>
      <UnitOfMeasurePrice>0.1720</UnitOfMeasurePrice>
      <AllowDiscount>1</AllowDiscount>
      <ItemStatus>1</ItemStatus>
      <ItemId>144665</ItemId>
    </Item>
    <Item>
      <PriceUpdateDate>2025-06-01 06:09:08</PriceUpdateDate>
      <ItemCode>7290121290395</ItemCode>
      <ItemType>1</ItemType>
      <ItemName>וינסטון אקווה בודד</ItemName>
      <ManufacturerName>לא ידוע</ManufacturerName>
      <ManufactureCountry>כללי</ManufactureCountry>
      <ManufacturerItemDescription>וינסטון אקווה</ManufacturerItemDescription>
      <UnitQty>יח'</UnitQty>
      <Quantity>1.00</Quantity>
      <UnitOfMeasure>יח'</UnitOfMeasure>
      <bIsWeighted>0</bIsWeighted>
      <QtyInPackage>לא ידוע</QtyInPackage>
      <ItemPrice>39.00</ItemPrice>
      <UnitOfMeasurePrice>39.0000</UnitOfMeasurePrice>
      <AllowDiscount>1</AllowDiscount>
      <ItemStatus>1</ItemStatus>
      <ItemId>122951</ItemId>
    </Item>
    <Item>
      <PriceUpdateDate>2025-06-03 08:58:55</PriceUpdateDate>
      <ItemCode>8718951561267</ItemCode>
      <ItemType>1</ItemType>
      <ItemName>פלמוליב סבון ידיים ח</ItemName>
      <ManufacturerName>CP - Turkey+60</ManufacturerName>
      <ManufactureCountry>תורכיה</ManufactureCountry>
      <ManufacturerItemDescription>פלמוליב</ManufacturerItemDescription>
      <UnitQty>מיליליטרים</UnitQty>
      <Quantity>300.00</Quantity>
      <UnitOfMeasure>100 מ"ל</UnitOfMeasure>
      <bIsWeighted>0</bIsWeighted>
      <QtyInPackage>לא ידוע</QtyInPackage>
      <ItemPrice>11.00</ItemPrice>
      <UnitOfMeasurePrice>0.0367</UnitOfMeasurePrice>
      <AllowDiscount>1</AllowDiscount>
      <ItemStatus>1</ItemStatus>
      <ItemId>143603</ItemId>
    </Item>
    <Item>
      <PriceUpdateDate>2025-06-03 13:37:27</PriceUpdateDate>
      <ItemCode>72986233</ItemCode>
      <ItemType>1</ItemType>
      <ItemName>באדי מעדן וניל גביע</ItemName>
      <ManufacturerName>תנובה</ManufacturerName>
      <ManufactureCountry>ישראל</ManufactureCountry>
      <ManufacturerItemDescription>באדי</ManufacturerItemDescription>
      <UnitQty>גרמים</UnitQty>
      <Quantity>125.00</Quantity>
      <UnitOfMeasure>100 גרם</UnitOfMeasure>
      <bIsWeighted>0</bIsWeighted>
      <QtyInPackage>לא ידוע</QtyInPackage>
      <ItemPrice>3.30</ItemPrice>
      <UnitOfMeasurePrice>0.0264</UnitOfMeasurePrice>
      <AllowDiscount>1</AllowDiscount>
      <ItemStatus>1</ItemStatus>
      <ItemId>17237</ItemId>
    </Item>
    <Item>
      <PriceUpdateDate>2025-06-03 13:37:27</PriceUpdateDate>
      <ItemCode>72986240</ItemCode>
      <ItemType>1</ItemType>
      <ItemName>באדי מעדן שוקו גביע</ItemName>
      <ManufacturerName>תנובה</ManufacturerName>
      <ManufactureCountry>ישראל</ManufactureCountry>
      <ManufacturerItemDescription>באדי</ManufacturerItemDescription>
      <UnitQty>גרמים</UnitQty>
      <Quantity>125.00</Quantity>
      <UnitOfMeasure>100 גרם</UnitOfMeasure>
      <bIsWeighted>0</bIsWeighted>
      <QtyInPackage>לא ידוע</QtyInPackage>
      <ItemPrice>3.30</ItemPrice>
      <UnitOfMeasurePrice>0.0264</UnitOfMeasurePrice>
      <AllowDiscount>1</AllowDiscount>
      <ItemStatus>1</ItemStatus>
      <ItemId>17238</ItemId>
    </Item>
    <Item>
      <PriceUpdateDate>2025-06-03 13:37:27</PriceUpdateDate>
      <ItemCode>7290000040974</ItemCode>
      <ItemType>1</ItemType>
      <ItemName>חלב טרי דל לקטוז 1 ל</ItemName>
      <ManufacturerName>תנובה</ManufacturerName>
      <ManufactureCountry>ישראל</ManufactureCountry>
      <ManufacturerItemDescription>תנובה</ManufacturerItemDescription>
      <UnitQty>ליטרים</UnitQty>
      <Quantity>1.00</Quantity>
      <UnitOfMeasure>ליטר    </UnitOfMeasure>
      <bIsWeighted>0</bIsWeighted>
      <QtyInPackage>לא ידוע</QtyInPackage>
      <ItemPrice>7.80</ItemPrice>
      <UnitOfMeasurePrice>7.8000</UnitOfMeasurePrice>
      <AllowDiscount>1</AllowDiscount>
      <ItemStatus>1</ItemStatus>
      <ItemId>40640</ItemId>
    </Item>
    <Item>
      <PriceUpdateDate>2025-06-03 13:37:28</PriceUpdateDate>
      <ItemCode>7290000044712</ItemCode>
      <ItemType>1</ItemType>
      <ItemName>פרילי תות גביע 500 ג</ItemName>
      <ManufacturerName>תנובה</ManufacturerName>
      <ManufactureCountry>ישראל</ManufactureCountry>
      <ManufacturerItemDescription>פרילי</ManufacturerItemDescription>
      <UnitQty>גרמים</UnitQty>
      <Quantity>500.00</Quantity>
      <UnitOfMeasure>100 גרם</UnitOfMeasure>
      <bIsWeighted>0</bIsWeighted>
      <QtyInPackage>לא ידוע</QtyInPackage>
      <ItemPrice>11.20</ItemPrice>
      <UnitOfMeasurePrice>0.0224</UnitOfMeasurePrice>
      <AllowDiscount>1</AllowDiscount>
      <ItemStatus>1</ItemStatus>
      <ItemId>40662</ItemId>
    </Item>
    <Item>
      <PriceUpdateDate>2025-06-03 13:37:29</PriceUpdateDate>
      <ItemCode>7290000050447</ItemCode>
      <ItemType>1</ItemType>
      <ItemName>יופלה תות 3% גביע 50</ItemName>
      <ManufacturerName>תנובה</ManufacturerName>
      <ManufactureCountry>ישראל</ManufactureCountry>
      <ManufacturerItemDescription>יופלה</ManufacturerItemDescription>
      <UnitQty>גרמים</UnitQty>
      <Quantity>500.00</Quantity>
      <UnitOfMeasure>100 גרם</UnitOfMeasure>
      <bIsWeighted>0</bIsWeighted>
      <QtyInPackage>לא ידוע</QtyInPackage>
      <ItemPrice>14.30</ItemPrice>
      <UnitOfMeasurePrice>0.0286</UnitOfMeasurePrice>
      <AllowDiscount>1</AllowDiscount>
      <ItemStatus>1</ItemStatus>
      <ItemId>40685</ItemId>
    </Item>
    <Item>
      <PriceUpdateDate>2025-06-03 13:37:29</PriceUpdateDate>
      <ItemCode>7290000051376</ItemCode>
      <ItemType>1</ItemType>
      <ItemName>יופלה דיאט אננס גביע</ItemName>
      <ManufacturerName>תנובה</ManufacturerName>
      <ManufactureCountry>ישראל</ManufactureCountry>
      <ManufacturerItemDescription>יופלה</ManufacturerItemDescription>
      <UnitQty>גרמים</UnitQty>
      <Quantity>150.00</Quantity>
      <UnitOfMeasure>100 גרם</UnitOfMeasure>
      <bIsWeighted>0</bIsWeighted>
      <QtyInPackage>לא ידוע</QtyInPackage>
      <ItemPrice>5.40</ItemPrice>
      <UnitOfMeasurePrice>0.0360</UnitOfMeasurePrice>
      <AllowDiscount>1</AllowDiscount>
      <ItemStatus>1</ItemStatus>
      <ItemId>40690</ItemId>
    </Item>
    <Item>
      <PriceUpdateDate>2025-06-03 13:37:36</PriceUpdateDate>
      <ItemCode>7290004135058</ItemCode>
      <ItemType>1</ItemType>
      <ItemName>מאגדת קרלו מיני שוקו</ItemName>
      <ManufacturerName>תנובה</ManufacturerName>
      <ManufactureCountry>ישראל</ManufactureCountry>
      <ManufacturerItemDescription>קרלו</ManufacturerItemDescription>
      <UnitQty>גרמים</UnitQty>
      <Quantity>800.00</Quantity>
      <UnitOfMeasure>100 גרם</UnitOfMeasure>
      <bIsWeighted>0</bIsWeighted>
      <QtyInPackage>לא ידוע</QtyInPackage>
      <ItemPrice>15.90</ItemPrice>
      <UnitOfMeasurePrice>0.0199</UnitOfMeasurePrice>
      <AllowDiscount>1</AllowDiscount>
      <ItemStatus>1</ItemStatus>
      <ItemId>40838</ItemId>
    </Item>
    <Item>
      <PriceUpdateDate>2025-06-03 13:37:38</PriceUpdateDate>
      <ItemCode>7290004135614</ItemCode>
      <ItemType>1</ItemType>
      <ItemName>בולגרית פיראוס 5% מע</ItemName>
      <ManufacturerName>תנובה</ManufacturerName>
      <ManufactureCountry>ישראל</ManufactureCountry>
      <ManufacturerItemDescription>פיראוס</ManufacturerItemDescription>
      <UnitQty>גרמים</UnitQty>
      <Quantity>250.00</Quantity>
      <UnitOfMeasure>100 גרם</UnitOfMeasure>
      <bIsWeighted>0</bIsWeighted>
      <QtyInPackage>לא ידוע</QtyInPackage>
      <ItemPrice>24.50</ItemPrice>
      <UnitOfMeasurePrice>0.0980</UnitOfMeasurePrice>
      <AllowDiscount>1</AllowDiscount>
      <ItemStatus>1</ItemStatus>
      <ItemId>40842</ItemId>
    </Item>
    <Item>
      <PriceUpdateDate>2025-06-03 13:37:39</PriceUpdateDate>
      <ItemCode>7290014758117</ItemCode>
      <ItemType>1</ItemType>
      <ItemName>מאגדת יוגורט  ביו 1.</ItemName>
      <ManufacturerName>תנובה</ManufacturerName>
      <ManufactureCountry>ישראל</ManufactureCountry>
      <ManufacturerItemDescription>תנובה</ManufacturerItemDescription>
      <UnitQty>ליטרים</UnitQty>
      <Quantity>1.20</Quantity>
      <UnitOfMeasure>ליטר    </UnitOfMeasure>
      <bIsWeighted>0</bIsWeighted>
      <QtyInPackage>לא ידוע</QtyInPackage>
      <ItemPrice>17.90</ItemPrice>
      <UnitOfMeasurePrice>14.9167</UnitOfMeasurePrice>
      <AllowDiscount>1</AllowDiscount>
      <ItemStatus>1</ItemStatus>
      <ItemId>17244</ItemId>
    </Item>
    <Item>
      <PriceUpdateDate>2025-06-03 13:37:41</PriceUpdateDate>
      <ItemCode>7290110320591</ItemCode>
      <ItemType>1</ItemType>
      <ItemName>בולגרית פיראוס 16% מ</ItemName>
      <ManufacturerName>תנובה</ManufacturerName>
      <ManufactureCountry>ישראל</ManufactureCountry>
      <ManufacturerItemDescription>פיראוס</ManufacturerItemDescription>
      <UnitQty>גרמים</UnitQty>
      <Quantity>250.00</Quantity>
      <UnitOfMeasure>100 גרם</UnitOfMeasure>
      <bIsWeighted>0</bIsWeighted>
      <QtyInPackage>לא ידוע</QtyInPackage>
      <ItemPrice>24.50</ItemPrice>
      <UnitOfMeasurePrice>0.0980</UnitOfMeasurePrice>
      <AllowDiscount>1</AllowDiscount>
      <ItemStatus>1</ItemStatus>
      <ItemId>32195</ItemId>
    </Item>
    <Item>
      <PriceUpdateDate>2025-06-03 13:37:42</PriceUpdateDate>
      <ItemCode>7290110321277</ItemCode>
      <ItemType>1</ItemType>
      <ItemName>קוטג' בקטנה 100 גרם</ItemName>
      <ManufacturerName>תנובה</ManufacturerName>
      <ManufactureCountry>ישראל</ManufactureCountry>
      <ManufacturerItemDescription>תנובה</ManufacturerItemDescription>
      <UnitQty>גרמים</UnitQty>
      <Quantity>100.00</Quantity>
      <UnitOfMeasure>100 גרם</UnitOfMeasure>
      <bIsWeighted>0</bIsWeighted>
      <QtyInPackage>לא ידוע</QtyInPackage>
      <ItemPrice>2.80</ItemPrice>
      <UnitOfMeasurePrice>0.0280</UnitOfMeasurePrice>
      <AllowDiscount>1</AllowDiscount>
      <ItemStatus>1</ItemStatus>
      <ItemId>35318</ItemId>
    </Item>
    <Item>
      <PriceUpdateDate>2025-06-03 13:37:54</PriceUpdateDate>
      <ItemCode>7290110329136</ItemCode>
      <ItemType>1</ItemType>
      <ItemName>מעדן חלב גו בטעם שוק</ItemName>
      <ManufacturerName>תנובה</ManufacturerName>
      <ManufactureCountry>ישראל</ManufactureCountry>
      <ManufacturerItemDescription>מעדן חלב גו בטעם שוק</ManufacturerItemDescription>
      <UnitQty>גרמים</UnitQty>
      <Quantity>120.00</Quantity>
      <UnitOfMeasure>100 גרם</UnitOfMeasure>
      <bIsWeighted>0</bIsWeighted>
      <QtyInPackage>לא ידוע</QtyInPackage>
      <ItemPrice>5.30</ItemPrice>
      <UnitOfMeasurePrice>0.0442</UnitOfMeasurePrice>
      <AllowDiscount>1</AllowDiscount>
      <ItemStatus>1</ItemStatus>
      <ItemId>69007</ItemId>
    </Item>
    <Item>
      <PriceUpdateDate>2025-06-03 13:37:59</PriceUpdateDate>
      <ItemCode>7290116933818</ItemCode>
      <ItemType>1</ItemType>
      <ItemName>משקה יופלה בקרטון אפ</ItemName>
      <ManufacturerName>תנובה</ManufacturerName>
      <ManufactureCountry>ישראל</ManufactureCountry>
      <ManufacturerItemDescription>משקה יופלה בקרטון אפ</ManufacturerItemDescription>
      <UnitQty>מיליליטרים</UnitQty>
      <Quantity>750.00</Quantity>
      <UnitOfMeasure>100 מ"ל</UnitOfMeasure>
      <bIsWeighted>0</bIsWeighted>
      <QtyInPackage>לא ידוע</QtyInPackage>
      <ItemPrice>13.20</ItemPrice>
      <UnitOfMeasurePrice>0.0176</UnitOfMeasurePrice>
      <AllowDiscount>1</AllowDiscount>
      <ItemStatus>1</ItemStatus>
      <ItemId>117037</ItemId>
    </Item>
    <Item>
      <PriceUpdateDate>2025-06-04 07:10:40</PriceUpdateDate>
      <ItemCode>7290000046563</ItemCode>
      <ItemType>1</ItemType>
      <ItemName>גבינה קשה פרמזן</ItemName>
      <ManufacturerName>תנובה</ManufacturerName>
      <ManufactureCountry>ישראל</ManufactureCountry>
      <ManufacturerItemDescription>קולאז</ManufacturerItemDescription>
      <UnitQty>קילוגרמים</UnitQty>
      <Quantity>1.00</Quantity>
      <UnitOfMeasure>ק"ג</UnitOfMeasure>
      <bIsWeighted>1</bIsWeighted>
      <QtyInPackage>לא ידוע</QtyInPackage>
      <ItemPrice>129.00</ItemPrice>
      <UnitOfMeasurePrice>129.0000</UnitOfMeasurePrice>
      <AllowDiscount>1</AllowDiscount>
      <ItemStatus>1</ItemStatus>
      <ItemId>16897</ItemId>
    </Item>
    <Item>
      <PriceUpdateDate>2025-06-04 14:31:56</PriceUpdateDate>
      <ItemCode>7262626146996</ItemCode>
      <ItemType>1</ItemType>
      <ItemName>מיקרופון מדונה</ItemName>
      <ManufacturerName>לא ידוע</ManufacturerName>
      <ManufactureCountry>לא ידוע</ManufactureCountry>
      <ManufacturerItemDescription>מיקרופון מדונה</ManufacturerItemDescription>
      <UnitQty>יח'</UnitQty>
      <Quantity>1.00</Quantity>
      <UnitOfMeasure>יח'</UnitOfMeasure>
      <bIsWeighted>0</bIsWeighted>
      <QtyInPackage>לא ידוע</QtyInPackage>
      <ItemPrice>59.90</ItemPrice>
      <UnitOfMeasurePrice>59.9000</UnitOfMeasurePrice>
      <AllowDiscount>1</AllowDiscount>
      <ItemStatus>1</ItemStatus>
      <ItemId>144217</ItemId>
    </Item>
    <Item>
      <PriceUpdateDate>2025-06-08 06:39:26</PriceUpdateDate>
      <ItemCode>7290112960856</ItemCode>
      <ItemType>1</ItemType>
      <ItemName>אקסטרים מטבע שוקולד</ItemName>
      <ManufacturerName>גלידות נסטלה</ManufacturerName>
      <ManufactureCountry>ישראל</ManufactureCountry>
      <ManufacturerItemDescription>גלידות נסטלה</ManufacturerItemDescription>
      <UnitQty>גרמים</UnitQty>
      <Quantity>115.00</Quantity>
      <UnitOfMeasure>100 גרם</UnitOfMeasure>
      <bIsWeighted>0</bIsWeighted>
      <QtyInPackage>לא ידוע</QtyInPackage>
      <ItemPrice>10.90</ItemPrice>
      <UnitOfMeasurePrice>0.0948</UnitOfMeasurePrice>
      <AllowDiscount>1</AllowDiscount>
      <ItemStatus>1</ItemStatus>
      <ItemId>56683</ItemId>
    </Item>
    <Item>
      <PriceUpdateDate>2025-06-08 11:15:47</PriceUpdateDate>
      <ItemCode>7290008104050</ItemCode>
      <ItemType>1</ItemType>
      <ItemName>תחליב אינטימי 220 מ"</ItemName>
      <ManufacturerName>כצט</ManufacturerName>
      <ManufactureCountry>ישראל</ManufactureCountry>
      <ManufacturerItemDescription>כצט</ManufacturerItemDescription>
      <UnitQty>מיליליטרים</UnitQty>
      <Quantity>220.00</Quantity>
      <UnitOfMeasure>100 מ"ל</UnitOfMeasure>
      <bIsWeighted>0</bIsWeighted>
      <QtyInPackage>לא ידוע</QtyInPackage>
      <ItemPrice>19.90</ItemPrice>
      <UnitOfMeasurePrice>0.0905</UnitOfMeasurePrice>
      <AllowDiscount>1</AllowDiscount>
      <ItemStatus>1</ItemStatus>
      <ItemId>39298</ItemId>
    </Item>
    <Item>
      <PriceUpdateDate>2025-06-10 13:43:40</PriceUpdateDate>
      <ItemCode>7290020046352</ItemCode>
      <ItemType>1</ItemType>
      <ItemName>תערובת תיבול לסטיק מ</ItemName>
      <ManufacturerName>תבליני טעם וריח בע"מ</ManufacturerName>
      <ManufactureCountry>ישראל</ManufactureCountry>
      <ManufacturerItemDescription>תבליני טעם וריח בע"מ</ManufacturerItemDescription>
      <UnitQty>גרמים</UnitQty>
      <Quantity>140.00</Quantity>
      <UnitOfMeasure>100 גרם</UnitOfMeasure>
      <bIsWeighted>0</bIsWeighted>
      <QtyInPackage>לא ידוע</QtyInPackage>
      <ItemPrice>10.00</ItemPrice>
      <UnitOfMeasurePrice>0.0714</UnitOfMeasurePrice>
      <AllowDiscount>1</AllowDiscount>
      <ItemStatus>1</ItemStatus>
      <ItemId>145122</ItemId>
    </Item>
    <Item>
      <PriceUpdateDate>2025-06-15 13:57:51</PriceUpdateDate>
      <ItemCode>8801055709458</ItemCode>
      <ItemType>1</ItemType>
      <ItemName>נסקפה קפוצ'ינו קרמל</ItemName>
      <ManufacturerName>נסטלה</ManufacturerName>
      <ManufactureCountry>דרום קוריאה</ManufactureCountry>
      <ManufacturerItemDescription>נסקפה קפוצ'ינו קרמל 10*17</ManufacturerItemDescription>
      <UnitQty>גרמים</UnitQty>
      <Quantity>170.00</Quantity>
      <UnitOfMeasure>100 גרם</UnitOfMeasure>
      <bIsWeighted>0</bIsWeighted>
      <QtyInPackage>לא ידוע</QtyInPackage>
      <ItemPrice>22.90</ItemPrice>
      <UnitOfMeasurePrice>0.1347</UnitOfMeasurePrice>
      <AllowDiscount>1</AllowDiscount>
      <ItemStatus>1</ItemStatus>
      <ItemId>70837</ItemId>
    </Item>
    <Item>
      <PriceUpdateDate>2025-06-19 12:13:51</PriceUpdateDate>
      <ItemCode>7291083532189</ItemCode>
      <ItemType>1</ItemType>
      <ItemName>ערכה להכנת סקוושי</ItemName>
      <ManufacturerName>לא ידוע</ManufacturerName>
      <ManufactureCountry>לא ידוע</ManufactureCountry>
      <ManufacturerItemDescription>ערכה להכנת סקוושי</ManufacturerItemDescription>
      <UnitQty>יח'</UnitQty>
      <Quantity>1.00</Quantity>
      <UnitOfMeasure>יח'</UnitOfMeasure>
      <bIsWeighted>0</bIsWeighted>
      <QtyInPackage>לא ידוע</QtyInPackage>
      <ItemPrice>79.90</ItemPrice>
      <UnitOfMeasurePrice>79.9000</UnitOfMeasurePrice>
      <AllowDiscount>1</AllowDiscount>
      <ItemStatus>1</ItemStatus>
      <ItemId>145568</ItemId>
    </Item>
    <Item>
      <PriceUpdateDate>2025-06-22 09:06:32</PriceUpdateDate>
      <ItemCode>7290014066366</ItemCode>
      <ItemType>1</ItemType>
      <ItemName>לנדוור קפסולות אספרס</ItemName>
      <ManufacturerName>קפה לנדוור</ManufacturerName>
      <ManufactureCountry>ישראל</ManufactureCountry>
      <ManufacturerItemDescription>לנדוור</ManufacturerItemDescription>
      <UnitQty>גרמים</UnitQty>
      <Quantity>50.00</Quantity>
      <UnitOfMeasure>100 גרם</UnitOfMeasure>
      <bIsWeighted>0</bIsWeighted>
      <QtyInPackage>לא ידוע</QtyInPackage>
      <ItemPrice>17.90</ItemPrice>
      <UnitOfMeasurePrice>0.3580</UnitOfMeasurePrice>
      <AllowDiscount>1</AllowDiscount>
      <ItemStatus>1</ItemStatus>
      <ItemId>62208</ItemId>
    </Item>
    <Item>
      <PriceUpdateDate>2025-06-22 12:10:45</PriceUpdateDate>
      <ItemCode>8001841300511</ItemCode>
      <ItemType>1</ItemType>
      <ItemName>טמפקס טמפונים קומפקט</ItemName>
      <ManufacturerName>p&amp;g</ManufacturerName>
      <ManufactureCountry>הונגריה</ManufactureCountry>
      <ManufacturerItemDescription>טמפקס טמפונים קומפקט</ManufacturerItemDescription>
      <UnitQty>יח'</UnitQty>
      <Quantity>16.00</Quantity>
      <UnitOfMeasure>יח'</UnitOfMeasure>
      <bIsWeighted>0</bIsWeighted>
      <QtyInPackage>לא ידוע</QtyInPackage>
      <ItemPrice>17.90</ItemPrice>
      <UnitOfMeasurePrice>1.1187</UnitOfMeasurePrice>
      <AllowDiscount>1</AllowDiscount>
      <ItemStatus>1</ItemStatus>
      <ItemId>145699</ItemId>
    </Item>
    <Item>
      <PriceUpdateDate>2025-06-23 08:57:24</PriceUpdateDate>
      <ItemCode>7290102394258</ItemCode>
      <ItemType>1</ItemType>
      <ItemName>מה עז 9% 180 גרם</ItemName>
      <ManufacturerName>מחלבת משק צוריאל</ManufacturerName>
      <ManufactureCountry>ישראל</ManufactureCountry>
      <ManufacturerItemDescription>משק צוריאל</ManufacturerItemDescription>
      <UnitQty>גרמים</UnitQty>
      <Quantity>180.00</Quantity>
      <UnitOfMeasure>100 גרם</UnitOfMeasure>
      <bIsWeighted>0</bIsWeighted>
      <QtyInPackage>לא ידוע</QtyInPackage>
      <ItemPrice>25.00</ItemPrice>
      <UnitOfMeasurePrice>0.1389</UnitOfMeasurePrice>
      <AllowDiscount>1</AllowDiscount>
      <ItemStatus>1</ItemStatus>
      <ItemId>14768</ItemId>
    </Item>
    <Item>
      <PriceUpdateDate>2025-06-23 08:57:31</PriceUpdateDate>
      <ItemCode>7290114311038</ItemCode>
      <ItemType>1</ItemType>
      <ItemName>שמנת מתוקה להקצפה 32</ItemName>
      <ManufacturerName>טרה</ManufacturerName>
      <ManufactureCountry>ישראל</ManufactureCountry>
      <ManufacturerItemDescription>שמנת מתוקה להקצפה 32</ManufacturerItemDescription>
      <UnitQty>מיליליטרים</UnitQty>
      <Quantity>250.00</Quantity>
      <UnitOfMeasure>100 מ"ל</UnitOfMeasure>
      <bIsWeighted>0</bIsWeighted>
      <QtyInPackage>לא ידוע</QtyInPackage>
      <ItemPrice>8.50</ItemPrice>
      <UnitOfMeasurePrice>0.0340</UnitOfMeasurePrice>
      <AllowDiscount>1</AllowDiscount>
      <ItemStatus>1</ItemStatus>
      <ItemId>79496</ItemId>
    </Item>
    <Item>
      <PriceUpdateDate>2025-06-23 13:10:06</PriceUpdateDate>
      <ItemCode>4017100219016</ItemCode>
      <ItemType>1</ItemType>
      <ItemName>פיקאפ חמישייה במילוי</ItemName>
      <ManufacturerName>בלזן</ManufacturerName>
      <ManufactureCountry>גרמניה</ManufactureCountry>
      <ManufacturerItemDescription>פיקאפ חמישייה במילוי</ManufacturerItemDescription>
      <UnitQty>גרמים</UnitQty>
      <Quantity>140.00</Quantity>
      <UnitOfMeasure>100 גרם</UnitOfMeasure>
      <bIsWeighted>0</bIsWeighted>
      <QtyInPackage>לא ידוע</QtyInPackage>
      <ItemPrice>14.90</ItemPrice>
      <UnitOfMeasurePrice>0.1064</UnitOfMeasurePrice>
      <AllowDiscount>1</AllowDiscount>
      <ItemStatus>1</ItemStatus>
      <ItemId>108349</ItemId>
    </Item>
    <Item>
      <PriceUpdateDate>2025-06-23 13:10:07</PriceUpdateDate>
      <ItemCode>8000070053465</ItemCode>
      <ItemType>1</ItemType>
      <ItemName>קפסולות קפה לוואצה א</ItemName>
      <ManufacturerName>לואיג'י לוואצה</ManufacturerName>
      <ManufactureCountry>איטליה</ManufactureCountry>
      <ManufacturerItemDescription>קפסולות קפה לוואצה א</ManufacturerItemDescription>
      <UnitQty>גרמים</UnitQty>
      <Quantity>88.80</Quantity>
      <UnitOfMeasure>100 גרם</UnitOfMeasure>
      <bIsWeighted>0</bIsWeighted>
      <QtyInPackage>לא ידוע</QtyInPackage>
      <ItemPrice>21.90</ItemPrice>
      <UnitOfMeasurePrice>0.2466</UnitOfMeasurePrice>
      <AllowDiscount>1</AllowDiscount>
      <ItemStatus>1</ItemStatus>
      <ItemId>97479</ItemId>
    </Item>
    <Item>
      <PriceUpdateDate>2025-06-23 13:10:07</PriceUpdateDate>
      <ItemCode>8000070053526</ItemCode>
      <ItemType>1</ItemType>
      <ItemName>קפסולות קפה לוואצה ר</ItemName>
      <ManufacturerName>לואיג'י לוואצה</ManufacturerName>
      <ManufactureCountry>איטליה</ManufactureCountry>
      <ManufacturerItemDescription>קפסולות קפה לוואצה ר</ManufacturerItemDescription>
      <UnitQty>גרמים</UnitQty>
      <Quantity>83.80</Quantity>
      <UnitOfMeasure>100 גרם</UnitOfMeasure>
      <bIsWeighted>0</bIsWeighted>
      <QtyInPackage>לא ידוע</QtyInPackage>
      <ItemPrice>21.90</ItemPrice>
      <UnitOfMeasurePrice>0.2613</UnitOfMeasurePrice>
      <AllowDiscount>1</AllowDiscount>
      <ItemStatus>1</ItemStatus>
      <ItemId>97480</ItemId>
    </Item>
    <Item>
      <PriceUpdateDate>2025-06-24 06:11:08</PriceUpdateDate>
      <ItemCode>8003520012906</ItemCode>
      <ItemType>1</ItemType>
      <ItemName>פלמוליב סבון ידיים ל</ItemName>
      <ManufacturerName>Colgate -ITALY</ManufacturerName>
      <ManufactureCountry>איטליה</ManufactureCountry>
      <ManufacturerItemDescription>פלמוליב</ManufacturerItemDescription>
      <UnitQty>מיליליטרים</UnitQty>
      <Quantity>300.00</Quantity>
      <UnitOfMeasure>100 מ"ל</UnitOfMeasure>
      <bIsWeighted>0</bIsWeighted>
      <QtyInPackage>לא ידוע</QtyInPackage>
      <ItemPrice>11.00</ItemPrice>
      <UnitOfMeasurePrice>0.0367</UnitOfMeasurePrice>
      <AllowDiscount>1</AllowDiscount>
      <ItemStatus>1</ItemStatus>
      <ItemId>145807</ItemId>
    </Item>
    <Item>
      <PriceUpdateDate>2025-06-24 07:19:07</PriceUpdateDate>
      <ItemCode>7290104728310</ItemCode>
      <ItemType>1</ItemType>
      <ItemName>שמנת להקצפה 38% מהדר</ItemName>
      <ManufacturerName>שטראוס גרופ</ManufacturerName>
      <ManufactureCountry>ישראל</ManufactureCountry>
      <ManufacturerItemDescription>יטבתה</ManufacturerItemDescription>
      <UnitQty>מיליליטרים</UnitQty>
      <Quantity>250.00</Quantity>
      <UnitOfMeasure>100 מ"ל</UnitOfMeasure>
      <bIsWeighted>0</bIsWeighted>
      <QtyInPackage>לא ידוע</QtyInPackage>
      <ItemPrice>7.56</ItemPrice>
      <UnitOfMeasurePrice>0.0302</UnitOfMeasurePrice>
      <AllowDiscount>1</AllowDiscount>
      <ItemStatus>1</ItemStatus>
      <ItemId>15061</ItemId>
    </Item>
    <Item>
      <PriceUpdateDate>2025-06-24 07:19:07</PriceUpdateDate>
      <ItemCode>7290105368904</ItemCode>
      <ItemType>1</ItemType>
      <ItemName>שמנת מתוקה להקצפה 32</ItemName>
      <ManufacturerName>שטראוס גרופ</ManufacturerName>
      <ManufactureCountry>ישראל</ManufactureCountry>
      <ManufacturerItemDescription>יטבתה</ManufacturerItemDescription>
      <UnitQty>מיליליטרים</UnitQty>
      <Quantity>250.00</Quantity>
      <UnitOfMeasure>100 מ"ל</UnitOfMeasure>
      <bIsWeighted>0</bIsWeighted>
      <QtyInPackage>לא ידוע</QtyInPackage>
      <ItemPrice>8.30</ItemPrice>
      <UnitOfMeasurePrice>0.0332</UnitOfMeasurePrice>
      <AllowDiscount>1</AllowDiscount>
      <ItemStatus>1</ItemStatus>
      <ItemId>15109</ItemId>
    </Item>
    <Item>
      <PriceUpdateDate>2025-06-24 07:19:11</PriceUpdateDate>
      <ItemCode>7290110558314</ItemCode>
      <ItemType>1</ItemType>
      <ItemName>דנונה פרו ללא סוכר פ</ItemName>
      <ManufacturerName>שטראוס גרופ</ManufacturerName>
      <ManufactureCountry>ישראל</ManufactureCountry>
      <ManufacturerItemDescription>דנונה פרו</ManufacturerItemDescription>
      <UnitQty>גרמים</UnitQty>
      <Quantity>200.00</Quantity>
      <UnitOfMeasure>100 גרם</UnitOfMeasure>
      <bIsWeighted>0</bIsWeighted>
      <QtyInPackage>לא ידוע</QtyInPackage>
      <ItemPrice>6.20</ItemPrice>
      <UnitOfMeasurePrice>0.0310</UnitOfMeasurePrice>
      <AllowDiscount>1</AllowDiscount>
      <ItemStatus>1</ItemStatus>
      <ItemId>83855</ItemId>
    </Item>
    <Item>
      <PriceUpdateDate>2025-06-24 14:19:42</PriceUpdateDate>
      <ItemCode>7290105040800</ItemCode>
      <ItemType>1</ItemType>
      <ItemName>בנפייבר סיבים תזונתי</ItemName>
      <ManufacturerName>לא ידוע</ManufacturerName>
      <ManufactureCountry>לא ידוע</ManufactureCountry>
      <ManufacturerItemDescription>בנפייבר סיבים תזונתי</ManufacturerItemDescription>
      <UnitQty>גרמים</UnitQty>
      <Quantity>155.00</Quantity>
      <UnitOfMeasure>100 גרם</UnitOfMeasure>
      <bIsWeighted>0</bIsWeighted>
      <QtyInPackage>לא ידוע</QtyInPackage>
      <ItemPrice>36.90</ItemPrice>
      <UnitOfMeasurePrice>0.2381</UnitOfMeasurePrice>
      <AllowDiscount>1</AllowDiscount>
      <ItemStatus>1</ItemStatus>
      <ItemId>145857</ItemId>
    </Item>
    <Item>
      <PriceUpdateDate>2025-06-29 12:59:45</PriceUpdateDate>
      <ItemCode>7290000501970</ItemCode>
      <ItemType>1</ItemType>
      <ItemName>אמנון טרי יחידה</ItemName>
      <ManufacturerName>לא ידוע</ManufacturerName>
      <ManufactureCountry>לא ידוע</ManufactureCountry>
      <ManufacturerItemDescription>אמנון טרי יחידה</ManufacturerItemDescription>
      <UnitQty>גרמים</UnitQty>
      <Quantity>400.00</Quantity>
      <UnitOfMeasure>100 גרם</UnitOfMeasure>
      <bIsWeighted>0</bIsWeighted>
      <QtyInPackage>לא ידוע</QtyInPackage>
      <ItemPrice>27.90</ItemPrice>
      <UnitOfMeasurePrice>0.0697</UnitOfMeasurePrice>
      <AllowDiscount>1</AllowDiscount>
      <ItemStatus>1</ItemStatus>
      <ItemId>63898</ItemId>
    </Item>
    <Item>
      <PriceUpdateDate>2025-07-03 08:12:35</PriceUpdateDate>
      <ItemCode>9000101589085</ItemCode>
      <ItemType>1</ItemType>
      <ItemName>ברף שלשות סבון לאסלה</ItemName>
      <ManufacturerName>הנקל</ManufacturerName>
      <ManufactureCountry>סרביה</ManufactureCountry>
      <ManufacturerItemDescription>ברף שלשות סבון לאסלה</ManufacturerItemDescription>
      <UnitQty>גרמים</UnitQty>
      <Quantity>150.00</Quantity>
      <UnitOfMeasure>100 גרם</UnitOfMeasure>
      <bIsWeighted>0</bIsWeighted>
      <QtyInPackage>לא ידוע</QtyInPackage>
      <ItemPrice>20.10</ItemPrice>
      <UnitOfMeasurePrice>0.1340</UnitOfMeasurePrice>
      <AllowDiscount>1</AllowDiscount>
      <ItemStatus>1</ItemStatus>
      <ItemId>99862</ItemId>
    </Item>
    <Item>
      <PriceUpdateDate>2025-07-03 11:15:08</PriceUpdateDate>
      <ItemCode>7290119046874</ItemCode>
      <ItemType>1</ItemType>
      <ItemName>עוגיות ביסקוטיני  שו</ItemName>
      <ManufacturerName>לא ידוע</ManufacturerName>
      <ManufactureCountry>לא ידוע</ManufactureCountry>
      <ManufacturerItemDescription>עוגיות ביסקוטיני  שו</ManufacturerItemDescription>
      <UnitQty>גרמים</UnitQty>
      <Quantity>250.00</Quantity>
      <UnitOfMeasure>100 גרם</UnitOfMeasure>
      <bIsWeighted>0</bIsWeighted>
      <QtyInPackage>לא ידוע</QtyInPackage>
      <ItemPrice>29.90</ItemPrice>
      <UnitOfMeasurePrice>0.1196</UnitOfMeasurePrice>
      <AllowDiscount>1</AllowDiscount>
      <ItemStatus>1</ItemStatus>
      <ItemId>146352</ItemId>
    </Item>
    <Item>
      <PriceUpdateDate>2025-07-03 11:15:08</PriceUpdateDate>
      <ItemCode>7290119046928</ItemCode>
      <ItemType>1</ItemType>
      <ItemName>עוגיות מיני טריקולד</ItemName>
      <ManufacturerName>לא ידוע</ManufacturerName>
      <ManufactureCountry>לא ידוע</ManufactureCountry>
      <ManufacturerItemDescription>עוגיות מיני טריקולד</ManufacturerItemDescription>
      <UnitQty>גרמים</UnitQty>
      <Quantity>250.00</Quantity>
      <UnitOfMeasure>100 גרם</UnitOfMeasure>
      <bIsWeighted>0</bIsWeighted>
      <QtyInPackage>לא ידוע</QtyInPackage>
      <ItemPrice>29.90</ItemPrice>
      <UnitOfMeasurePrice>0.1196</UnitOfMeasurePrice>
      <AllowDiscount>1</AllowDiscount>
      <ItemStatus>1</ItemStatus>
      <ItemId>146353</ItemId>
    </Item>
    <Item>
      <PriceUpdateDate>2025-07-03 11:15:09</PriceUpdateDate>
      <ItemCode>7290119049431</ItemCode>
      <ItemType>1</ItemType>
      <ItemName>עוגיות מיקס פיצוחים</ItemName>
      <ManufacturerName>לא ידוע</ManufacturerName>
      <ManufactureCountry>לא ידוע</ManufactureCountry>
      <ManufacturerItemDescription>עוגיות מיקס פיצוחים</ManufacturerItemDescription>
      <UnitQty>גרמים</UnitQty>
      <Quantity>200.00</Quantity>
      <UnitOfMeasure>100 גרם</UnitOfMeasure>
      <bIsWeighted>0</bIsWeighted>
      <QtyInPackage>לא ידוע</QtyInPackage>
      <ItemPrice>29.90</ItemPrice>
      <UnitOfMeasurePrice>0.1495</UnitOfMeasurePrice>
      <AllowDiscount>1</AllowDiscount>
      <ItemStatus>1</ItemStatus>
      <ItemId>146361</ItemId>
    </Item>
    <Item>
      <PriceUpdateDate>2025-07-03 14:10:52</PriceUpdateDate>
      <ItemCode>7290113560055</ItemCode>
      <ItemType>1</ItemType>
      <ItemName>מי פה בטעם מנטה מרענ</ItemName>
      <ManufacturerName>G.S.K</ManufacturerName>
      <ManufactureCountry>אנגליה</ManufactureCountry>
      <ManufacturerItemDescription>פרדונטקס</ManufacturerItemDescription>
      <UnitQty>מיליליטרים</UnitQty>
      <Quantity>500.00</Quantity>
      <UnitOfMeasure>100 מ"ל</UnitOfMeasure>
      <bIsWeighted>0</bIsWeighted>
      <QtyInPackage>לא ידוע</QtyInPackage>
      <ItemPrice>30.20</ItemPrice>
      <UnitOfMeasurePrice>0.0604</UnitOfMeasurePrice>
      <AllowDiscount>1</AllowDiscount>
      <ItemStatus>1</ItemStatus>
      <ItemId>64715</ItemId>
    </Item>
    <Item>
      <PriceUpdateDate>2025-07-04 09:50:09</PriceUpdateDate>
      <ItemCode>7290000331362</ItemCode>
      <ItemType>1</ItemType>
      <ItemName>סלמון מנות רביעיה תנ</ItemName>
      <ManufacturerName>טרוטל</ManufacturerName>
      <ManufactureCountry>נורווגיה</ManufactureCountry>
      <ManufacturerItemDescription>דגי תנובה</ManufacturerItemDescription>
      <UnitQty>קילוגרמים</UnitQty>
      <Quantity>1.00</Quantity>
      <UnitOfMeasure>ק"ג</UnitOfMeasure>
      <bIsWeighted>1</bIsWeighted>
      <QtyInPackage>לא ידוע</QtyInPackage>
      <ItemPrice>89.90</ItemPrice>
      <UnitOfMeasurePrice>89.9000</UnitOfMeasurePrice>
      <AllowDiscount>1</AllowDiscount>
      <ItemStatus>1</ItemStatus>
      <ItemId>146450</ItemId>
    </Item>
    <Item>
      <PriceUpdateDate>2025-07-07 09:43:01</PriceUpdateDate>
      <ItemCode>7290000333168</ItemCode>
      <ItemType>1</ItemType>
      <ItemName>בשר  מס 5 חלק מעובד</ItemName>
      <ManufacturerName>כל הבשר</ManufacturerName>
      <ManufactureCountry>ישראל</ManufactureCountry>
      <ManufacturerItemDescription>כל הבשר</ManufacturerItemDescription>
      <UnitQty>קילוגרמים</UnitQty>
      <Quantity>1.00</Quantity>
      <UnitOfMeasure>ק"ג</UnitOfMeasure>
      <bIsWeighted>1</bIsWeighted>
      <QtyInPackage>לא ידוע</QtyInPackage>
      <ItemPrice>48.90</ItemPrice>
      <UnitOfMeasurePrice>48.9000</UnitOfMeasurePrice>
      <AllowDiscount>1</AllowDiscount>
      <ItemStatus>1</ItemStatus>
      <ItemId>146695</ItemId>
    </Item>
    <Item>
      <PriceUpdateDate>2025-07-07 10:38:12</PriceUpdateDate>
      <ItemCode>7290000333519</ItemCode>
      <ItemType>1</ItemType>
      <ItemName>בשר מס 8 חלק קפוא</ItemName>
      <ManufacturerName>פריגוריפיקו קונספסיו</ManufacturerName>
      <ManufactureCountry>פרגוואי</ManufactureCountry>
      <ManufacturerItemDescription>WINNERFOOD</ManufacturerItemDescription>
      <UnitQty>קילוגרמים</UnitQty>
      <Quantity>1.00</Quantity>
      <UnitOfMeasure>ק"ג</UnitOfMeasure>
      <bIsWeighted>1</bIsWeighted>
      <QtyInPackage>לא ידוע</QtyInPackage>
      <ItemPrice>39.90</ItemPrice>
      <UnitOfMeasurePrice>39.9000</UnitOfMeasurePrice>
      <AllowDiscount>1</AllowDiscount>
      <ItemStatus>1</ItemStatus>
      <ItemId>146713</ItemId>
    </Item>
    <Item>
      <PriceUpdateDate>2025-07-07 13:21:53</PriceUpdateDate>
      <ItemCode>7290000365114</ItemCode>
      <ItemType>1</ItemType>
      <ItemName>כתף בקר מפולפל 120</ItemName>
      <ManufacturerName>טירת- צבי</ManufacturerName>
      <ManufactureCountry>ישראל</ManufactureCountry>
      <ManufacturerItemDescription>טירת- צבי</ManufacturerItemDescription>
      <UnitQty>גרמים</UnitQty>
      <Quantity>120.00</Quantity>
      <UnitOfMeasure>100 גרם</UnitOfMeasure>
      <bIsWeighted>0</bIsWeighted>
      <QtyInPackage>לא ידוע</QtyInPackage>
      <ItemPrice>27.90</ItemPrice>
      <UnitOfMeasurePrice>0.2325</UnitOfMeasurePrice>
      <AllowDiscount>1</AllowDiscount>
      <ItemStatus>1</ItemStatus>
      <ItemId>146825</ItemId>
    </Item>
    <Item>
      <PriceUpdateDate>2025-07-16 14:26:01</PriceUpdateDate>
      <ItemCode>7290000889146</ItemCode>
      <ItemType>1</ItemType>
      <ItemName>פרגית במילוי</ItemName>
      <ManufacturerName>יצור עצמי</ManufacturerName>
      <ManufactureCountry>ישראל</ManufactureCountry>
      <ManufacturerItemDescription>פרגית במילוי שזיפים</ManufacturerItemDescription>
      <UnitQty>קילוגרמים</UnitQty>
      <Quantity>1.00</Quantity>
      <UnitOfMeasure>ק"ג</UnitOfMeasure>
      <bIsWeighted>1</bIsWeighted>
      <QtyInPackage>לא ידוע</QtyInPackage>
      <ItemPrice>99.00</ItemPrice>
      <UnitOfMeasurePrice>99.0000</UnitOfMeasurePrice>
      <AllowDiscount>1</AllowDiscount>
      <ItemStatus>1</ItemStatus>
      <ItemId>353</ItemId>
    </Item>
    <Item>
      <PriceUpdateDate>2025-07-18 06:08:33</PriceUpdateDate>
      <ItemCode>7290117840924</ItemCode>
      <ItemType>1</ItemType>
      <ItemName>עוגת פס בלק אנד וויט</ItemName>
      <ManufacturerName>ביסקוטי</ManufacturerName>
      <ManufactureCountry>ישראל</ManufactureCountry>
      <ManufacturerItemDescription>עוגת פס בלק אנד וויט</ManufacturerItemDescription>
      <UnitQty>גרמים</UnitQty>
      <Quantity>500.00</Quantity>
      <UnitOfMeasure>100 גרם</UnitOfMeasure>
      <bIsWeighted>0</bIsWeighted>
      <QtyInPackage>לא ידוע</QtyInPackage>
      <ItemPrice>59.90</ItemPrice>
      <UnitOfMeasurePrice>0.1198</UnitOfMeasurePrice>
      <AllowDiscount>1</AllowDiscount>
      <ItemStatus>1</ItemStatus>
      <ItemId>147447</ItemId>
    </Item>
    <Item>
      <PriceUpdateDate>2025-07-20 08:02:32</PriceUpdateDate>
      <ItemCode>7290002967941</ItemCode>
      <ItemType>1</ItemType>
      <ItemName>סלט חומוס עם פטריות</ItemName>
      <ManufacturerName>סלטי שמיר 2006 בע"מ</ManufacturerName>
      <ManufactureCountry>ישראל</ManufactureCountry>
      <ManufacturerItemDescription>סלטי שמיר</ManufacturerItemDescription>
      <UnitQty>גרמים</UnitQty>
      <Quantity>200.00</Quantity>
      <UnitOfMeasure>100 גרם</UnitOfMeasure>
      <bIsWeighted>0</bIsWeighted>
      <QtyInPackage>לא ידוע</QtyInPackage>
      <ItemPrice>10.90</ItemPrice>
      <UnitOfMeasurePrice>0.0545</UnitOfMeasurePrice>
      <AllowDiscount>1</AllowDiscount>
      <ItemStatus>1</ItemStatus>
      <ItemId>112326</ItemId>
    </Item>
    <Item>
      <PriceUpdateDate>2025-07-20 08:02:39</PriceUpdateDate>
      <ItemCode>7290019293613</ItemCode>
      <ItemType>1</ItemType>
      <ItemName>לה קרמריה באבל גאם</ItemName>
      <ManufacturerName>גלידות נסטלה</ManufacturerName>
      <ManufactureCountry>ישראל</ManufactureCountry>
      <ManufacturerItemDescription>לה קרמריה</ManufacturerItemDescription>
      <UnitQty>ליטרים</UnitQty>
      <Quantity>1.40</Quantity>
      <UnitOfMeasure>ליטר    </UnitOfMeasure>
      <bIsWeighted>0</bIsWeighted>
      <QtyInPackage>לא ידוע</QtyInPackage>
      <ItemPrice>20.90</ItemPrice>
      <UnitOfMeasurePrice>14.9286</UnitOfMeasurePrice>
      <AllowDiscount>1</AllowDiscount>
      <ItemStatus>1</ItemStatus>
      <ItemId>88495</ItemId>
    </Item>
    <Item>
      <PriceUpdateDate>2025-07-20 08:02:43</PriceUpdateDate>
      <ItemCode>8695543007924</ItemCode>
      <ItemType>1</ItemType>
      <ItemName>גבינת רסטה 150 ג'</ItemName>
      <ManufacturerName>מורטבי גידה</ManufacturerName>
      <ManufactureCountry>תורכיה</ManufactureCountry>
      <ManufacturerItemDescription>גבינת רסטה 150 ג'</ManufacturerItemDescription>
      <UnitQty>גרמים</UnitQty>
      <Quantity>150.00</Quantity>
      <UnitOfMeasure>100 גרם</UnitOfMeasure>
      <bIsWeighted>0</bIsWeighted>
      <QtyInPackage>לא ידוע</QtyInPackage>
      <ItemPrice>19.90</ItemPrice>
      <UnitOfMeasurePrice>0.1327</UnitOfMeasurePrice>
      <AllowDiscount>1</AllowDiscount>
      <ItemStatus>1</ItemStatus>
      <ItemId>97610</ItemId>
    </Item>
    <Item>
      <PriceUpdateDate>2025-07-20 11:01:27</PriceUpdateDate>
      <ItemCode>7290000170053</ItemCode>
      <ItemType>1</ItemType>
      <ItemName>שוקולד חלב 100 גרם מ</ItemName>
      <ManufacturerName>שטראוס גרופ</ManufacturerName>
      <ManufactureCountry>ישראל</ManufactureCountry>
      <ManufacturerItemDescription>עלית</ManufacturerItemDescription>
      <UnitQty>גרמים</UnitQty>
      <Quantity>100.00</Quantity>
      <UnitOfMeasure>100 גרם</UnitOfMeasure>
      <bIsWeighted>0</bIsWeighted>
      <QtyInPackage>לא ידוע</QtyInPackage>
      <ItemPrice>8.50</ItemPrice>
      <UnitOfMeasurePrice>0.0850</UnitOfMeasurePrice>
      <AllowDiscount>1</AllowDiscount>
      <ItemStatus>1</ItemStatus>
      <ItemId>40034</ItemId>
    </Item>
    <Item>
      <PriceUpdateDate>2025-07-20 11:01:27</PriceUpdateDate>
      <ItemCode>7290000170077</ItemCode>
      <ItemType>1</ItemType>
      <ItemName>שוקולד מריר 100  גרם</ItemName>
      <ManufacturerName>שטראוס גרופ</ManufacturerName>
      <ManufactureCountry>ישראל</ManufactureCountry>
      <ManufacturerItemDescription>עלית</ManufacturerItemDescription>
      <UnitQty>גרמים</UnitQty>
      <Quantity>100.00</Quantity>
      <UnitOfMeasure>100 גרם</UnitOfMeasure>
      <bIsWeighted>0</bIsWeighted>
      <QtyInPackage>לא ידוע</QtyInPackage>
      <ItemPrice>8.50</ItemPrice>
      <UnitOfMeasurePrice>0.0850</UnitOfMeasurePrice>
      <AllowDiscount>1</AllowDiscount>
      <ItemStatus>1</ItemStatus>
      <ItemId>40035</ItemId>
    </Item>
    <Item>
      <PriceUpdateDate>2025-07-20 11:01:31</PriceUpdateDate>
      <ItemCode>7290119377053</ItemCode>
      <ItemType>1</ItemType>
      <ItemName>ממרח פסק זמן פרה 500</ItemName>
      <ManufacturerName>שטראוס</ManufacturerName>
      <ManufactureCountry>ישראל</ManufactureCountry>
      <ManufacturerItemDescription>ממרח פסק זמן פרה 500</ManufacturerItemDescription>
      <UnitQty>גרמים</UnitQty>
      <Quantity>500.00</Quantity>
      <UnitOfMeasure>100 גרם</UnitOfMeasure>
      <bIsWeighted>0</bIsWeighted>
      <QtyInPackage>לא ידוע</QtyInPackage>
      <ItemPrice>21.90</ItemPrice>
      <UnitOfMeasurePrice>0.0438</UnitOfMeasurePrice>
      <AllowDiscount>1</AllowDiscount>
      <ItemStatus>1</ItemStatus>
      <ItemId>139657</ItemId>
    </Item>
    <Item>
      <PriceUpdateDate>2025-07-23 07:46:28</PriceUpdateDate>
      <ItemCode>7290108357462</ItemCode>
      <ItemType>1</ItemType>
      <ItemName>קרם לחות עם קולגן  3</ItemName>
      <ManufacturerName>סנו</ManufacturerName>
      <ManufactureCountry>ישראל</ManufactureCountry>
      <ManufacturerItemDescription>קרם לחות עם קולגן  3</ManufacturerItemDescription>
      <UnitQty>מיליליטרים</UnitQty>
      <Quantity>350.00</Quantity>
      <UnitOfMeasure>100 מ"ל</UnitOfMeasure>
      <bIsWeighted>0</bIsWeighted>
      <QtyInPackage>לא ידוע</QtyInPackage>
      <ItemPrice>19.90</ItemPrice>
      <UnitOfMeasurePrice>0.0569</UnitOfMeasurePrice>
      <AllowDiscount>1</AllowDiscount>
      <ItemStatus>1</ItemStatus>
      <ItemId>147677</ItemId>
    </Item>
    <Item>
      <PriceUpdateDate>2025-07-27 06:51:30</PriceUpdateDate>
      <ItemCode>7290019398257</ItemCode>
      <ItemType>1</ItemType>
      <ItemName>שישיית בירה הוגרדן 6</ItemName>
      <ManufacturerName>לא ידוע</ManufacturerName>
      <ManufactureCountry>בלגיה</ManufactureCountry>
      <ManufacturerItemDescription>שישיית בירה הוגרדן 6</ManufacturerItemDescription>
      <UnitQty>ליטרים</UnitQty>
      <Quantity>1.98</Quantity>
      <UnitOfMeasure>ליטר    </UnitOfMeasure>
      <bIsWeighted>0</bIsWeighted>
      <QtyInPackage>לא ידוע</QtyInPackage>
      <ItemPrice>49.90</ItemPrice>
      <UnitOfMeasurePrice>25.2020</UnitOfMeasurePrice>
      <AllowDiscount>1</AllowDiscount>
      <ItemStatus>1</ItemStatus>
      <ItemId>102095</ItemId>
    </Item>
    <Item>
      <PriceUpdateDate>2025-07-27 12:13:23</PriceUpdateDate>
      <ItemCode>8445291537590</ItemCode>
      <ItemType>1</ItemType>
      <ItemName>פליקס שלוקים עוף 40</ItemName>
      <ManufacturerName>לא ידוע</ManufacturerName>
      <ManufactureCountry>גרמניה</ManufactureCountry>
      <ManufacturerItemDescription>פליקס שלוקים עוף 40</ManufacturerItemDescription>
      <UnitQty>גרמים</UnitQty>
      <Quantity>40.00</Quantity>
      <UnitOfMeasure>100 גרם</UnitOfMeasure>
      <bIsWeighted>0</bIsWeighted>
      <QtyInPackage>לא ידוע</QtyInPackage>
      <ItemPrice>16.90</ItemPrice>
      <UnitOfMeasurePrice>0.4225</UnitOfMeasurePrice>
      <AllowDiscount>1</AllowDiscount>
      <ItemStatus>1</ItemStatus>
      <ItemId>147844</ItemId>
    </Item>
    <Item>
      <PriceUpdateDate>2025-07-29 10:21:48</PriceUpdateDate>
      <ItemCode>835811007500</ItemCode>
      <ItemType>1</ItemType>
      <ItemName>צלחות לעוגה שקוף 50</ItemName>
      <ManufacturerName>לא ידוע</ManufacturerName>
      <ManufactureCountry>סין</ManufactureCountry>
      <ManufacturerItemDescription>צלחות לעוגה שקוף 50</ManufacturerItemDescription>
      <UnitQty>יח'</UnitQty>
      <Quantity>50.00</Quantity>
      <UnitOfMeasure>יח'</UnitOfMeasure>
      <bIsWeighted>0</bIsWeighted>
      <QtyInPackage>לא ידוע</QtyInPackage>
      <ItemPrice>19.90</ItemPrice>
      <UnitOfMeasurePrice>0.3980</UnitOfMeasurePrice>
      <AllowDiscount>1</AllowDiscount>
      <ItemStatus>1</ItemStatus>
      <ItemId>112772</ItemId>
    </Item>
    <Item>
      <PriceUpdateDate>2025-07-29 10:23:57</PriceUpdateDate>
      <ItemCode>7290017715964</ItemCode>
      <ItemType>1</ItemType>
      <ItemName>רסק תפוחי עץ עם אפרס</ItemName>
      <ManufacturerName>GROWERS CHERRY</ManufacturerName>
      <ManufactureCountry>ארצות הברית</ManufactureCountry>
      <ManufacturerItemDescription>רסק תפוחי עץ דיאט רביעיה</ManufacturerItemDescription>
      <UnitQty>גרמים</UnitQty>
      <Quantity>452.00</Quantity>
      <UnitOfMeasure>100 גרם</UnitOfMeasure>
      <bIsWeighted>0</bIsWeighted>
      <QtyInPackage>לא ידוע</QtyInPackage>
      <ItemPrice>12.90</ItemPrice>
      <UnitOfMeasurePrice>0.0285</UnitOfMeasurePrice>
      <AllowDiscount>1</AllowDiscount>
      <ItemStatus>1</ItemStatus>
      <ItemId>65546</ItemId>
    </Item>
    <Item>
      <PriceUpdateDate>2025-07-29 15:30:12</PriceUpdateDate>
      <ItemCode>7290108357615</ItemCode>
      <ItemType>1</ItemType>
      <ItemName>דאודורנט רולאון בניח</ItemName>
      <ManufacturerName>לא ידוע</ManufacturerName>
      <ManufactureCountry>לא ידוע</ManufactureCountry>
      <ManufacturerItemDescription>קרמה</ManufacturerItemDescription>
      <UnitQty>מיליליטרים</UnitQty>
      <Quantity>75.00</Quantity>
      <UnitOfMeasure>100 מ"ל</UnitOfMeasure>
      <bIsWeighted>0</bIsWeighted>
      <QtyInPackage>לא ידוע</QtyInPackage>
      <ItemPrice>12.90</ItemPrice>
      <UnitOfMeasurePrice>0.1720</UnitOfMeasurePrice>
      <AllowDiscount>1</AllowDiscount>
      <ItemStatus>1</ItemStatus>
      <ItemId>147996</ItemId>
    </Item>
    <Item>
      <PriceUpdateDate>2025-08-03 08:19:17</PriceUpdateDate>
      <ItemCode>7290010766185</ItemCode>
      <ItemType>1</ItemType>
      <ItemName>רוטב לפסטה עגבניות ו</ItemName>
      <ManufacturerName>אוליביה</ManufacturerName>
      <ManufactureCountry>ישראל</ManufactureCountry>
      <ManufacturerItemDescription>אוליביה</ManufacturerItemDescription>
      <UnitQty>גרמים</UnitQty>
      <Quantity>420.00</Quantity>
      <UnitOfMeasure>100 גרם</UnitOfMeasure>
      <bIsWeighted>0</bIsWeighted>
      <QtyInPackage>לא ידוע</QtyInPackage>
      <ItemPrice>14.60</ItemPrice>
      <UnitOfMeasurePrice>0.0348</UnitOfMeasurePrice>
      <AllowDiscount>1</AllowDiscount>
      <ItemStatus>1</ItemStatus>
      <ItemId>7015</ItemId>
    </Item>
    <Item>
      <PriceUpdateDate>2025-08-03 08:19:17</PriceUpdateDate>
      <ItemCode>7290010766734</ItemCode>
      <ItemType>1</ItemType>
      <ItemName>רוטב פיצה אוליביה 43</ItemName>
      <ManufacturerName>אוליביה</ManufacturerName>
      <ManufactureCountry>ישראל</ManufactureCountry>
      <ManufacturerItemDescription>אוליביה</ManufacturerItemDescription>
      <UnitQty>גרמים</UnitQty>
      <Quantity>430.00</Quantity>
      <UnitOfMeasure>100 גרם</UnitOfMeasure>
      <bIsWeighted>0</bIsWeighted>
      <QtyInPackage>לא ידוע</QtyInPackage>
      <ItemPrice>14.60</ItemPrice>
      <UnitOfMeasurePrice>0.0340</UnitOfMeasurePrice>
      <AllowDiscount>1</AllowDiscount>
      <ItemStatus>1</ItemStatus>
      <ItemId>7019</ItemId>
    </Item>
    <Item>
      <PriceUpdateDate>2025-08-03 08:19:26</PriceUpdateDate>
      <ItemCode>7290019014645</ItemCode>
      <ItemType>1</ItemType>
      <ItemName>מסיר כתמים 500 מל TN</ItemName>
      <ManufacturerName>לא ידוע</ManufacturerName>
      <ManufactureCountry>ישראל</ManufactureCountry>
      <ManufacturerItemDescription>מסיר כתמים 500 מל TN</ManufacturerItemDescription>
      <UnitQty>מיליליטרים</UnitQty>
      <Quantity>500.00</Quantity>
      <UnitOfMeasure>100 מ"ל</UnitOfMeasure>
      <bIsWeighted>0</bIsWeighted>
      <QtyInPackage>לא ידוע</QtyInPackage>
      <ItemPrice>24.90</ItemPrice>
      <UnitOfMeasurePrice>0.0498</UnitOfMeasurePrice>
      <AllowDiscount>1</AllowDiscount>
      <ItemStatus>1</ItemStatus>
      <ItemId>122366</ItemId>
    </Item>
    <Item>
      <PriceUpdateDate>2025-08-03 08:19:56</PriceUpdateDate>
      <ItemCode>7613034146656</ItemCode>
      <ItemType>1</ItemType>
      <ItemName>פורינה ONE מיני בוגר</ItemName>
      <ManufacturerName>פורינה</ManufacturerName>
      <ManufactureCountry>איטליה</ManufactureCountry>
      <ManufacturerItemDescription>פורינה</ManufacturerItemDescription>
      <UnitQty>קילוגרמים</UnitQty>
      <Quantity>1.50</Quantity>
      <UnitOfMeasure>ק"ג     </UnitOfMeasure>
      <bIsWeighted>0</bIsWeighted>
      <QtyInPackage>לא ידוע</QtyInPackage>
      <ItemPrice>59.90</ItemPrice>
      <UnitOfMeasurePrice>39.9333</UnitOfMeasurePrice>
      <AllowDiscount>1</AllowDiscount>
      <ItemStatus>1</ItemStatus>
      <ItemId>59692</ItemId>
    </Item>
    <Item>
      <PriceUpdateDate>2025-08-03 08:20:05</PriceUpdateDate>
      <ItemCode>8718951690974</ItemCode>
      <ItemType>1</ItemType>
      <ItemName>משחת שיניים טוטאל שי</ItemName>
      <ManufacturerName>CP</ManufacturerName>
      <ManufactureCountry>פולין</ManufactureCountry>
      <ManufacturerItemDescription>משחת שיניים טוטאל שי</ManufacturerItemDescription>
      <UnitQty>מיליליטרים</UnitQty>
      <Quantity>75.00</Quantity>
      <UnitOfMeasure>100 מ"ל</UnitOfMeasure>
      <bIsWeighted>0</bIsWeighted>
      <QtyInPackage>לא ידוע</QtyInPackage>
      <ItemPrice>19.90</ItemPrice>
      <UnitOfMeasurePrice>0.2653</UnitOfMeasurePrice>
      <AllowDiscount>1</AllowDiscount>
      <ItemStatus>1</ItemStatus>
      <ItemId>142111</ItemId>
    </Item>
    <Item>
      <PriceUpdateDate>2025-08-04 07:27:20</PriceUpdateDate>
      <ItemCode>7290000023083</ItemCode>
      <ItemType>1</ItemType>
      <ItemName>עארק אשקלון 700 מ"ל</ItemName>
      <ManufacturerName>ברקן סגל</ManufacturerName>
      <ManufactureCountry>ישראל</ManufactureCountry>
      <ManufacturerItemDescription>ערק אשקלון</ManufacturerItemDescription>
      <UnitQty>מיליליטרים</UnitQty>
      <Quantity>700.00</Quantity>
      <UnitOfMeasure>100 מ"ל</UnitOfMeasure>
      <bIsWeighted>0</bIsWeighted>
      <QtyInPackage>לא ידוע</QtyInPackage>
      <ItemPrice>54.90</ItemPrice>
      <UnitOfMeasurePrice>0.0784</UnitOfMeasurePrice>
      <AllowDiscount>1</AllowDiscount>
      <ItemStatus>1</ItemStatus>
      <ItemId>39514</ItemId>
    </Item>
    <Item>
      <PriceUpdateDate>2025-08-05 06:10:32</PriceUpdateDate>
      <ItemCode>7296021314315</ItemCode>
      <ItemType>1</ItemType>
      <ItemName>מיכל אחסון מלבני פלס</ItemName>
      <ManufacturerName>לא ידוע</ManufacturerName>
      <ManufactureCountry>לא ידוע</ManufactureCountry>
      <ManufacturerItemDescription>מיכל אחסון מלבני פלס</ManufacturerItemDescription>
      <UnitQty>יח'</UnitQty>
      <Quantity>1.00</Quantity>
      <UnitOfMeasure>יח'</UnitOfMeasure>
      <bIsWeighted>0</bIsWeighted>
      <QtyInPackage>לא ידוע</QtyInPackage>
      <ItemPrice>12.90</ItemPrice>
      <UnitOfMeasurePrice>12.9000</UnitOfMeasurePrice>
      <AllowDiscount>1</AllowDiscount>
      <ItemStatus>1</ItemStatus>
      <ItemId>148280</ItemId>
    </Item>
    <Item>
      <PriceUpdateDate>2025-08-10 14:19:56</PriceUpdateDate>
      <ItemCode>7290008863070</ItemCode>
      <ItemType>1</ItemType>
      <ItemName>אקלרים במילוי קרם חמ</ItemName>
      <ManufacturerName>קונדיטוריית וולפסון</ManufacturerName>
      <ManufactureCountry>ישראל</ManufactureCountry>
      <ManufacturerItemDescription>קונדיטורית וולפסון</ManufacturerItemDescription>
      <UnitQty>גרמים</UnitQty>
      <Quantity>350.00</Quantity>
      <UnitOfMeasure>100 גרם</UnitOfMeasure>
      <bIsWeighted>0</bIsWeighted>
      <QtyInPackage>לא ידוע</QtyInPackage>
      <ItemPrice>29.90</ItemPrice>
      <UnitOfMeasurePrice>0.0854</UnitOfMeasurePrice>
      <AllowDiscount>1</AllowDiscount>
      <ItemStatus>1</ItemStatus>
      <ItemId>43388</ItemId>
    </Item>
    <Item>
      <PriceUpdateDate>2025-08-10 14:58:46</PriceUpdateDate>
      <ItemCode>7290008863346</ItemCode>
      <ItemType>1</ItemType>
      <ItemName>עוגת שכבות טורט בטעם</ItemName>
      <ManufacturerName>קונדיטוריית וולפסון</ManufacturerName>
      <ManufactureCountry>ישראל</ManufactureCountry>
      <ManufacturerItemDescription>קונדיטורית וולפסון</ManufacturerItemDescription>
      <UnitQty>גרמים</UnitQty>
      <Quantity>380.00</Quantity>
      <UnitOfMeasure>100 גרם</UnitOfMeasure>
      <bIsWeighted>0</bIsWeighted>
      <QtyInPackage>לא ידוע</QtyInPackage>
      <ItemPrice>44.90</ItemPrice>
      <UnitOfMeasurePrice>0.1182</UnitOfMeasurePrice>
      <AllowDiscount>1</AllowDiscount>
      <ItemStatus>1</ItemStatus>
      <ItemId>148537</ItemId>
    </Item>
    <Item>
      <PriceUpdateDate>2025-08-12 08:16:04</PriceUpdateDate>
      <ItemCode>7290110579463</ItemCode>
      <ItemType>1</ItemType>
      <ItemName>שוקולד חלב שברי אגוז</ItemName>
      <ManufacturerName>שטראוס גרופ</ManufacturerName>
      <ManufactureCountry>ישראל</ManufactureCountry>
      <ManufacturerItemDescription>עלית</ManufacturerItemDescription>
      <UnitQty>גרמים</UnitQty>
      <Quantity>100.00</Quantity>
      <UnitOfMeasure>100 גרם</UnitOfMeasure>
      <bIsWeighted>0</bIsWeighted>
      <QtyInPackage>לא ידוע</QtyInPackage>
      <ItemPrice>8.50</ItemPrice>
      <UnitOfMeasurePrice>0.0850</UnitOfMeasurePrice>
      <AllowDiscount>1</AllowDiscount>
      <ItemStatus>1</ItemStatus>
      <ItemId>148605</ItemId>
    </Item>
    <Item>
      <PriceUpdateDate>2025-08-13 06:29:03</PriceUpdateDate>
      <ItemCode>7290108358377</ItemCode>
      <ItemType>1</ItemType>
      <ItemName>אנטי קאלק למכונות קפ</ItemName>
      <ManufacturerName>סנו</ManufacturerName>
      <ManufactureCountry>ישראל</ManufactureCountry>
      <ManufacturerItemDescription>אנטי קאלק למכונות קפ</ManufacturerItemDescription>
      <UnitQty>מיליליטרים</UnitQty>
      <Quantity>700.00</Quantity>
      <UnitOfMeasure>100 מ"ל</UnitOfMeasure>
      <bIsWeighted>0</bIsWeighted>
      <QtyInPackage>לא ידוע</QtyInPackage>
      <ItemPrice>18.90</ItemPrice>
      <UnitOfMeasurePrice>0.0270</UnitOfMeasurePrice>
      <AllowDiscount>1</AllowDiscount>
      <ItemStatus>1</ItemStatus>
      <ItemId>148658</ItemId>
    </Item>
    <Item>
      <PriceUpdateDate>2025-08-13 10:25:53</PriceUpdateDate>
      <ItemCode>7290000067407</ItemCode>
      <ItemType>1</ItemType>
      <ItemName>פירורית מתובל 200 גר</ItemName>
      <ManufacturerName>עינת תעשיות מזון אגו</ManufacturerName>
      <ManufactureCountry>ישראל</ManufactureCountry>
      <ManufacturerItemDescription>אסם</ManufacturerItemDescription>
      <UnitQty>גרמים</UnitQty>
      <Quantity>200.00</Quantity>
      <UnitOfMeasure>100 גרם</UnitOfMeasure>
      <bIsWeighted>0</bIsWeighted>
      <QtyInPackage>לא ידוע</QtyInPackage>
      <ItemPrice>7.20</ItemPrice>
      <UnitOfMeasurePrice>0.0360</UnitOfMeasurePrice>
      <AllowDiscount>1</AllowDiscount>
      <ItemStatus>1</ItemStatus>
      <ItemId>38445</ItemId>
    </Item>
    <Item>
      <PriceUpdateDate>2025-08-13 12:23:26</PriceUpdateDate>
      <ItemCode>7290019644200</ItemCode>
      <ItemType>1</ItemType>
      <ItemName>זוג שוקולד לבן כרמית</ItemName>
      <ManufacturerName>כרמית</ManufacturerName>
      <ManufactureCountry>ישראל</ManufactureCountry>
      <ManufacturerItemDescription>זוג שוקולד לבן כרמית</ManufacturerItemDescription>
      <UnitQty>גרמים</UnitQty>
      <Quantity>200.00</Quantity>
      <UnitOfMeasure>100 גרם</UnitOfMeasure>
      <bIsWeighted>0</bIsWeighted>
      <QtyInPackage>לא ידוע</QtyInPackage>
      <ItemPrice>15.90</ItemPrice>
      <UnitOfMeasurePrice>0.0795</UnitOfMeasurePrice>
      <AllowDiscount>1</AllowDiscount>
      <ItemStatus>1</ItemStatus>
      <ItemId>96971</ItemId>
    </Item>
    <Item>
      <PriceUpdateDate>2025-08-13 12:26:20</PriceUpdateDate>
      <ItemCode>5410316959810</ItemCode>
      <ItemType>1</ItemType>
      <ItemName>סמירנוף אייס פחית 25</ItemName>
      <ManufacturerName>דיאג'ו אופריישנס</ManufacturerName>
      <ManufactureCountry>איטליה</ManufactureCountry>
      <ManufacturerItemDescription>סמירנוף אייס פחית 25</ManufacturerItemDescription>
      <UnitQty>מיליליטרים</UnitQty>
      <Quantity>250.00</Quantity>
      <UnitOfMeasure>100 מ"ל</UnitOfMeasure>
      <bIsWeighted>0</bIsWeighted>
      <QtyInPackage>לא ידוע</QtyInPackage>
      <ItemPrice>13.90</ItemPrice>
      <UnitOfMeasurePrice>0.0556</UnitOfMeasurePrice>
      <AllowDiscount>1</AllowDiscount>
      <ItemStatus>1</ItemStatus>
      <ItemId>148706</ItemId>
    </Item>
    <Item>
      <PriceUpdateDate>2025-08-14 09:49:46</PriceUpdateDate>
      <ItemCode>3523230025638</ItemCode>
      <ItemType>1</ItemType>
      <ItemName>*מבצע* גבינת בושה עי</ItemName>
      <ManufacturerName>אוריאל</ManufacturerName>
      <ManufactureCountry>צרפת</ManufactureCountry>
      <ManufacturerItemDescription>*מבצע* גבינת בושה עי</ManufacturerItemDescription>
      <UnitQty>גרמים</UnitQty>
      <Quantity>125.00</Quantity>
      <UnitOfMeasure>100 גרם</UnitOfMeasure>
      <bIsWeighted>0</bIsWeighted>
      <QtyInPackage>לא ידוע</QtyInPackage>
      <ItemPrice>19.90</ItemPrice>
      <UnitOfMeasurePrice>0.1592</UnitOfMeasurePrice>
      <AllowDiscount>1</AllowDiscount>
      <ItemStatus>1</ItemStatus>
      <ItemId>43812</ItemId>
    </Item>
    <Item>
      <PriceUpdateDate>2025-08-20 07:06:46</PriceUpdateDate>
      <ItemCode>7290000692210</ItemCode>
      <ItemType>1</ItemType>
      <ItemName>אג'קס ניקוי רצפות וכ</ItemName>
      <ManufacturerName>Colgate - Greece</ManufacturerName>
      <ManufactureCountry>יוון</ManufactureCountry>
      <ManufacturerItemDescription>אג'קס</ManufacturerItemDescription>
      <UnitQty>ליטרים</UnitQty>
      <Quantity>2.00</Quantity>
      <UnitOfMeasure>ליטר    </UnitOfMeasure>
      <bIsWeighted>0</bIsWeighted>
      <QtyInPackage>לא ידוע</QtyInPackage>
      <ItemPrice>19.90</ItemPrice>
      <UnitOfMeasurePrice>9.9500</UnitOfMeasurePrice>
      <AllowDiscount>1</AllowDiscount>
      <ItemStatus>1</ItemStatus>
      <ItemId>40916</ItemId>
    </Item>
    <Item>
      <PriceUpdateDate>2025-08-29 06:53:57</PriceUpdateDate>
      <ItemCode>7290117034705</ItemCode>
      <ItemType>1</ItemType>
      <ItemName>דבש לחיץ יוחננוף 500</ItemName>
      <ManufacturerName>לא ידוע</ManufacturerName>
      <ManufactureCountry>ספרד</ManufactureCountry>
      <ManufacturerItemDescription>דבש לחיץ יוחננוף 500</ManufacturerItemDescription>
      <UnitQty>גרמים</UnitQty>
      <Quantity>500.00</Quantity>
      <UnitOfMeasure>100 גרם</UnitOfMeasure>
      <bIsWeighted>0</bIsWeighted>
      <QtyInPackage>לא ידוע</QtyInPackage>
      <ItemPrice>9.50</ItemPrice>
      <UnitOfMeasurePrice>0.0190</UnitOfMeasurePrice>
      <AllowDiscount>1</AllowDiscount>
      <ItemStatus>1</ItemStatus>
      <ItemId>149499</ItemId>
    </Item>
    <Item>
      <PriceUpdateDate>2025-08-31 08:50:21</PriceUpdateDate>
      <ItemCode>7290017031705</ItemCode>
      <ItemType>1</ItemType>
      <ItemName>משחת שיניים קלין&amp;פרש</ItemName>
      <ManufacturerName>גלקסוסמיתקליין</ManufacturerName>
      <ManufactureCountry>בריטניה</ManufactureCountry>
      <ManufacturerItemDescription>סנסודיין</ManufacturerItemDescription>
      <UnitQty>גרמים</UnitQty>
      <Quantity>75.00</Quantity>
      <UnitOfMeasure>100 גרם</UnitOfMeasure>
      <bIsWeighted>0</bIsWeighted>
      <QtyInPackage>לא ידוע</QtyInPackage>
      <ItemPrice>23.10</ItemPrice>
      <UnitOfMeasurePrice>0.3080</UnitOfMeasurePrice>
      <AllowDiscount>1</AllowDiscount>
      <ItemStatus>1</ItemStatus>
      <ItemId>54586</ItemId>
    </Item>
    <Item>
      <PriceUpdateDate>2025-08-31 08:50:32</PriceUpdateDate>
      <ItemCode>7290018249086</ItemCode>
      <ItemType>1</ItemType>
      <ItemName>ממרח חלווה ופיסטוק 3</ItemName>
      <ManufacturerName>אחדות ביח"ר לטחינה ח</ManufacturerName>
      <ManufactureCountry>ישראל</ManufactureCountry>
      <ManufacturerItemDescription>ממרח חלווה ופיסטוק 3</ManufacturerItemDescription>
      <UnitQty>גרמים</UnitQty>
      <Quantity>350.00</Quantity>
      <UnitOfMeasure>100 גרם</UnitOfMeasure>
      <bIsWeighted>0</bIsWeighted>
      <QtyInPackage>לא ידוע</QtyInPackage>
      <ItemPrice>33.20</ItemPrice>
      <UnitOfMeasurePrice>0.0949</UnitOfMeasurePrice>
      <AllowDiscount>1</AllowDiscount>
      <ItemStatus>1</ItemStatus>
      <ItemId>117079</ItemId>
    </Item>
    <Item>
      <PriceUpdateDate>2025-08-31 08:50:33</PriceUpdateDate>
      <ItemCode>7290018755303</ItemCode>
      <ItemType>1</ItemType>
      <ItemName>מאגדת מיני טוויסטר ב</ItemName>
      <ManufacturerName>מנא ס.א</ManufacturerName>
      <ManufactureCountry>יוון</ManufactureCountry>
      <ManufacturerItemDescription>מאגדת מיני טוויסטר ב</ManufacturerItemDescription>
      <UnitQty>גרמים</UnitQty>
      <Quantity>375.00</Quantity>
      <UnitOfMeasure>100 גרם</UnitOfMeasure>
      <bIsWeighted>0</bIsWeighted>
      <QtyInPackage>לא ידוע</QtyInPackage>
      <ItemPrice>27.90</ItemPrice>
      <UnitOfMeasurePrice>0.0744</UnitOfMeasurePrice>
      <AllowDiscount>1</AllowDiscount>
      <ItemStatus>1</ItemStatus>
      <ItemId>142439</ItemId>
    </Item>
    <Item>
      <PriceUpdateDate>2025-08-31 08:50:37</PriceUpdateDate>
      <ItemCode>7290106771369</ItemCode>
      <ItemType>1</ItemType>
      <ItemName>*מבצע* גרנולה אגוזי</ItemName>
      <ManufacturerName>אלמנדוס</ManufacturerName>
      <ManufactureCountry>ישראל</ManufactureCountry>
      <ManufacturerItemDescription>*מבצע* גרנולה אגוזי</ManufacturerItemDescription>
      <UnitQty>גרמים</UnitQty>
      <Quantity>450.00</Quantity>
      <UnitOfMeasure>100 גרם</UnitOfMeasure>
      <bIsWeighted>0</bIsWeighted>
      <QtyInPackage>לא ידוע</QtyInPackage>
      <ItemPrice>19.90</ItemPrice>
      <UnitOfMeasurePrice>0.0442</UnitOfMeasurePrice>
      <AllowDiscount>1</AllowDiscount>
      <ItemStatus>1</ItemStatus>
      <ItemId>138754</ItemId>
    </Item>
    <Item>
      <PriceUpdateDate>2025-08-31 08:50:39</PriceUpdateDate>
      <ItemCode>7290109923338</ItemCode>
      <ItemType>1</ItemType>
      <ItemName>מטהר אוויר פניני ריח</ItemName>
      <ManufacturerName>רלווי</ManufacturerName>
      <ManufactureCountry>איטליה</ManufactureCountry>
      <ManufacturerItemDescription>הפי</ManufacturerItemDescription>
      <UnitQty>גרמים</UnitQty>
      <Quantity>110.00</Quantity>
      <UnitOfMeasure>100 גרם</UnitOfMeasure>
      <bIsWeighted>0</bIsWeighted>
      <QtyInPackage>לא ידוע</QtyInPackage>
      <ItemPrice>11.00</ItemPrice>
      <UnitOfMeasurePrice>0.1000</UnitOfMeasurePrice>
      <AllowDiscount>1</AllowDiscount>
      <ItemStatus>1</ItemStatus>
      <ItemId>89528</ItemId>
    </Item>
    <Item>
      <PriceUpdateDate>2025-08-31 08:50:41</PriceUpdateDate>
      <ItemCode>7290111350719</ItemCode>
      <ItemType>1</ItemType>
      <ItemName>נאצ'וס בסגנון מסעדות</ItemName>
      <ManufacturerName>מסטיזו פודס</ManufacturerName>
      <ManufactureCountry>ארצות הברית</ManufactureCountry>
      <ManufacturerItemDescription>נאצ'וס בסגנון מסעדות</ManufacturerItemDescription>
      <UnitQty>גרמים</UnitQty>
      <Quantity>322.00</Quantity>
      <UnitOfMeasure>100 גרם</UnitOfMeasure>
      <bIsWeighted>0</bIsWeighted>
      <QtyInPackage>לא ידוע</QtyInPackage>
      <ItemPrice>18.10</ItemPrice>
      <UnitOfMeasurePrice>0.0562</UnitOfMeasurePrice>
      <AllowDiscount>1</AllowDiscount>
      <ItemStatus>1</ItemStatus>
      <ItemId>56899</ItemId>
    </Item>
    <Item>
      <PriceUpdateDate>2025-08-31 08:50:51</PriceUpdateDate>
      <ItemCode>7297488098169</ItemCode>
      <ItemType>1</ItemType>
      <ItemName>דגש קמח תירס</ItemName>
      <ManufacturerName>תבליני העליון בע"מ</ManufacturerName>
      <ManufactureCountry>ישראל</ManufactureCountry>
      <ManufacturerItemDescription>דגש</ManufacturerItemDescription>
      <UnitQty>גרמים</UnitQty>
      <Quantity>500.00</Quantity>
      <UnitOfMeasure>100 גרם</UnitOfMeasure>
      <bIsWeighted>0</bIsWeighted>
      <QtyInPackage>לא ידוע</QtyInPackage>
      <ItemPrice>13.00</ItemPrice>
      <UnitOfMeasurePrice>0.0260</UnitOfMeasurePrice>
      <AllowDiscount>1</AllowDiscount>
      <ItemStatus>1</ItemStatus>
      <ItemId>2084</ItemId>
    </Item>
    <Item>
      <PriceUpdateDate>2025-08-31 08:50:51</PriceUpdateDate>
      <ItemCode>7297488099821</ItemCode>
      <ItemType>1</ItemType>
      <ItemName>דגש גרנולה ללא תוספת</ItemName>
      <ManufacturerName>לא ידוע</ManufacturerName>
      <ManufactureCountry>לא ידוע</ManufactureCountry>
      <ManufacturerItemDescription>דגש גרנולה ללא תוספת</ManufacturerItemDescription>
      <UnitQty>גרמים</UnitQty>
      <Quantity>250.00</Quantity>
      <UnitOfMeasure>100 גרם</UnitOfMeasure>
      <bIsWeighted>0</bIsWeighted>
      <QtyInPackage>לא ידוע</QtyInPackage>
      <ItemPrice>16.00</ItemPrice>
      <UnitOfMeasurePrice>0.0640</UnitOfMeasurePrice>
      <AllowDiscount>1</AllowDiscount>
      <ItemStatus>1</ItemStatus>
      <ItemId>82255</ItemId>
    </Item>
    <Item>
      <PriceUpdateDate>2025-08-31 08:50:54</PriceUpdateDate>
      <ItemCode>8420822132444</ItemCode>
      <ItemType>1</ItemType>
      <ItemName>סופר מסיר כתמים בייב</ItemName>
      <ManufacturerName>קה לורדה</ManufacturerName>
      <ManufactureCountry>ספרד</ManufactureCountry>
      <ManufacturerItemDescription>KH7</ManufacturerItemDescription>
      <UnitQty>מיליליטרים</UnitQty>
      <Quantity>750.00</Quantity>
      <UnitOfMeasure>100 מ"ל</UnitOfMeasure>
      <bIsWeighted>0</bIsWeighted>
      <QtyInPackage>לא ידוע</QtyInPackage>
      <ItemPrice>24.10</ItemPrice>
      <UnitOfMeasurePrice>0.0321</UnitOfMeasurePrice>
      <AllowDiscount>1</AllowDiscount>
      <ItemStatus>1</ItemStatus>
      <ItemId>120695</ItemId>
    </Item>
    <Item>
      <PriceUpdateDate>2025-09-07 09:56:29</PriceUpdateDate>
      <ItemCode>7290020430007</ItemCode>
      <ItemType>1</ItemType>
      <ItemName>מלפפונים חמוצים בטעם</ItemName>
      <ManufacturerName>סלטי שמיר 2006 בע"מ</ManufacturerName>
      <ManufactureCountry>ישראל</ManufactureCountry>
      <ManufacturerItemDescription>מלפפונים חמוצים בטעם</ManufacturerItemDescription>
      <UnitQty>קילוגרמים</UnitQty>
      <Quantity>1.00</Quantity>
      <UnitOfMeasure>ק"ג     </UnitOfMeasure>
      <bIsWeighted>0</bIsWeighted>
      <QtyInPackage>לא ידוע</QtyInPackage>
      <ItemPrice>21.90</ItemPrice>
      <UnitOfMeasurePrice>21.9000</UnitOfMeasurePrice>
      <AllowDiscount>1</AllowDiscount>
      <ItemStatus>1</ItemStatus>
      <ItemId>149948</ItemId>
    </Item>
    <Item>
      <PriceUpdateDate>2025-09-07 09:56:30</PriceUpdateDate>
      <ItemCode>7290020430038</ItemCode>
      <ItemType>1</ItemType>
      <ItemName>מיקס ירקות כבושים חמ</ItemName>
      <ManufacturerName>סלטי שמיר 2006 בע"מ</ManufacturerName>
      <ManufactureCountry>ישראל</ManufactureCountry>
      <ManufacturerItemDescription>מיקס ירקות כבושים חמ</ManufacturerItemDescription>
      <UnitQty>קילוגרמים</UnitQty>
      <Quantity>1.00</Quantity>
      <UnitOfMeasure>ק"ג     </UnitOfMeasure>
      <bIsWeighted>0</bIsWeighted>
      <QtyInPackage>לא ידוע</QtyInPackage>
      <ItemPrice>21.90</ItemPrice>
      <UnitOfMeasurePrice>21.9000</UnitOfMeasurePrice>
      <AllowDiscount>1</AllowDiscount>
      <ItemStatus>1</ItemStatus>
      <ItemId>149951</ItemId>
    </Item>
    <Item>
      <PriceUpdateDate>2025-09-12 08:31:35</PriceUpdateDate>
      <ItemCode>7290118428466</ItemCode>
      <ItemType>1</ItemType>
      <ItemName>ערגליות בטעם מייפל 2</ItemName>
      <ManufacturerName>אסם</ManufacturerName>
      <ManufactureCountry>ישראל</ManufactureCountry>
      <ManufacturerItemDescription>ערגליות</ManufacturerItemDescription>
      <UnitQty>גרמים</UnitQty>
      <Quantity>270.00</Quantity>
      <UnitOfMeasure>100 גרם</UnitOfMeasure>
      <bIsWeighted>0</bIsWeighted>
      <QtyInPackage>לא ידוע</QtyInPackage>
      <ItemPrice>10.90</ItemPrice>
      <UnitOfMeasurePrice>0.0404</UnitOfMeasurePrice>
      <AllowDiscount>1</AllowDiscount>
      <ItemStatus>1</ItemStatus>
      <ItemId>150203</ItemId>
    </Item>
    <Item>
      <PriceUpdateDate>2025-09-14 07:11:14</PriceUpdateDate>
      <ItemCode>7290020228475</ItemCode>
      <ItemType>1</ItemType>
      <ItemName>מגבונים לניקוי ארומט</ItemName>
      <ManufacturerName>פרפיום</ManufacturerName>
      <ManufactureCountry>ישראל</ManufactureCountry>
      <ManufacturerItemDescription>מגבונים לניקוי ארומט</ManufacturerItemDescription>
      <UnitQty>יח'</UnitQty>
      <Quantity>150.00</Quantity>
      <UnitOfMeasure>יח'</UnitOfMeasure>
      <bIsWeighted>0</bIsWeighted>
      <QtyInPackage>לא ידוע</QtyInPackage>
      <ItemPrice>21.90</ItemPrice>
      <UnitOfMeasurePrice>0.1460</UnitOfMeasurePrice>
      <AllowDiscount>1</AllowDiscount>
      <ItemStatus>1</ItemStatus>
      <ItemId>143399</ItemId>
    </Item>
    <Item>
      <PriceUpdateDate>2025-10-19 09:15:54</PriceUpdateDate>
      <ItemCode>22200956932</ItemCode>
      <ItemType>1</ItemType>
      <ItemName>ספיד סטיק 24/7 גל כח</ItemName>
      <ManufacturerName>Colgate - USA</ManufacturerName>
      <ManufactureCountry>ארצות הברית</ManufactureCountry>
      <ManufacturerItemDescription>ספיד סטיק</ManufacturerItemDescription>
      <UnitQty>גרמים</UnitQty>
      <Quantity>85.00</Quantity>
      <UnitOfMeasure>100 גרם</UnitOfMeasure>
      <bIsWeighted>0</bIsWeighted>
      <QtyInPackage>לא ידוע</QtyInPackage>
      <ItemPrice>19.90</ItemPrice>
      <UnitOfMeasurePrice>0.2341</UnitOfMeasurePrice>
      <AllowDiscount>1</AllowDiscount>
      <ItemStatus>1</ItemStatus>
      <ItemId>18008</ItemId>
    </Item>
    <Item>
      <PriceUpdateDate>2025-10-20 06:15:32</PriceUpdateDate>
      <ItemCode>7290018338322</ItemCode>
      <ItemType>1</ItemType>
      <ItemName>שמן קנולה אורגני כבי</ItemName>
      <ManufacturerName>לא ידוע</ManufacturerName>
      <ManufactureCountry>לא ידוע</ManufactureCountry>
      <ManufacturerItemDescription>שמן קנולה אורגני כבי</ManufacturerItemDescription>
      <UnitQty>ליטרים</UnitQty>
      <Quantity>1.00</Quantity>
      <UnitOfMeasure>ליטר    </UnitOfMeasure>
      <bIsWeighted>0</bIsWeighted>
      <QtyInPackage>לא ידוע</QtyInPackage>
      <ItemPrice>27.90</ItemPrice>
      <UnitOfMeasurePrice>27.9000</UnitOfMeasurePrice>
      <AllowDiscount>1</AllowDiscount>
      <ItemStatus>1</ItemStatus>
      <ItemId>105344</ItemId>
    </Item>
    <Item>
      <PriceUpdateDate>2025-10-21 10:58:45</PriceUpdateDate>
      <ItemCode>7290117024898</ItemCode>
      <ItemType>1</ItemType>
      <ItemName>פאזל ג'יבס 50  חלקים</ItemName>
      <ManufacturerName>לא ידוע</ManufacturerName>
      <ManufactureCountry>לא ידוע</ManufactureCountry>
      <ManufacturerItemDescription>פאזל ג'יבס 50  חלקים</ManufacturerItemDescription>
      <UnitQty>יח'</UnitQty>
      <Quantity>1.00</Quantity>
      <UnitOfMeasure>יח'</UnitOfMeasure>
      <bIsWeighted>0</bIsWeighted>
      <QtyInPackage>לא ידוע</QtyInPackage>
      <ItemPrice>24.90</ItemPrice>
      <UnitOfMeasurePrice>24.9000</UnitOfMeasurePrice>
      <AllowDiscount>1</AllowDiscount>
      <ItemStatus>1</ItemStatus>
      <ItemId>151444</ItemId>
    </Item>
    <Item>
      <PriceUpdateDate>2025-10-23 08:36:09</PriceUpdateDate>
      <ItemCode>7290109846972</ItemCode>
      <ItemType>1</ItemType>
      <ItemName>מכשיר אפייה 4 פלטות</ItemName>
      <ManufacturerName>לא ידוע</ManufacturerName>
      <ManufactureCountry>לא ידוע</ManufactureCountry>
      <ManufacturerItemDescription>מכשיר אפייה 4 פלטות</ManufacturerItemDescription>
      <UnitQty>יח'</UnitQty>
      <Quantity>1.00</Quantity>
      <UnitOfMeasure>יח'</UnitOfMeasure>
      <bIsWeighted>0</bIsWeighted>
      <QtyInPackage>לא ידוע</QtyInPackage>
      <ItemPrice>89.90</ItemPrice>
      <UnitOfMeasurePrice>89.9000</UnitOfMeasurePrice>
      <AllowDiscount>1</AllowDiscount>
      <ItemStatus>1</ItemStatus>
      <ItemId>142718</ItemId>
    </Item>
    <Item>
      <PriceUpdateDate>2025-10-23 08:37:21</PriceUpdateDate>
      <ItemCode>5011423201207</ItemCode>
      <ItemType>1</ItemType>
      <ItemName>בלנדר שייק KENWOOD</ItemName>
      <ManufacturerName>לא ידוע</ManufacturerName>
      <ManufactureCountry>לא ידוע</ManufactureCountry>
      <ManufacturerItemDescription>בלנדר שייק KENWOOD</ManufacturerItemDescription>
      <UnitQty>יח'</UnitQty>
      <Quantity>1.00</Quantity>
      <UnitOfMeasure>יח'</UnitOfMeasure>
      <bIsWeighted>0</bIsWeighted>
      <QtyInPackage>לא ידוע</QtyInPackage>
      <ItemPrice>299.90</ItemPrice>
      <UnitOfMeasurePrice>299.9000</UnitOfMeasurePrice>
      <AllowDiscount>1</AllowDiscount>
      <ItemStatus>1</ItemStatus>
      <ItemId>151540</ItemId>
    </Item>
    <Item>
      <PriceUpdateDate>2025-10-26 08:00:59</PriceUpdateDate>
      <ItemCode>7290119383634</ItemCode>
      <ItemType>1</ItemType>
      <ItemName>שוקולד  חלב נוסטלגיה</ItemName>
      <ManufacturerName>שטראוס גרופ</ManufacturerName>
      <ManufactureCountry>ישראל</ManufactureCountry>
      <ManufacturerItemDescription>עלית</ManufacturerItemDescription>
      <UnitQty>גרמים</UnitQty>
      <Quantity>100.00</Quantity>
      <UnitOfMeasure>100 גרם</UnitOfMeasure>
      <bIsWeighted>0</bIsWeighted>
      <QtyInPackage>לא ידוע</QtyInPackage>
      <ItemPrice>8.50</ItemPrice>
      <UnitOfMeasurePrice>0.0850</UnitOfMeasurePrice>
      <AllowDiscount>1</AllowDiscount>
      <ItemStatus>1</ItemStatus>
      <ItemId>151679</ItemId>
    </Item>
    <Item>
      <PriceUpdateDate>2025-10-26 08:01:04</PriceUpdateDate>
      <ItemCode>8714789733166</ItemCode>
      <ItemType>1</ItemType>
      <ItemName>פלמוליב נטורלס זיתים</ItemName>
      <ManufacturerName>קולגייט פלמוליב</ManufacturerName>
      <ManufactureCountry>איטליה</ManufactureCountry>
      <ManufacturerItemDescription>פלמוליב נוזלי</ManufacturerItemDescription>
      <UnitQty>מיליליטרים</UnitQty>
      <Quantity>500.00</Quantity>
      <UnitOfMeasure>100 מ"ל</UnitOfMeasure>
      <bIsWeighted>0</bIsWeighted>
      <QtyInPackage>לא ידוע</QtyInPackage>
      <ItemPrice>16.00</ItemPrice>
      <UnitOfMeasurePrice>0.0320</UnitOfMeasurePrice>
      <AllowDiscount>1</AllowDiscount>
      <ItemStatus>1</ItemStatus>
      <ItemId>151681</ItemId>
    </Item>
    <Item>
      <PriceUpdateDate>2025-11-02 09:39:24</PriceUpdateDate>
      <ItemCode>742259241918</ItemCode>
      <ItemType>1</ItemType>
      <ItemName>ביצים 12 יח' ענק</ItemName>
      <ManufacturerName>לא ידוע</ManufacturerName>
      <ManufactureCountry>לא ידוע</ManufactureCountry>
      <ManufacturerItemDescription>ביצים 12 יח' ענק</ManufacturerItemDescription>
      <UnitQty>יח'</UnitQty>
      <Quantity>12.00</Quantity>
      <UnitOfMeasure>יח'</UnitOfMeasure>
      <bIsWeighted>0</bIsWeighted>
      <QtyInPackage>לא ידוע</QtyInPackage>
      <ItemPrice>15.48</ItemPrice>
      <UnitOfMeasurePrice>1.2900</UnitOfMeasurePrice>
      <AllowDiscount>1</AllowDiscount>
      <ItemStatus>1</ItemStatus>
      <ItemId>114069</ItemId>
    </Item>
    <Item>
      <PriceUpdateDate>2025-11-02 09:39:42</PriceUpdateDate>
      <ItemCode>7290005430671</ItemCode>
      <ItemType>1</ItemType>
      <ItemName>ניקוי רצפות פוליויקס</ItemName>
      <ManufacturerName>סנו</ManufacturerName>
      <ManufactureCountry>ישראל</ManufactureCountry>
      <ManufacturerItemDescription>פוליויקס</ManufacturerItemDescription>
      <UnitQty>ליטרים</UnitQty>
      <Quantity>2.00</Quantity>
      <UnitOfMeasure>ליטר    </UnitOfMeasure>
      <bIsWeighted>0</bIsWeighted>
      <QtyInPackage>לא ידוע</QtyInPackage>
      <ItemPrice>19.90</ItemPrice>
      <UnitOfMeasurePrice>9.9500</UnitOfMeasurePrice>
      <AllowDiscount>1</AllowDiscount>
      <ItemStatus>1</ItemStatus>
      <ItemId>39198</ItemId>
    </Item>
    <Item>
      <PriceUpdateDate>2025-11-02 09:39:54</PriceUpdateDate>
      <ItemCode>7290014890152</ItemCode>
      <ItemType>1</ItemType>
      <ItemName>גבינת שמנת זיתים 25%</ItemName>
      <ManufacturerName>גבינות יעקבס</ManufacturerName>
      <ManufactureCountry>ישראל</ManufactureCountry>
      <ManufacturerItemDescription>משק יעקבס</ManufacturerItemDescription>
      <UnitQty>גרמים</UnitQty>
      <Quantity>225.00</Quantity>
      <UnitOfMeasure>100 גרם</UnitOfMeasure>
      <bIsWeighted>0</bIsWeighted>
      <QtyInPackage>לא ידוע</QtyInPackage>
      <ItemPrice>12.90</ItemPrice>
      <UnitOfMeasurePrice>0.0573</UnitOfMeasurePrice>
      <AllowDiscount>1</AllowDiscount>
      <ItemStatus>1</ItemStatus>
      <ItemId>58305</ItemId>
    </Item>
    <Item>
      <PriceUpdateDate>2025-11-02 09:39:55</PriceUpdateDate>
      <ItemCode>7290015603225</ItemCode>
      <ItemType>1</ItemType>
      <ItemName>אטריות עם גזר</ItemName>
      <ManufacturerName>xiamen zhongshi impo</ManufacturerName>
      <ManufactureCountry>סין</ManufactureCountry>
      <ManufacturerItemDescription>מזרח ומערב</ManufacturerItemDescription>
      <UnitQty>גרמים</UnitQty>
      <Quantity>454.00</Quantity>
      <UnitOfMeasure>100 גרם</UnitOfMeasure>
      <bIsWeighted>0</bIsWeighted>
      <QtyInPackage>לא ידוע</QtyInPackage>
      <ItemPrice>11.00</ItemPrice>
      <UnitOfMeasurePrice>0.0242</UnitOfMeasurePrice>
      <AllowDiscount>1</AllowDiscount>
      <ItemStatus>1</ItemStatus>
      <ItemId>28736</ItemId>
    </Item>
    <Item>
      <PriceUpdateDate>2025-11-02 09:40:02</PriceUpdateDate>
      <ItemCode>7290018989388</ItemCode>
      <ItemType>1</ItemType>
      <ItemName>בזיליקום בריאבוע 80</ItemName>
      <ManufacturerName>כד בני דרום בע"מ</ManufacturerName>
      <ManufactureCountry>ישראל</ManufactureCountry>
      <ManufacturerItemDescription>בזיליקום בריאבוע 80</ManufacturerItemDescription>
      <UnitQty>גרמים</UnitQty>
      <Quantity>80.00</Quantity>
      <UnitOfMeasure>100 גרם</UnitOfMeasure>
      <bIsWeighted>0</bIsWeighted>
      <QtyInPackage>לא ידוע</QtyInPackage>
      <ItemPrice>10.90</ItemPrice>
      <UnitOfMeasurePrice>0.1363</UnitOfMeasurePrice>
      <AllowDiscount>1</AllowDiscount>
      <ItemStatus>1</ItemStatus>
      <ItemId>101520</ItemId>
    </Item>
    <Item>
      <PriceUpdateDate>2025-11-02 09:40:45</PriceUpdateDate>
      <ItemCode>7290118428695</ItemCode>
      <ItemType>1</ItemType>
      <ItemName>מרק בטעם עוף 500 ג'</ItemName>
      <ManufacturerName>אסם</ManufacturerName>
      <ManufactureCountry>ישראל</ManufactureCountry>
      <ManufacturerItemDescription>אסם</ManufacturerItemDescription>
      <UnitQty>גרמים</UnitQty>
      <Quantity>500.00</Quantity>
      <UnitOfMeasure>100 גרם</UnitOfMeasure>
      <bIsWeighted>0</bIsWeighted>
      <QtyInPackage>לא ידוע</QtyInPackage>
      <ItemPrice>15.90</ItemPrice>
      <UnitOfMeasurePrice>0.0318</UnitOfMeasurePrice>
      <AllowDiscount>1</AllowDiscount>
      <ItemStatus>1</ItemStatus>
      <ItemId>139297</ItemId>
    </Item>
    <Item>
      <PriceUpdateDate>2025-11-02 09:40:45</PriceUpdateDate>
      <ItemCode>7290118428855</ItemCode>
      <ItemType>1</ItemType>
      <ItemName>חטיפי כרובית טבעול 4</ItemName>
      <ManufacturerName>טבעול ישראל</ManufacturerName>
      <ManufactureCountry>ישראל</ManufactureCountry>
      <ManufacturerItemDescription>חטיפי כרובית טבעול 4</ManufacturerItemDescription>
      <UnitQty>גרמים</UnitQty>
      <Quantity>400.00</Quantity>
      <UnitOfMeasure>100 גרם</UnitOfMeasure>
      <bIsWeighted>0</bIsWeighted>
      <QtyInPackage>לא ידוע</QtyInPackage>
      <ItemPrice>29.90</ItemPrice>
      <UnitOfMeasurePrice>0.0747</UnitOfMeasurePrice>
      <AllowDiscount>1</AllowDiscount>
      <ItemStatus>1</ItemStatus>
      <ItemId>146213</ItemId>
    </Item>
    <Item>
      <PriceUpdateDate>2025-11-02 09:40:46</PriceUpdateDate>
      <ItemCode>7290119389865</ItemCode>
      <ItemType>1</ItemType>
      <ItemName>אלפרו בריסטה שיבולת</ItemName>
      <ManufacturerName>שטראוס</ManufacturerName>
      <ManufactureCountry>ישראל</ManufactureCountry>
      <ManufacturerItemDescription>אלפרו בריסטה שיבולת</ManufacturerItemDescription>
      <UnitQty>מיליליטרים</UnitQty>
      <Quantity>500.00</Quantity>
      <UnitOfMeasure>100 מ"ל</UnitOfMeasure>
      <bIsWeighted>0</bIsWeighted>
      <QtyInPackage>לא ידוע</QtyInPackage>
      <ItemPrice>8.50</ItemPrice>
      <UnitOfMeasurePrice>0.0170</UnitOfMeasurePrice>
      <AllowDiscount>1</AllowDiscount>
      <ItemStatus>1</ItemStatus>
      <ItemId>149218</ItemId>
    </Item>
    <Item>
      <PriceUpdateDate>2025-11-02 09:40:56</PriceUpdateDate>
      <ItemCode>8411660005410</ItemCode>
      <ItemType>1</ItemType>
      <ItemName>בקבוק להברקת נעליים</ItemName>
      <ManufacturerName>לא ידוע</ManufacturerName>
      <ManufactureCountry>ספרד</ManufactureCountry>
      <ManufacturerItemDescription>בקבוק להברקת נעליים</ManufacturerItemDescription>
      <UnitQty>מיליליטרים</UnitQty>
      <Quantity>50.00</Quantity>
      <UnitOfMeasure>100 מ"ל</UnitOfMeasure>
      <bIsWeighted>0</bIsWeighted>
      <QtyInPackage>לא ידוע</QtyInPackage>
      <ItemPrice>15.00</ItemPrice>
      <UnitOfMeasurePrice>0.3000</UnitOfMeasurePrice>
      <AllowDiscount>1</AllowDiscount>
      <ItemStatus>1</ItemStatus>
      <ItemId>119403</ItemId>
    </Item>
    <Item>
      <PriceUpdateDate>2025-11-03 11:23:20</PriceUpdateDate>
      <ItemCode>742259241963</ItemCode>
      <ItemType>1</ItemType>
      <ItemName>ביצים 30 יח' ענק</ItemName>
      <ManufacturerName>לא ידוע</ManufacturerName>
      <ManufactureCountry>לא ידוע</ManufactureCountry>
      <ManufacturerItemDescription>ביצים 30 יח' ענק</ManufacturerItemDescription>
      <UnitQty>יח'</UnitQty>
      <Quantity>30.00</Quantity>
      <UnitOfMeasure>יח'</UnitOfMeasure>
      <bIsWeighted>0</bIsWeighted>
      <QtyInPackage>לא ידוע</QtyInPackage>
      <ItemPrice>38.50</ItemPrice>
      <UnitOfMeasurePrice>1.2833</UnitOfMeasurePrice>
      <AllowDiscount>1</AllowDiscount>
      <ItemStatus>1</ItemStatus>
      <ItemId>114073</ItemId>
    </Item>
    <Item>
      <PriceUpdateDate>2025-11-04 08:53:16</PriceUpdateDate>
      <ItemCode>4052197000017</ItemCode>
      <ItemType>1</ItemType>
      <ItemName>בירה חיטה בנדקטינר 5</ItemName>
      <ManufacturerName>ביטבורגר</ManufacturerName>
      <ManufactureCountry>גרמניה</ManufactureCountry>
      <ManufacturerItemDescription>בנדקטינר</ManufacturerItemDescription>
      <UnitQty>מיליליטרים</UnitQty>
      <Quantity>500.00</Quantity>
      <UnitOfMeasure>100 מ"ל</UnitOfMeasure>
      <bIsWeighted>0</bIsWeighted>
      <QtyInPackage>לא ידוע</QtyInPackage>
      <ItemPrice>12.90</ItemPrice>
      <UnitOfMeasurePrice>0.0258</UnitOfMeasurePrice>
      <AllowDiscount>1</AllowDiscount>
      <ItemStatus>1</ItemStatus>
      <ItemId>7443</ItemId>
    </Item>
    <Item>
      <PriceUpdateDate>2025-11-04 09:37:22</PriceUpdateDate>
      <ItemCode>7290014547322</ItemCode>
      <ItemType>1</ItemType>
      <ItemName>מברשות שיניים לשיקום</ItemName>
      <ManufacturerName>לא ידוע</ManufacturerName>
      <ManufactureCountry>לא ידוע</ManufactureCountry>
      <ManufacturerItemDescription>מברשות שיניים לשיקום</ManufacturerItemDescription>
      <UnitQty>יח'</UnitQty>
      <Quantity>2.00</Quantity>
      <UnitOfMeasure>יח'</UnitOfMeasure>
      <bIsWeighted>0</bIsWeighted>
      <QtyInPackage>לא ידוע</QtyInPackage>
      <ItemPrice>19.90</ItemPrice>
      <UnitOfMeasurePrice>9.9500</UnitOfMeasurePrice>
      <AllowDiscount>1</AllowDiscount>
      <ItemStatus>1</ItemStatus>
      <ItemId>56380</ItemId>
    </Item>
    <Item>
      <PriceUpdateDate>2025-11-09 06:46:30</PriceUpdateDate>
      <ItemCode>4640018993398</ItemCode>
      <ItemType>1</ItemType>
      <ItemName>טבליות למדיח פיניש ק</ItemName>
      <ManufacturerName>רקיט בנקיזר</ManufacturerName>
      <ManufactureCountry>פולין</ManufactureCountry>
      <ManufacturerItemDescription>טבליות למדיח פיניש ק</ManufacturerItemDescription>
      <UnitQty>יח'</UnitQty>
      <Quantity>60.00</Quantity>
      <UnitOfMeasure>יח'</UnitOfMeasure>
      <bIsWeighted>0</bIsWeighted>
      <QtyInPackage>לא ידוע</QtyInPackage>
      <ItemPrice>63.90</ItemPrice>
      <UnitOfMeasurePrice>1.0650</UnitOfMeasurePrice>
      <AllowDiscount>1</AllowDiscount>
      <ItemStatus>1</ItemStatus>
      <ItemId>63897</ItemId>
    </Item>
    <Item>
      <PriceUpdateDate>2025-11-09 11:13:04</PriceUpdateDate>
      <ItemCode>7290000410159</ItemCode>
      <ItemType>1</ItemType>
      <ItemName>סינטה דק דק טרי כשר</ItemName>
      <ManufacturerName>משתנה</ManufacturerName>
      <ManufactureCountry>לא ידוע</ManufactureCountry>
      <ManufacturerItemDescription>סינטה דק דק טרי כשר</ManufacturerItemDescription>
      <UnitQty>קילוגרמים</UnitQty>
      <Quantity>1.00</Quantity>
      <UnitOfMeasure>ק"ג</UnitOfMeasure>
      <bIsWeighted>1</bIsWeighted>
      <QtyInPackage>לא ידוע</QtyInPackage>
      <ItemPrice>159.90</ItemPrice>
      <UnitOfMeasurePrice>159.9000</UnitOfMeasurePrice>
      <AllowDiscount>1</AllowDiscount>
      <ItemStatus>1</ItemStatus>
      <ItemId>104551</ItemId>
    </Item>
    <Item>
      <PriceUpdateDate>2025-11-17 10:17:57</PriceUpdateDate>
      <ItemCode>7290116532905</ItemCode>
      <ItemType>1</ItemType>
      <ItemName>נשנושים איירביס ברבי</ItemName>
      <ManufacturerName>אתר בייגל - Food</ManufacturerName>
      <ManufactureCountry>ישראל</ManufactureCountry>
      <ManufacturerItemDescription>B&amp;B</ManufacturerItemDescription>
      <UnitQty>גרמים</UnitQty>
      <Quantity>155.00</Quantity>
      <UnitOfMeasure>100 גרם</UnitOfMeasure>
      <bIsWeighted>0</bIsWeighted>
      <QtyInPackage>לא ידוע</QtyInPackage>
      <ItemPrice>13.90</ItemPrice>
      <UnitOfMeasurePrice>0.0897</UnitOfMeasurePrice>
      <AllowDiscount>1</AllowDiscount>
      <ItemStatus>1</ItemStatus>
      <ItemId>86442</ItemId>
    </Item>
    <Item>
      <PriceUpdateDate>2025-11-17 10:18:47</PriceUpdateDate>
      <ItemCode>8595657307791</ItemCode>
      <ItemType>1</ItemType>
      <ItemName>דנטל סטיקס לכלב מגזע</ItemName>
      <ManufacturerName>לא ידוע</ManufacturerName>
      <ManufactureCountry>צכיה</ManufactureCountry>
      <ManufacturerItemDescription>דנטל סטיקס לכלב מגזע</ManufacturerItemDescription>
      <UnitQty>גרמים</UnitQty>
      <Quantity>270.00</Quantity>
      <UnitOfMeasure>100 גרם</UnitOfMeasure>
      <bIsWeighted>0</bIsWeighted>
      <QtyInPackage>לא ידוע</QtyInPackage>
      <ItemPrice>16.90</ItemPrice>
      <UnitOfMeasurePrice>0.0626</UnitOfMeasurePrice>
      <AllowDiscount>1</AllowDiscount>
      <ItemStatus>1</ItemStatus>
      <ItemId>152612</ItemId>
    </Item>
    <Item>
      <PriceUpdateDate>2025-11-17 12:06:12</PriceUpdateDate>
      <ItemCode>7290116532424</ItemCode>
      <ItemType>1</ItemType>
      <ItemName>דאב ספריי אגס ואלוור</ItemName>
      <ManufacturerName>יונילוור - תורכיה</ManufacturerName>
      <ManufactureCountry>תורכיה</ManufactureCountry>
      <ManufacturerItemDescription>DOVE</ManufacturerItemDescription>
      <UnitQty>מיליליטרים</UnitQty>
      <Quantity>150.00</Quantity>
      <UnitOfMeasure>100 מ"ל</UnitOfMeasure>
      <bIsWeighted>0</bIsWeighted>
      <QtyInPackage>לא ידוע</QtyInPackage>
      <ItemPrice>14.90</ItemPrice>
      <UnitOfMeasurePrice>0.0993</UnitOfMeasurePrice>
      <AllowDiscount>1</AllowDiscount>
      <ItemStatus>1</ItemStatus>
      <ItemId>89492</ItemId>
    </Item>
    <Item>
      <PriceUpdateDate>2025-11-19 06:11:51</PriceUpdateDate>
      <ItemCode>8858271003136</ItemCode>
      <ItemType>1</ItemType>
      <ItemName>*מבצע* רוטב פטריות צ</ItemName>
      <ManufacturerName>yan wal yun corpara</ManufacturerName>
      <ManufactureCountry>תאילנד</ManufactureCountry>
      <ManufacturerItemDescription>MAXCHUP</ManufacturerItemDescription>
      <UnitQty>מיליליטרים</UnitQty>
      <Quantity>250.00</Quantity>
      <UnitOfMeasure>100 מ"ל</UnitOfMeasure>
      <bIsWeighted>0</bIsWeighted>
      <QtyInPackage>לא ידוע</QtyInPackage>
      <ItemPrice>9.90</ItemPrice>
      <UnitOfMeasurePrice>0.0396</UnitOfMeasurePrice>
      <AllowDiscount>1</AllowDiscount>
      <ItemStatus>1</ItemStatus>
      <ItemId>29722</ItemId>
    </Item>
    <Item>
      <PriceUpdateDate>2025-11-19 06:11:51</PriceUpdateDate>
      <ItemCode>8858271003020</ItemCode>
      <ItemType>1</ItemType>
      <ItemName>*מבצע* רוטב סויה פור</ItemName>
      <ManufacturerName>לא ידוע</ManufacturerName>
      <ManufactureCountry>תאילנד</ManufactureCountry>
      <ManufacturerItemDescription>*מבצע* רוטב סויה פור</ManufacturerItemDescription>
      <UnitQty>מיליליטרים</UnitQty>
      <Quantity>700.00</Quantity>
      <UnitOfMeasure>100 מ"ל</UnitOfMeasure>
      <bIsWeighted>0</bIsWeighted>
      <QtyInPackage>לא ידוע</QtyInPackage>
      <ItemPrice>13.90</ItemPrice>
      <UnitOfMeasurePrice>0.0199</UnitOfMeasurePrice>
      <AllowDiscount>1</AllowDiscount>
      <ItemStatus>1</ItemStatus>
      <ItemId>60246</ItemId>
    </Item>
    <Item>
      <PriceUpdateDate>2025-11-20 12:11:33</PriceUpdateDate>
      <ItemCode>7290008863391</ItemCode>
      <ItemType>1</ItemType>
      <ItemName>פחזניות במילוי ריבת</ItemName>
      <ManufacturerName>קונדיטוריית וולפסון</ManufacturerName>
      <ManufactureCountry>ישראל</ManufactureCountry>
      <ManufacturerItemDescription>קונדיטורית וולפסון</ManufacturerItemDescription>
      <UnitQty>גרמים</UnitQty>
      <Quantity>350.00</Quantity>
      <UnitOfMeasure>100 גרם</UnitOfMeasure>
      <bIsWeighted>0</bIsWeighted>
      <QtyInPackage>לא ידוע</QtyInPackage>
      <ItemPrice>29.90</ItemPrice>
      <UnitOfMeasurePrice>0.0854</UnitOfMeasurePrice>
      <AllowDiscount>1</AllowDiscount>
      <ItemStatus>1</ItemStatus>
      <ItemId>152760</ItemId>
    </Item>
    <Item>
      <PriceUpdateDate>2025-11-27 07:03:05</PriceUpdateDate>
      <ItemCode>7290015695923</ItemCode>
      <ItemType>1</ItemType>
      <ItemName>נבטים סיניים אורגני</ItemName>
      <ManufacturerName>לא ידוע</ManufacturerName>
      <ManufactureCountry>לא ידוע</ManufactureCountry>
      <ManufacturerItemDescription>נבטים סיניים אורגני</ManufacturerItemDescription>
      <UnitQty>יח'</UnitQty>
      <Quantity>1.00</Quantity>
      <UnitOfMeasure>יח'</UnitOfMeasure>
      <bIsWeighted>0</bIsWeighted>
      <QtyInPackage>לא ידוע</QtyInPackage>
      <ItemPrice>10.90</ItemPrice>
      <UnitOfMeasurePrice>10.9000</UnitOfMeasurePrice>
      <AllowDiscount>1</AllowDiscount>
      <ItemStatus>1</ItemStatus>
      <ItemId>34485</ItemId>
    </Item>
    <Item>
      <PriceUpdateDate>2025-11-27 15:13:05</PriceUpdateDate>
      <ItemCode>7290116932811</ItemCode>
      <ItemType>1</ItemType>
      <ItemName>מעדן קוקוס ושקדים עם</ItemName>
      <ManufacturerName>תנובה</ManufacturerName>
      <ManufactureCountry>ישראל</ManufactureCountry>
      <ManufacturerItemDescription>מעדן קוקוס ושקדים עם</ManufacturerItemDescription>
      <UnitQty>גרמים</UnitQty>
      <Quantity>125.00</Quantity>
      <UnitOfMeasure>100 גרם</UnitOfMeasure>
      <bIsWeighted>0</bIsWeighted>
      <QtyInPackage>לא ידוע</QtyInPackage>
      <ItemPrice>5.20</ItemPrice>
      <UnitOfMeasurePrice>0.0416</UnitOfMeasurePrice>
      <AllowDiscount>1</AllowDiscount>
      <ItemStatus>1</ItemStatus>
      <ItemId>153047</ItemId>
    </Item>
    <Item>
      <PriceUpdateDate>2025-11-27 15:35:45</PriceUpdateDate>
      <ItemCode>7290120654242</ItemCode>
      <ItemType>1</ItemType>
      <ItemName>משחק מגנטי ופליי סט</ItemName>
      <ManufacturerName>לא ידוע</ManufacturerName>
      <ManufactureCountry>לא ידוע</ManufactureCountry>
      <ManufacturerItemDescription>משחק מגנטי ופליי סט</ManufacturerItemDescription>
      <UnitQty>יח'</UnitQty>
      <Quantity>1.00</Quantity>
      <UnitOfMeasure>יח'</UnitOfMeasure>
      <bIsWeighted>0</bIsWeighted>
      <QtyInPackage>לא ידוע</QtyInPackage>
      <ItemPrice>29.90</ItemPrice>
      <UnitOfMeasurePrice>29.9000</UnitOfMeasurePrice>
      <AllowDiscount>1</AllowDiscount>
      <ItemStatus>1</ItemStatus>
      <ItemId>153070</ItemId>
    </Item>
    <Item>
      <PriceUpdateDate>2025-11-30 08:46:09</PriceUpdateDate>
      <ItemCode>7290014759978</ItemCode>
      <ItemType>1</ItemType>
      <ItemName>*מבצע* קשקבל גלעד 27</ItemName>
      <ManufacturerName>תנובה</ManufacturerName>
      <ManufactureCountry>ישראל</ManufactureCountry>
      <ManufacturerItemDescription>קולאז</ManufacturerItemDescription>
      <UnitQty>גרמים</UnitQty>
      <Quantity>200.00</Quantity>
      <UnitOfMeasure>100 גרם</UnitOfMeasure>
      <bIsWeighted>0</bIsWeighted>
      <QtyInPackage>לא ידוע</QtyInPackage>
      <ItemPrice>24.90</ItemPrice>
      <UnitOfMeasurePrice>0.1245</UnitOfMeasurePrice>
      <AllowDiscount>1</AllowDiscount>
      <ItemStatus>1</ItemStatus>
      <ItemId>17277</ItemId>
    </Item>
    <Item>
      <PriceUpdateDate>2025-11-30 08:46:09</PriceUpdateDate>
      <ItemCode>7290014762831</ItemCode>
      <ItemType>1</ItemType>
      <ItemName>*מבצע* נפוליאון פלפל</ItemName>
      <ManufacturerName>תנובה</ManufacturerName>
      <ManufactureCountry>ישראל</ManufactureCountry>
      <ManufacturerItemDescription>נפוליאון</ManufacturerItemDescription>
      <UnitQty>גרמים</UnitQty>
      <Quantity>225.00</Quantity>
      <UnitOfMeasure>100 גרם</UnitOfMeasure>
      <bIsWeighted>0</bIsWeighted>
      <QtyInPackage>לא ידוע</QtyInPackage>
      <ItemPrice>12.90</ItemPrice>
      <UnitOfMeasurePrice>0.0573</UnitOfMeasurePrice>
      <AllowDiscount>1</AllowDiscount>
      <ItemStatus>1</ItemStatus>
      <ItemId>27505</ItemId>
    </Item>
    <Item>
      <PriceUpdateDate>2025-11-30 08:46:19</PriceUpdateDate>
      <ItemCode>7290108501391</ItemCode>
      <ItemType>1</ItemType>
      <ItemName>*מבצע* גבינה חצי קשה</ItemName>
      <ManufacturerName>גולד פרוסט</ManufacturerName>
      <ManufactureCountry>ספרד</ManufactureCountry>
      <ManufacturerItemDescription>*מבצע* גבינה חצי קשה</ManufacturerItemDescription>
      <UnitQty>גרמים</UnitQty>
      <Quantity>150.00</Quantity>
      <UnitOfMeasure>100 גרם</UnitOfMeasure>
      <bIsWeighted>0</bIsWeighted>
      <QtyInPackage>לא ידוע</QtyInPackage>
      <ItemPrice>21.90</ItemPrice>
      <UnitOfMeasurePrice>0.1460</UnitOfMeasurePrice>
      <AllowDiscount>1</AllowDiscount>
      <ItemStatus>1</ItemStatus>
      <ItemId>53641</ItemId>
    </Item>
    <Item>
      <PriceUpdateDate>2025-11-30 08:46:30</PriceUpdateDate>
      <ItemCode>9000101830941</ItemCode>
      <ItemType>1</ItemType>
      <ItemName>*מבצע* פרסיל דיסקס א</ItemName>
      <ManufacturerName>הנקל</ManufacturerName>
      <ManufactureCountry>סרביה</ManufactureCountry>
      <ManufacturerItemDescription>*מבצע* פרסיל דיסקס א</ManufacturerItemDescription>
      <UnitQty>יח'</UnitQty>
      <Quantity>37.00</Quantity>
      <UnitOfMeasure>יח'</UnitOfMeasure>
      <bIsWeighted>0</bIsWeighted>
      <QtyInPackage>לא ידוע</QtyInPackage>
      <ItemPrice>49.90</ItemPrice>
      <UnitOfMeasurePrice>1.3486</UnitOfMeasurePrice>
      <AllowDiscount>1</AllowDiscount>
      <ItemStatus>1</ItemStatus>
      <ItemId>144797</ItemId>
    </Item>
    <Item>
      <PriceUpdateDate>2025-11-30 09:04:53</PriceUpdateDate>
      <ItemCode>7290013146274</ItemCode>
      <ItemType>1</ItemType>
      <ItemName>תחתיות מרנג 120 גרם</ItemName>
      <ManufacturerName>מימונס אפיה</ManufacturerName>
      <ManufactureCountry>ישראל</ManufactureCountry>
      <ManufacturerItemDescription>מימוס</ManufacturerItemDescription>
      <UnitQty>גרמים</UnitQty>
      <Quantity>120.00</Quantity>
      <UnitOfMeasure>100 גרם</UnitOfMeasure>
      <bIsWeighted>0</bIsWeighted>
      <QtyInPackage>לא ידוע</QtyInPackage>
      <ItemPrice>22.90</ItemPrice>
      <UnitOfMeasurePrice>0.1908</UnitOfMeasurePrice>
      <AllowDiscount>1</AllowDiscount>
      <ItemStatus>1</ItemStatus>
      <ItemId>60061</ItemId>
    </Item>
    <Item>
      <PriceUpdateDate>2025-11-30 09:04:56</PriceUpdateDate>
      <ItemCode>7290017513485</ItemCode>
      <ItemType>1</ItemType>
      <ItemName>מחית עגבניות רוסטיקה</ItemName>
      <ManufacturerName>לא ידוע</ManufacturerName>
      <ManufactureCountry>כללי</ManufactureCountry>
      <ManufacturerItemDescription>מחית עגבניות</ManufacturerItemDescription>
      <UnitQty>גרמים</UnitQty>
      <Quantity>680.00</Quantity>
      <UnitOfMeasure>100 גרם</UnitOfMeasure>
      <bIsWeighted>0</bIsWeighted>
      <QtyInPackage>לא ידוע</QtyInPackage>
      <ItemPrice>14.00</ItemPrice>
      <UnitOfMeasurePrice>0.0206</UnitOfMeasurePrice>
      <AllowDiscount>1</AllowDiscount>
      <ItemStatus>1</ItemStatus>
      <ItemId>59833</ItemId>
    </Item>
    <Item>
      <PriceUpdateDate>2025-11-30 09:04:57</PriceUpdateDate>
      <ItemCode>7290018400357</ItemCode>
      <ItemType>1</ItemType>
      <ItemName>קוביות בטטה קלופות מ</ItemName>
      <ManufacturerName>סנפרוסט בע"מ</ManufacturerName>
      <ManufactureCountry>ישראל</ManufactureCountry>
      <ManufacturerItemDescription>קוביות בטטה קלופות מ</ManufacturerItemDescription>
      <UnitQty>גרמים</UnitQty>
      <Quantity>800.00</Quantity>
      <UnitOfMeasure>100 גרם</UnitOfMeasure>
      <bIsWeighted>0</bIsWeighted>
      <QtyInPackage>לא ידוע</QtyInPackage>
      <ItemPrice>20.10</ItemPrice>
      <UnitOfMeasurePrice>0.0251</UnitOfMeasurePrice>
      <AllowDiscount>1</AllowDiscount>
      <ItemStatus>1</ItemStatus>
      <ItemId>108854</ItemId>
    </Item>
    <Item>
      <PriceUpdateDate>2025-11-30 09:05:12</PriceUpdateDate>
      <ItemCode>7290113194960</ItemCode>
      <ItemType>1</ItemType>
      <ItemName>קוואקר בתוספת צימוקי</ItemName>
      <ManufacturerName>דין שיווק וקלייה בע"</ManufacturerName>
      <ManufactureCountry>ישראל</ManufactureCountry>
      <ManufacturerItemDescription>קוואקר בתוספת צימוקי</ManufacturerItemDescription>
      <UnitQty>גרמים</UnitQty>
      <Quantity>400.00</Quantity>
      <UnitOfMeasure>100 גרם</UnitOfMeasure>
      <bIsWeighted>0</bIsWeighted>
      <QtyInPackage>לא ידוע</QtyInPackage>
      <ItemPrice>10.90</ItemPrice>
      <UnitOfMeasurePrice>0.0273</UnitOfMeasurePrice>
      <AllowDiscount>1</AllowDiscount>
      <ItemStatus>1</ItemStatus>
      <ItemId>137408</ItemId>
    </Item>
    <Item>
      <PriceUpdateDate>2025-11-30 13:00:50</PriceUpdateDate>
      <ItemCode>7290019401353</ItemCode>
      <ItemType>1</ItemType>
      <ItemName>חטיף פרוטאין מקס 62</ItemName>
      <ManufacturerName>לא ידוע</ManufacturerName>
      <ManufactureCountry>סלובקיה</ManufactureCountry>
      <ManufacturerItemDescription>חטיף פרוטאין מקס 62</ManufacturerItemDescription>
      <UnitQty>גרמים</UnitQty>
      <Quantity>62.00</Quantity>
      <UnitOfMeasure>100 גרם</UnitOfMeasure>
      <bIsWeighted>0</bIsWeighted>
      <QtyInPackage>לא ידוע</QtyInPackage>
      <ItemPrice>13.90</ItemPrice>
      <UnitOfMeasurePrice>0.2242</UnitOfMeasurePrice>
      <AllowDiscount>1</AllowDiscount>
      <ItemStatus>1</ItemStatus>
      <ItemId>119738</ItemId>
    </Item>
    <Item>
      <PriceUpdateDate>2025-11-30 14:57:17</PriceUpdateDate>
      <ItemCode>7290005576041</ItemCode>
      <ItemType>1</ItemType>
      <ItemName>שמיר</ItemName>
      <ManufacturerName>לא ידוע</ManufacturerName>
      <ManufactureCountry>לא ידוע</ManufactureCountry>
      <ManufacturerItemDescription>שמיר</ManufacturerItemDescription>
      <UnitQty>יח'</UnitQty>
      <Quantity>1.00</Quantity>
      <UnitOfMeasure>יח'</UnitOfMeasure>
      <bIsWeighted>0</bIsWeighted>
      <QtyInPackage>לא ידוע</QtyInPackage>
      <ItemPrice>6.90</ItemPrice>
      <UnitOfMeasurePrice>6.9000</UnitOfMeasurePrice>
      <AllowDiscount>1</AllowDiscount>
      <ItemStatus>1</ItemStatus>
      <ItemId>153133</ItemId>
    </Item>
    <Item>
      <PriceUpdateDate>2025-12-01 07:18:07</PriceUpdateDate>
      <ItemCode>7290019233244</ItemCode>
      <ItemType>1</ItemType>
      <ItemName>*מבצע* רוטב חריף להכ</ItemName>
      <ManufacturerName>פרלינה ס.פ.א</ManufacturerName>
      <ManufactureCountry>איטליה</ManufactureCountry>
      <ManufacturerItemDescription>*מבצע* רוטב חריף להכ</ManufacturerItemDescription>
      <UnitQty>גרמים</UnitQty>
      <Quantity>420.00</Quantity>
      <UnitOfMeasure>100 גרם</UnitOfMeasure>
      <bIsWeighted>0</bIsWeighted>
      <QtyInPackage>לא ידוע</QtyInPackage>
      <ItemPrice>13.90</ItemPrice>
      <UnitOfMeasurePrice>0.0331</UnitOfMeasurePrice>
      <AllowDiscount>1</AllowDiscount>
      <ItemStatus>1</ItemStatus>
      <ItemId>145565</ItemId>
    </Item>
    <Item>
      <PriceUpdateDate>2025-12-01 08:43:32</PriceUpdateDate>
      <ItemCode>7290110116125</ItemCode>
      <ItemType>1</ItemType>
      <ItemName>סירופ בטעם פטל 750 מ</ItemName>
      <ManufacturerName>סירופ - גבעת חיים</ManufacturerName>
      <ManufactureCountry>ישראל</ManufactureCountry>
      <ManufacturerItemDescription>סירופ בטעם פטל 750 מ</ManufacturerItemDescription>
      <UnitQty>מיליליטרים</UnitQty>
      <Quantity>750.00</Quantity>
      <UnitOfMeasure>100 מ"ל</UnitOfMeasure>
      <bIsWeighted>0</bIsWeighted>
      <QtyInPackage>לא ידוע</QtyInPackage>
      <ItemPrice>18.90</ItemPrice>
      <UnitOfMeasurePrice>0.0252</UnitOfMeasurePrice>
      <AllowDiscount>1</AllowDiscount>
      <ItemStatus>1</ItemStatus>
      <ItemId>84262</ItemId>
    </Item>
    <Item>
      <PriceUpdateDate>2025-12-02 06:29:18</PriceUpdateDate>
      <ItemCode>3608580109280</ItemCode>
      <ItemType>1</ItemType>
      <ItemName>קונפיטורה תות שדה 37</ItemName>
      <ManufacturerName>אנדרוס</ManufacturerName>
      <ManufactureCountry>צרפת</ManufactureCountry>
      <ManufacturerItemDescription>קונפיטורה תות שדה 37</ManufacturerItemDescription>
      <UnitQty>גרמים</UnitQty>
      <Quantity>370.00</Quantity>
      <UnitOfMeasure>100 גרם</UnitOfMeasure>
      <bIsWeighted>0</bIsWeighted>
      <QtyInPackage>לא ידוע</QtyInPackage>
      <ItemPrice>22.90</ItemPrice>
      <UnitOfMeasurePrice>0.0619</UnitOfMeasurePrice>
      <AllowDiscount>1</AllowDiscount>
      <ItemStatus>1</ItemStatus>
      <ItemId>118165</ItemId>
    </Item>
    <Item>
      <PriceUpdateDate>2025-12-05 06:11:03</PriceUpdateDate>
      <ItemCode>7290121132268</ItemCode>
      <ItemType>1</ItemType>
      <ItemName>פלטת סלמון מעושן 150</ItemName>
      <ManufacturerName>סלטי שמיר 2006 בע"מ</ManufacturerName>
      <ManufactureCountry>ישראל</ManufactureCountry>
      <ManufacturerItemDescription>פלטת סלמון מעושן 150</ManufacturerItemDescription>
      <UnitQty>גרמים</UnitQty>
      <Quantity>150.00</Quantity>
      <UnitOfMeasure>100 גרם</UnitOfMeasure>
      <bIsWeighted>0</bIsWeighted>
      <QtyInPackage>לא ידוע</QtyInPackage>
      <ItemPrice>37.90</ItemPrice>
      <UnitOfMeasurePrice>0.2527</UnitOfMeasurePrice>
      <AllowDiscount>1</AllowDiscount>
      <ItemStatus>1</ItemStatus>
      <ItemId>153348</ItemId>
    </Item>
    <Item>
      <PriceUpdateDate>2025-12-07 06:24:50</PriceUpdateDate>
      <ItemCode>7290017440286</ItemCode>
      <ItemType>1</ItemType>
      <ItemName>מרכך לילדים אל דמע 7</ItemName>
      <ManufacturerName>לא ידוע</ManufacturerName>
      <ManufactureCountry>לא ידוע</ManufactureCountry>
      <ManufacturerItemDescription>מרכך לילדים אל דמע 7</ManufacturerItemDescription>
      <UnitQty>מיליליטרים</UnitQty>
      <Quantity>750.00</Quantity>
      <UnitOfMeasure>100 מ"ל</UnitOfMeasure>
      <bIsWeighted>0</bIsWeighted>
      <QtyInPackage>לא ידוע</QtyInPackage>
      <ItemPrice>16.90</ItemPrice>
      <UnitOfMeasurePrice>0.0225</UnitOfMeasurePrice>
      <AllowDiscount>1</AllowDiscount>
      <ItemStatus>1</ItemStatus>
      <ItemId>58164</ItemId>
    </Item>
    <Item>
      <PriceUpdateDate>2025-12-08 07:30:17</PriceUpdateDate>
      <ItemCode>7290016329278</ItemCode>
      <ItemType>1</ItemType>
      <ItemName>*מבצע* קמיל בלו מארז</ItemName>
      <ManufacturerName>ד"ר פישר</ManufacturerName>
      <ManufactureCountry>ישראל</ManufactureCountry>
      <ManufacturerItemDescription>קמיל בלו סנסיטיב</ManufacturerItemDescription>
      <UnitQty>יח'</UnitQty>
      <Quantity>256.00</Quantity>
      <UnitOfMeasure>יח'</UnitOfMeasure>
      <bIsWeighted>0</bIsWeighted>
      <QtyInPackage>לא ידוע</QtyInPackage>
      <ItemPrice>14.90</ItemPrice>
      <UnitOfMeasurePrice>0.0582</UnitOfMeasurePrice>
      <AllowDiscount>1</AllowDiscount>
      <ItemStatus>1</ItemStatus>
      <ItemId>32750</ItemId>
    </Item>
    <Item>
      <PriceUpdateDate>2025-12-08 07:30:18</PriceUpdateDate>
      <ItemCode>7290019401964</ItemCode>
      <ItemType>1</ItemType>
      <ItemName>*מבצע* פרוטאין מקס ז</ItemName>
      <ManufacturerName>אווה אס.אר.או</ManufacturerName>
      <ManufactureCountry>סלובקיה</ManufactureCountry>
      <ManufacturerItemDescription>*מבצע* פרוטאין מקס ז</ManufacturerItemDescription>
      <UnitQty>גרמים</UnitQty>
      <Quantity>30.00</Quantity>
      <UnitOfMeasure>100 גרם</UnitOfMeasure>
      <bIsWeighted>0</bIsWeighted>
      <QtyInPackage>לא ידוע</QtyInPackage>
      <ItemPrice>8.90</ItemPrice>
      <UnitOfMeasurePrice>0.2967</UnitOfMeasurePrice>
      <AllowDiscount>1</AllowDiscount>
      <ItemStatus>1</ItemStatus>
      <ItemId>143338</ItemId>
    </Item>
    <Item>
      <PriceUpdateDate>2025-12-08 07:30:18</PriceUpdateDate>
      <ItemCode>7290019401971</ItemCode>
      <ItemType>1</ItemType>
      <ItemName>*מבצע* פרוטאין מקס ז</ItemName>
      <ManufacturerName>אווה אס.אר.או</ManufacturerName>
      <ManufactureCountry>סלובקיה</ManufactureCountry>
      <ManufacturerItemDescription>*מבצע* פרוטאין מקס ז</ManufacturerItemDescription>
      <UnitQty>גרמים</UnitQty>
      <Quantity>30.00</Quantity>
      <UnitOfMeasure>100 גרם</UnitOfMeasure>
      <bIsWeighted>0</bIsWeighted>
      <QtyInPackage>לא ידוע</QtyInPackage>
      <ItemPrice>8.90</ItemPrice>
      <UnitOfMeasurePrice>0.2967</UnitOfMeasurePrice>
      <AllowDiscount>1</AllowDiscount>
      <ItemStatus>1</ItemStatus>
      <ItemId>143339</ItemId>
    </Item>
    <Item>
      <PriceUpdateDate>2025-12-12 02:24:39</PriceUpdateDate>
      <ItemCode>7290116935409</ItemCode>
      <ItemType>1</ItemType>
      <ItemName>נפוליאון 25% מוקצף ט</ItemName>
      <ManufacturerName>תנובה</ManufacturerName>
      <ManufactureCountry>ישראל</ManufactureCountry>
      <ManufacturerItemDescription>נפוליאון</ManufacturerItemDescription>
      <UnitQty>גרמים</UnitQty>
      <Quantity>180.00</Quantity>
      <UnitOfMeasure>100 גרם</UnitOfMeasure>
      <bIsWeighted>0</bIsWeighted>
      <QtyInPackage>לא ידוע</QtyInPackage>
      <ItemPrice>14.60</ItemPrice>
      <UnitOfMeasurePrice>0.0811</UnitOfMeasurePrice>
      <AllowDiscount>1</AllowDiscount>
      <ItemStatus>1</ItemStatus>
      <ItemId>145230</ItemId>
    </Item>
    <Item>
      <PriceUpdateDate>2025-12-14 12:28:25</PriceUpdateDate>
      <ItemCode>7290015652278</ItemCode>
      <ItemType>1</ItemType>
      <ItemName>תערובת פיצוחים 250 ג</ItemName>
      <ManufacturerName>דין שיווק וקלייה בע"</ManufacturerName>
      <ManufactureCountry>ישראל</ManufactureCountry>
      <ManufacturerItemDescription>ששון הקולה</ManufacturerItemDescription>
      <UnitQty>גרמים</UnitQty>
      <Quantity>250.00</Quantity>
      <UnitOfMeasure>100 גרם</UnitOfMeasure>
      <bIsWeighted>0</bIsWeighted>
      <QtyInPackage>לא ידוע</QtyInPackage>
      <ItemPrice>21.90</ItemPrice>
      <UnitOfMeasurePrice>0.0876</UnitOfMeasurePrice>
      <AllowDiscount>1</AllowDiscount>
      <ItemStatus>1</ItemStatus>
      <ItemId>3045</ItemId>
    </Item>
    <Item>
      <PriceUpdateDate>2025-12-17 06:43:31</PriceUpdateDate>
      <ItemCode>7162503099011</ItemCode>
      <ItemType>1</ItemType>
      <ItemName>סט מצעים דובים מיטה</ItemName>
      <ManufacturerName>לא ידוע</ManufacturerName>
      <ManufactureCountry>לא ידוע</ManufactureCountry>
      <ManufacturerItemDescription>סט מצעים דובים מיטה</ManufacturerItemDescription>
      <UnitQty>יח'</UnitQty>
      <Quantity>1.00</Quantity>
      <UnitOfMeasure>יח'</UnitOfMeasure>
      <bIsWeighted>0</bIsWeighted>
      <QtyInPackage>לא ידוע</QtyInPackage>
      <ItemPrice>59.90</ItemPrice>
      <UnitOfMeasurePrice>59.9000</UnitOfMeasurePrice>
      <AllowDiscount>1</AllowDiscount>
      <ItemStatus>1</ItemStatus>
      <ItemId>153789</ItemId>
    </Item>
    <Item>
      <PriceUpdateDate>2025-12-22 11:21:50</PriceUpdateDate>
      <ItemCode>7290112003140</ItemCode>
      <ItemType>1</ItemType>
      <ItemName>מבשם בניחוח מנגו מרע</ItemName>
      <ManufacturerName>RECKITT BENCKISER UK</ManufacturerName>
      <ManufactureCountry>בריטניה</ManufactureCountry>
      <ManufacturerItemDescription>איירויק</ManufacturerItemDescription>
      <UnitQty>מיליליטרים</UnitQty>
      <Quantity>250.00</Quantity>
      <UnitOfMeasure>100 מ"ל</UnitOfMeasure>
      <bIsWeighted>0</bIsWeighted>
      <QtyInPackage>לא ידוע</QtyInPackage>
      <ItemPrice>16.90</ItemPrice>
      <UnitOfMeasurePrice>0.0676</UnitOfMeasurePrice>
      <AllowDiscount>1</AllowDiscount>
      <ItemStatus>1</ItemStatus>
      <ItemId>63816</ItemId>
    </Item>
    <Item>
      <PriceUpdateDate>2025-12-23 11:40:52</PriceUpdateDate>
      <ItemCode>4549995649284</ItemCode>
      <ItemType>1</ItemType>
      <ItemName>אייפון 17 פרו מקס 25</ItemName>
      <ManufacturerName>לא ידוע</ManufacturerName>
      <ManufactureCountry>לא ידוע</ManufactureCountry>
      <ManufacturerItemDescription>אייפון 17 פרו מקס 25</ManufacturerItemDescription>
      <UnitQty>יח'</UnitQty>
      <Quantity>1.00</Quantity>
      <UnitOfMeasure>יח'</UnitOfMeasure>
      <bIsWeighted>0</bIsWeighted>
      <QtyInPackage>לא ידוע</QtyInPackage>
      <ItemPrice>4799.00</ItemPrice>
      <UnitOfMeasurePrice>4799.0000</UnitOfMeasurePrice>
      <AllowDiscount>1</AllowDiscount>
      <ItemStatus>1</ItemStatus>
      <ItemId>153736</ItemId>
    </Item>
    <Item>
      <PriceUpdateDate>2025-12-25 06:39:59</PriceUpdateDate>
      <ItemCode>7290011570781</ItemCode>
      <ItemType>1</ItemType>
      <ItemName>*מבצע* קמח עוגה בטעם</ItemName>
      <ManufacturerName>אשבל -מזון פונקציונל</ManufacturerName>
      <ManufactureCountry>ישראל</ManufactureCountry>
      <ManufacturerItemDescription>אשבל</ManufacturerItemDescription>
      <UnitQty>גרמים</UnitQty>
      <Quantity>450.00</Quantity>
      <UnitOfMeasure>100 גרם</UnitOfMeasure>
      <bIsWeighted>0</bIsWeighted>
      <QtyInPackage>לא ידוע</QtyInPackage>
      <ItemPrice>14.90</ItemPrice>
      <UnitOfMeasurePrice>0.0331</UnitOfMeasurePrice>
      <AllowDiscount>1</AllowDiscount>
      <ItemStatus>1</ItemStatus>
      <ItemId>29460</ItemId>
    </Item>
    <Item>
      <PriceUpdateDate>2025-12-25 06:40:18</PriceUpdateDate>
      <ItemCode>7290017907246</ItemCode>
      <ItemType>1</ItemType>
      <ItemName>*מבצע* סולת תמי ללא</ItemName>
      <ManufacturerName>איטליאנו אחזקות</ManufacturerName>
      <ManufactureCountry>לא ידוע</ManufactureCountry>
      <ManufacturerItemDescription>*מבצע* סולת תמי ללא</ManufacturerItemDescription>
      <UnitQty>גרמים</UnitQty>
      <Quantity>300.00</Quantity>
      <UnitOfMeasure>100 גרם</UnitOfMeasure>
      <bIsWeighted>0</bIsWeighted>
      <QtyInPackage>לא ידוע</QtyInPackage>
      <ItemPrice>14.90</ItemPrice>
      <UnitOfMeasurePrice>0.0497</UnitOfMeasurePrice>
      <AllowDiscount>1</AllowDiscount>
      <ItemStatus>1</ItemStatus>
      <ItemId>95277</ItemId>
    </Item>
    <Item>
      <PriceUpdateDate>2025-12-25 06:41:16</PriceUpdateDate>
      <ItemCode>7290002385745</ItemCode>
      <ItemType>1</ItemType>
      <ItemName>*מבצע* פקורינו משולש</ItemName>
      <ManufacturerName>גדישון</ManufacturerName>
      <ManufactureCountry>ישראל</ManufactureCountry>
      <ManufacturerItemDescription>מחלבות גד</ManufacturerItemDescription>
      <UnitQty>קילוגרמים</UnitQty>
      <Quantity>1.00</Quantity>
      <UnitOfMeasure>ק"ג</UnitOfMeasure>
      <bIsWeighted>1</bIsWeighted>
      <QtyInPackage>לא ידוע</QtyInPackage>
      <ItemPrice>140.00</ItemPrice>
      <UnitOfMeasurePrice>140.0000</UnitOfMeasurePrice>
      <AllowDiscount>1</AllowDiscount>
      <ItemStatus>1</ItemStatus>
      <ItemId>51457</ItemId>
    </Item>
    <Item>
      <PriceUpdateDate>2025-12-25 12:43:36</PriceUpdateDate>
      <ItemCode>7290013121158</ItemCode>
      <ItemType>1</ItemType>
      <ItemName>רביעיית לחמניות סנדב</ItemName>
      <ManufacturerName>אביב קונדיטוריה מעול</ManufacturerName>
      <ManufactureCountry>ישראל</ManufactureCountry>
      <ManufacturerItemDescription>גרין לייט</ManufacturerItemDescription>
      <UnitQty>גרמים</UnitQty>
      <Quantity>460.00</Quantity>
      <UnitOfMeasure>100 גרם</UnitOfMeasure>
      <bIsWeighted>0</bIsWeighted>
      <QtyInPackage>לא ידוע</QtyInPackage>
      <ItemPrice>22.90</ItemPrice>
      <UnitOfMeasurePrice>0.0498</UnitOfMeasurePrice>
      <AllowDiscount>1</AllowDiscount>
      <ItemStatus>1</ItemStatus>
      <ItemId>2037</ItemId>
    </Item>
  </Items>
</Root>