<Root>
  <XmlDocVersion>19</XmlDocVersion>
  <ChainId>7290785400000</ChainId>
  <SubChainId>1</SubChainId>
  <StoreId>103</StoreId>
  <BikoretNo>5</BikoretNo>
  <DllVerNo>9.4.0.50</DllVerNo>
  <Items Count="2763">
    <Item>
      <PriceUpdateDate>2025-06-25 14:16:14</PriceUpdateDate>
      <ItemCode>1364</ItemCode>
      <ItemType>0</ItemType>
      <ItemName>סרדלקי עגל בוואקום</ItemName>
      <ManufacturerName>מעדני בשר יהודה</ManufacturerName>
      <ManufactureCountry>לא ידוע</ManufactureCountry>
      <ManufacturerItemDescription>סרדלקי עגל בוואקום</ManufacturerItemDescription>
      <UnitQty>קילוגרמים</UnitQty>
      <Quantity>1.00</Quantity>
      <UnitOfMeasure>ק"ג</UnitOfMeasure>
      <bIsWeighted>1</bIsWeighted>
      <QtyInPackage>לא ידוע</QtyInPackage>
      <ItemPrice>45.00</ItemPrice>
      <UnitOfMeasurePrice>45.0000</UnitOfMeasurePrice>
      <AllowDiscount>1</AllowDiscount>
      <ItemStatus>1</ItemStatus>
      <ItemId>46332</ItemId>
    </Item>
    <Item>
      <PriceUpdateDate>2025-02-02 07:39:54</PriceUpdateDate>
      <ItemCode>16007</ItemCode>
      <ItemType>0</ItemType>
      <ItemName>כיסונים עם תפו"א</ItemName>
      <ManufacturerName>,</ManufacturerName>
      <ManufactureCountry>לא ידוע</ManufactureCountry>
      <ManufacturerItemDescription>כיסונים עם תפוא</ManufacturerItemDescription>
      <UnitQty>קילוגרמים</UnitQty>
      <Quantity>1.00</Quantity>
      <UnitOfMeasure>ק"ג</UnitOfMeasure>
      <bIsWeighted>1</bIsWeighted>
      <QtyInPackage>לא ידוע</QtyInPackage>
      <ItemPrice>85.00</ItemPrice>
      <UnitOfMeasurePrice>85.0000</UnitOfMeasurePrice>
      <AllowDiscount>1</AllowDiscount>
      <ItemStatus>1</ItemStatus>
      <ItemId>46356</ItemId>
    </Item>
    <Item>
      <PriceUpdateDate>2023-12-31 12:48:01</PriceUpdateDate>
      <ItemCode>16011</ItemCode>
      <ItemType>0</ItemType>
      <ItemName>גפילטע פיש</ItemName>
      <ManufacturerName>,</ManufacturerName>
      <ManufactureCountry>לא ידוע</ManufactureCountry>
      <ManufacturerItemDescription>גפילטע פיש</ManufacturerItemDescription>
      <UnitQty>קילוגרמים</UnitQty>
      <Quantity>1.00</Quantity>
      <UnitOfMeasure>ק"ג</UnitOfMeasure>
      <bIsWeighted>1</bIsWeighted>
      <QtyInPackage>לא ידוע</QtyInPackage>
      <ItemPrice>119.00</ItemPrice>
      <UnitOfMeasurePrice>119.0000</UnitOfMeasurePrice>
      <AllowDiscount>1</AllowDiscount>
      <ItemStatus>1</ItemStatus>
      <ItemId>46357</ItemId>
    </Item>
    <Item>
      <PriceUpdateDate>2025-02-02 07:39:54</PriceUpdateDate>
      <ItemCode>16023</ItemCode>
      <ItemType>0</ItemType>
      <ItemName>עוף בסגנון סיני</ItemName>
      <ManufacturerName>,</ManufacturerName>
      <ManufactureCountry>לא ידוע</ManufactureCountry>
      <ManufacturerItemDescription>עוף בסגנון סיני</ManufacturerItemDescription>
      <UnitQty>קילוגרמים</UnitQty>
      <Quantity>1.00</Quantity>
      <UnitOfMeasure>ק"ג</UnitOfMeasure>
      <bIsWeighted>1</bIsWeighted>
      <QtyInPackage>לא ידוע</QtyInPackage>
      <ItemPrice>99.00</ItemPrice>
      <UnitOfMeasurePrice>99.0000</UnitOfMeasurePrice>
      <AllowDiscount>1</AllowDiscount>
      <ItemStatus>1</ItemStatus>
      <ItemId>46358</ItemId>
    </Item>
    <Item>
      <PriceUpdateDate>2023-12-31 12:48:01</PriceUpdateDate>
      <ItemCode>16058</ItemCode>
      <ItemType>0</ItemType>
      <ItemName>ציקן קייב</ItemName>
      <ManufacturerName>,</ManufacturerName>
      <ManufactureCountry>לא ידוע</ManufactureCountry>
      <ManufacturerItemDescription>ציקן קייב</ManufacturerItemDescription>
      <UnitQty>קילוגרמים</UnitQty>
      <Quantity>1.00</Quantity>
      <UnitOfMeasure>ק"ג</UnitOfMeasure>
      <bIsWeighted>1</bIsWeighted>
      <QtyInPackage>לא ידוע</QtyInPackage>
      <ItemPrice>89.00</ItemPrice>
      <UnitOfMeasurePrice>89.0000</UnitOfMeasurePrice>
      <AllowDiscount>1</AllowDiscount>
      <ItemStatus>1</ItemStatus>
      <ItemId>46362</ItemId>
    </Item>
    <Item>
      <PriceUpdateDate>2025-06-16 17:41:36</PriceUpdateDate>
      <ItemCode>17205</ItemCode>
      <ItemType>0</ItemType>
      <ItemName>אנטריקוט בר מחולק 3</ItemName>
      <ManufacturerName>,</ManufacturerName>
      <ManufactureCountry>לא ידוע</ManufactureCountry>
      <ManufacturerItemDescription>אנטריקוט בר מחולק 3</ManufacturerItemDescription>
      <UnitQty>קילוגרמים</UnitQty>
      <Quantity>1.00</Quantity>
      <UnitOfMeasure>ק"ג</UnitOfMeasure>
      <bIsWeighted>1</bIsWeighted>
      <QtyInPackage>לא ידוע</QtyInPackage>
      <ItemPrice>119.90</ItemPrice>
      <UnitOfMeasurePrice>119.9000</UnitOfMeasurePrice>
      <AllowDiscount>1</AllowDiscount>
      <ItemStatus>1</ItemStatus>
      <ItemId>46375</ItemId>
    </Item>
    <Item>
      <PriceUpdateDate>2025-01-05 08:39:11</PriceUpdateDate>
      <ItemCode>17222</ItemCode>
      <ItemType>0</ItemType>
      <ItemName>חזה עגל</ItemName>
      <ManufacturerName>בית מטבחיים דבאח</ManufacturerName>
      <ManufactureCountry>לא ידוע</ManufactureCountry>
      <ManufacturerItemDescription>חזה עגל</ManufacturerItemDescription>
      <UnitQty>קילוגרמים</UnitQty>
      <Quantity>1.00</Quantity>
      <UnitOfMeasure>ק"ג</UnitOfMeasure>
      <bIsWeighted>1</bIsWeighted>
      <QtyInPackage>לא ידוע</QtyInPackage>
      <ItemPrice>39.90</ItemPrice>
      <UnitOfMeasurePrice>39.9000</UnitOfMeasurePrice>
      <AllowDiscount>1</AllowDiscount>
      <ItemStatus>1</ItemStatus>
      <ItemId>46376</ItemId>
    </Item>
    <Item>
      <PriceUpdateDate>2023-12-31 12:48:01</PriceUpdateDate>
      <ItemCode>17318</ItemCode>
      <ItemType>0</ItemType>
      <ItemName>פילה לבן</ItemName>
      <ManufacturerName>המפרק פירוק ושיווק ב</ManufacturerName>
      <ManufactureCountry>לא ידוע</ManufactureCountry>
      <ManufacturerItemDescription>פילה לבן</ManufacturerItemDescription>
      <UnitQty>קילוגרמים</UnitQty>
      <Quantity>1.00</Quantity>
      <UnitOfMeasure>ק"ג</UnitOfMeasure>
      <bIsWeighted>1</bIsWeighted>
      <QtyInPackage>לא ידוע</QtyInPackage>
      <ItemPrice>84.90</ItemPrice>
      <UnitOfMeasurePrice>84.9000</UnitOfMeasurePrice>
      <AllowDiscount>1</AllowDiscount>
      <ItemStatus>1</ItemStatus>
      <ItemId>46383</ItemId>
    </Item>
    <Item>
      <PriceUpdateDate>2025-10-28 16:58:10</PriceUpdateDate>
      <ItemCode>17503</ItemCode>
      <ItemType>0</ItemType>
      <ItemName>שניצל עוף טרי ארוז</ItemName>
      <ManufacturerName>,</ManufacturerName>
      <ManufactureCountry>לא ידוע</ManufactureCountry>
      <ManufacturerItemDescription>שניצל עוף טרי ארוז</ManufacturerItemDescription>
      <UnitQty>קילוגרמים</UnitQty>
      <Quantity>1.00</Quantity>
      <UnitOfMeasure>ק"ג</UnitOfMeasure>
      <bIsWeighted>1</bIsWeighted>
      <QtyInPackage>לא ידוע</QtyInPackage>
      <ItemPrice>45.90</ItemPrice>
      <UnitOfMeasurePrice>45.9000</UnitOfMeasurePrice>
      <AllowDiscount>1</AllowDiscount>
      <ItemStatus>1</ItemStatus>
      <ItemId>46387</ItemId>
    </Item>
    <Item>
      <PriceUpdateDate>2025-08-03 13:12:26</PriceUpdateDate>
      <ItemCode>2194</ItemCode>
      <ItemType>0</ItemType>
      <ItemName>גבינה גאודה עיזים</ItemName>
      <ManufacturerName>,</ManufacturerName>
      <ManufactureCountry>לא ידוע</ManufactureCountry>
      <ManufacturerItemDescription>גבינה גאודה עיזים</ManufacturerItemDescription>
      <UnitQty>קילוגרמים</UnitQty>
      <Quantity>1.00</Quantity>
      <UnitOfMeasure>ק"ג</UnitOfMeasure>
      <bIsWeighted>1</bIsWeighted>
      <QtyInPackage>לא ידוע</QtyInPackage>
      <ItemPrice>149.00</ItemPrice>
      <UnitOfMeasurePrice>149.0000</UnitOfMeasurePrice>
      <AllowDiscount>1</AllowDiscount>
      <ItemStatus>1</ItemStatus>
      <ItemId>46428</ItemId>
    </Item>
    <Item>
      <PriceUpdateDate>2025-01-02 08:44:29</PriceUpdateDate>
      <ItemCode>7290000002201</ItemCode>
      <ItemType>1</ItemType>
      <ItemName>גאודה מיושן 1000 יום</ItemName>
      <ManufacturerName>,</ManufacturerName>
      <ManufactureCountry>לא ידוע</ManufactureCountry>
      <ManufacturerItemDescription>גאודה מיושן 1000 יום</ManufacturerItemDescription>
      <UnitQty>קילוגרמים</UnitQty>
      <Quantity>1.00</Quantity>
      <UnitOfMeasure>ק"ג</UnitOfMeasure>
      <bIsWeighted>1</bIsWeighted>
      <QtyInPackage>לא ידוע</QtyInPackage>
      <ItemPrice>149.00</ItemPrice>
      <UnitOfMeasurePrice>149.0000</UnitOfMeasurePrice>
      <AllowDiscount>1</AllowDiscount>
      <ItemStatus>1</ItemStatus>
      <ItemId>46429</ItemId>
    </Item>
    <Item>
      <PriceUpdateDate>2023-12-31 12:48:01</PriceUpdateDate>
      <ItemCode>7290000002206</ItemCode>
      <ItemType>1</ItemType>
      <ItemName>גבינה אדם כדור</ItemName>
      <ManufacturerName>,</ManufacturerName>
      <ManufactureCountry>לא ידוע</ManufactureCountry>
      <ManufacturerItemDescription>גבינה אדם כדור</ManufacturerItemDescription>
      <UnitQty>קילוגרמים</UnitQty>
      <Quantity>1.00</Quantity>
      <UnitOfMeasure>ק"ג</UnitOfMeasure>
      <bIsWeighted>1</bIsWeighted>
      <QtyInPackage>לא ידוע</QtyInPackage>
      <ItemPrice>95.00</ItemPrice>
      <UnitOfMeasurePrice>95.0000</UnitOfMeasurePrice>
      <AllowDiscount>1</AllowDiscount>
      <ItemStatus>1</ItemStatus>
      <ItemId>46430</ItemId>
    </Item>
    <Item>
      <PriceUpdateDate>2023-12-31 12:48:01</PriceUpdateDate>
      <ItemCode>2260</ItemCode>
      <ItemType>0</ItemType>
      <ItemName>גבינה גאודה צילי</ItemName>
      <ManufacturerName>לנדנה</ManufacturerName>
      <ManufactureCountry>לא ידוע</ManufactureCountry>
      <ManufacturerItemDescription>גבינה גאודה צילי</ManufacturerItemDescription>
      <UnitQty>קילוגרמים</UnitQty>
      <Quantity>1.00</Quantity>
      <UnitOfMeasure>ק"ג</UnitOfMeasure>
      <bIsWeighted>1</bIsWeighted>
      <QtyInPackage>לא ידוע</QtyInPackage>
      <ItemPrice>99.00</ItemPrice>
      <UnitOfMeasurePrice>99.0000</UnitOfMeasurePrice>
      <AllowDiscount>1</AllowDiscount>
      <ItemStatus>1</ItemStatus>
      <ItemId>46434</ItemId>
    </Item>
    <Item>
      <PriceUpdateDate>2024-11-03 14:19:33</PriceUpdateDate>
      <ItemCode>252</ItemCode>
      <ItemType>0</ItemType>
      <ItemName>סלמי טורו</ItemName>
      <ManufacturerName>ישרקו שיווק מותגי מז</ManufacturerName>
      <ManufactureCountry>לא ידוע</ManufactureCountry>
      <ManufacturerItemDescription>סלמי סלמין</ManufacturerItemDescription>
      <UnitQty>קילוגרמים</UnitQty>
      <Quantity>1.00</Quantity>
      <UnitOfMeasure>ק"ג</UnitOfMeasure>
      <bIsWeighted>1</bIsWeighted>
      <QtyInPackage>לא ידוע</QtyInPackage>
      <ItemPrice>199.00</ItemPrice>
      <UnitOfMeasurePrice>199.0000</UnitOfMeasurePrice>
      <AllowDiscount>1</AllowDiscount>
      <ItemStatus>1</ItemStatus>
      <ItemId>46443</ItemId>
    </Item>
    <Item>
      <PriceUpdateDate>2023-12-31 12:48:01</PriceUpdateDate>
      <ItemCode>2894</ItemCode>
      <ItemType>0</ItemType>
      <ItemName>גבינת ברי פטריות</ItemName>
      <ManufacturerName>,</ManufacturerName>
      <ManufactureCountry>לא ידוע</ManufactureCountry>
      <ManufacturerItemDescription>גבינת ברי פטריות</ManufacturerItemDescription>
      <UnitQty>קילוגרמים</UnitQty>
      <Quantity>1.00</Quantity>
      <UnitOfMeasure>ק"ג</UnitOfMeasure>
      <bIsWeighted>1</bIsWeighted>
      <QtyInPackage>לא ידוע</QtyInPackage>
      <ItemPrice>209.00</ItemPrice>
      <UnitOfMeasurePrice>209.0000</UnitOfMeasurePrice>
      <AllowDiscount>1</AllowDiscount>
      <ItemStatus>1</ItemStatus>
      <ItemId>46453</ItemId>
    </Item>
    <Item>
      <PriceUpdateDate>2024-11-03 14:19:33</PriceUpdateDate>
      <ItemCode>330</ItemCode>
      <ItemType>0</ItemType>
      <ItemName>חזה הודו בדבש</ItemName>
      <ManufacturerName>זילבר תעשיות מוצרי ב</ManufacturerName>
      <ManufactureCountry>לא ידוע</ManufactureCountry>
      <ManufacturerItemDescription>חזה הודו בדבש</ManufacturerItemDescription>
      <UnitQty>קילוגרמים</UnitQty>
      <Quantity>1.00</Quantity>
      <UnitOfMeasure>ק"ג</UnitOfMeasure>
      <bIsWeighted>1</bIsWeighted>
      <QtyInPackage>לא ידוע</QtyInPackage>
      <ItemPrice>85.00</ItemPrice>
      <UnitOfMeasurePrice>85.0000</UnitOfMeasurePrice>
      <AllowDiscount>1</AllowDiscount>
      <ItemStatus>1</ItemStatus>
      <ItemId>46470</ItemId>
    </Item>
    <Item>
      <PriceUpdateDate>2024-11-03 13:17:04</PriceUpdateDate>
      <ItemCode>1371</ItemCode>
      <ItemType>0</ItemType>
      <ItemName>כתף בקר</ItemName>
      <ManufacturerName>מעדני בשר יהודה</ManufacturerName>
      <ManufactureCountry>לא ידוע</ManufactureCountry>
      <ManufacturerItemDescription>כתף בקר</ManufacturerItemDescription>
      <UnitQty>קילוגרמים</UnitQty>
      <Quantity>1.00</Quantity>
      <UnitOfMeasure>ק"ג</UnitOfMeasure>
      <bIsWeighted>1</bIsWeighted>
      <QtyInPackage>לא ידוע</QtyInPackage>
      <ItemPrice>129.00</ItemPrice>
      <UnitOfMeasurePrice>129.0000</UnitOfMeasurePrice>
      <AllowDiscount>1</AllowDiscount>
      <ItemStatus>1</ItemStatus>
      <ItemId>46474</ItemId>
    </Item>
    <Item>
      <PriceUpdateDate>2024-11-12 12:03:21</PriceUpdateDate>
      <ItemCode>7290000000436</ItemCode>
      <ItemType>1</ItemType>
      <ItemName>בוט דיאטטי מעושן</ItemName>
      <ManufacturerName>ולדמן ביח"ר לנקניק ו</ManufacturerName>
      <ManufactureCountry>לא ידוע</ManufactureCountry>
      <ManufacturerItemDescription>בוט דיאטטי מעושן</ManufacturerItemDescription>
      <UnitQty>קילוגרמים</UnitQty>
      <Quantity>1.00</Quantity>
      <UnitOfMeasure>ק"ג</UnitOfMeasure>
      <bIsWeighted>1</bIsWeighted>
      <QtyInPackage>לא ידוע</QtyInPackage>
      <ItemPrice>109.00</ItemPrice>
      <UnitOfMeasurePrice>109.0000</UnitOfMeasurePrice>
      <AllowDiscount>1</AllowDiscount>
      <ItemStatus>1</ItemStatus>
      <ItemId>46481</ItemId>
    </Item>
    <Item>
      <PriceUpdateDate>2024-11-11 14:56:10</PriceUpdateDate>
      <ItemCode>7290000000533</ItemCode>
      <ItemType>1</ItemType>
      <ItemName>בייקון חי</ItemName>
      <ManufacturerName>מעדני מניה תעשיות בש</ManufacturerName>
      <ManufactureCountry>לא ידוע</ManufactureCountry>
      <ManufacturerItemDescription>בייקון חי</ManufacturerItemDescription>
      <UnitQty>קילוגרמים</UnitQty>
      <Quantity>1.00</Quantity>
      <UnitOfMeasure>ק"ג</UnitOfMeasure>
      <bIsWeighted>1</bIsWeighted>
      <QtyInPackage>לא ידוע</QtyInPackage>
      <ItemPrice>249.00</ItemPrice>
      <UnitOfMeasurePrice>249.0000</UnitOfMeasurePrice>
      <AllowDiscount>1</AllowDiscount>
      <ItemStatus>1</ItemStatus>
      <ItemId>46497</ItemId>
    </Item>
    <Item>
      <PriceUpdateDate>2023-12-31 12:48:02</PriceUpdateDate>
      <ItemCode>6116</ItemCode>
      <ItemType>0</ItemType>
      <ItemName>זית על האש</ItemName>
      <ManufacturerName>,</ManufacturerName>
      <ManufactureCountry>לא ידוע</ManufactureCountry>
      <ManufacturerItemDescription>זית על האש</ManufacturerItemDescription>
      <UnitQty>קילוגרמים</UnitQty>
      <Quantity>1.00</Quantity>
      <UnitOfMeasure>ק"ג</UnitOfMeasure>
      <bIsWeighted>1</bIsWeighted>
      <QtyInPackage>לא ידוע</QtyInPackage>
      <ItemPrice>69.00</ItemPrice>
      <UnitOfMeasurePrice>69.0000</UnitOfMeasurePrice>
      <AllowDiscount>1</AllowDiscount>
      <ItemStatus>1</ItemStatus>
      <ItemId>46512</ItemId>
    </Item>
    <Item>
      <PriceUpdateDate>2023-12-31 12:48:02</PriceUpdateDate>
      <ItemCode>6123</ItemCode>
      <ItemType>0</ItemType>
      <ItemName>כרוב בולגרי</ItemName>
      <ManufacturerName>סלטי עמים ברדה</ManufacturerName>
      <ManufactureCountry>לא ידוע</ManufactureCountry>
      <ManufacturerItemDescription>כרוב בולגרי</ManufacturerItemDescription>
      <UnitQty>קילוגרמים</UnitQty>
      <Quantity>1.00</Quantity>
      <UnitOfMeasure>ק"ג</UnitOfMeasure>
      <bIsWeighted>1</bIsWeighted>
      <QtyInPackage>לא ידוע</QtyInPackage>
      <ItemPrice>35.00</ItemPrice>
      <UnitOfMeasurePrice>35.0000</UnitOfMeasurePrice>
      <AllowDiscount>1</AllowDiscount>
      <ItemStatus>1</ItemStatus>
      <ItemId>46515</ItemId>
    </Item>
    <Item>
      <PriceUpdateDate>2025-12-01 19:57:13</PriceUpdateDate>
      <ItemCode>7290000000629</ItemCode>
      <ItemType>1</ItemType>
      <ItemName>בייגלה</ItemName>
      <ManufacturerName>קרלברג ייצור ושיווק</ManufacturerName>
      <ManufactureCountry>לא ידוע</ManufactureCountry>
      <ManufacturerItemDescription>בייגלה</ManufacturerItemDescription>
      <UnitQty>קילוגרמים</UnitQty>
      <Quantity>1.00</Quantity>
      <UnitOfMeasure>ק"ג</UnitOfMeasure>
      <bIsWeighted>1</bIsWeighted>
      <QtyInPackage>לא ידוע</QtyInPackage>
      <ItemPrice>75.00</ItemPrice>
      <UnitOfMeasurePrice>75.0000</UnitOfMeasurePrice>
      <AllowDiscount>1</AllowDiscount>
      <ItemStatus>1</ItemStatus>
      <ItemId>46524</ItemId>
    </Item>
    <Item>
      <PriceUpdateDate>2025-12-01 19:57:13</PriceUpdateDate>
      <ItemCode>7290000000631</ItemCode>
      <ItemType>1</ItemType>
      <ItemName>גוצולסקיה חי</ItemName>
      <ManufacturerName>קרלברג ייצור ושיווק</ManufacturerName>
      <ManufactureCountry>לא ידוע</ManufactureCountry>
      <ManufacturerItemDescription>גוצולסקיה חי</ManufacturerItemDescription>
      <UnitQty>קילוגרמים</UnitQty>
      <Quantity>1.00</Quantity>
      <UnitOfMeasure>ק"ג</UnitOfMeasure>
      <bIsWeighted>1</bIsWeighted>
      <QtyInPackage>לא ידוע</QtyInPackage>
      <ItemPrice>189.00</ItemPrice>
      <UnitOfMeasurePrice>189.0000</UnitOfMeasurePrice>
      <AllowDiscount>1</AllowDiscount>
      <ItemStatus>1</ItemStatus>
      <ItemId>46525</ItemId>
    </Item>
    <Item>
      <PriceUpdateDate>2023-12-31 12:48:02</PriceUpdateDate>
      <ItemCode>7290000006387</ItemCode>
      <ItemType>1</ItemType>
      <ItemName>כרוב ארמני/גרוזיני</ItemName>
      <ManufacturerName>,</ManufacturerName>
      <ManufactureCountry>לא ידוע</ManufactureCountry>
      <ManufacturerItemDescription>כרוב ארמני/גרוזיני</ManufacturerItemDescription>
      <UnitQty>קילוגרמים</UnitQty>
      <Quantity>1.00</Quantity>
      <UnitOfMeasure>ק"ג</UnitOfMeasure>
      <bIsWeighted>1</bIsWeighted>
      <QtyInPackage>לא ידוע</QtyInPackage>
      <ItemPrice>39.00</ItemPrice>
      <UnitOfMeasurePrice>39.0000</UnitOfMeasurePrice>
      <AllowDiscount>1</AllowDiscount>
      <ItemStatus>1</ItemStatus>
      <ItemId>46530</ItemId>
    </Item>
    <Item>
      <PriceUpdateDate>2024-09-11 19:44:46</PriceUpdateDate>
      <ItemCode>6388</ItemCode>
      <ItemType>0</ItemType>
      <ItemName>ירקות חמוצים מעורבים</ItemName>
      <ManufacturerName>,</ManufacturerName>
      <ManufactureCountry>לא ידוע</ManufactureCountry>
      <ManufacturerItemDescription>ירקות חמוצים מעורבים</ManufacturerItemDescription>
      <UnitQty>קילוגרמים</UnitQty>
      <Quantity>1.00</Quantity>
      <UnitOfMeasure>ק"ג</UnitOfMeasure>
      <bIsWeighted>1</bIsWeighted>
      <QtyInPackage>לא ידוע</QtyInPackage>
      <ItemPrice>69.00</ItemPrice>
      <UnitOfMeasurePrice>69.0000</UnitOfMeasurePrice>
      <AllowDiscount>1</AllowDiscount>
      <ItemStatus>1</ItemStatus>
      <ItemId>46531</ItemId>
    </Item>
    <Item>
      <PriceUpdateDate>2025-05-28 13:17:55</PriceUpdateDate>
      <ItemCode>6404</ItemCode>
      <ItemType>0</ItemType>
      <ItemName>כדורי מוצרלה בייבי</ItemName>
      <ManufacturerName>,</ManufacturerName>
      <ManufactureCountry>לא ידוע</ManufactureCountry>
      <ManufacturerItemDescription>כדורי מוצרלה בייבי</ManufacturerItemDescription>
      <UnitQty>קילוגרמים</UnitQty>
      <Quantity>1.00</Quantity>
      <UnitOfMeasure>ק"ג</UnitOfMeasure>
      <bIsWeighted>1</bIsWeighted>
      <QtyInPackage>לא ידוע</QtyInPackage>
      <ItemPrice>99.00</ItemPrice>
      <UnitOfMeasurePrice>99.0000</UnitOfMeasurePrice>
      <AllowDiscount>1</AllowDiscount>
      <ItemStatus>1</ItemStatus>
      <ItemId>46533</ItemId>
    </Item>
    <Item>
      <PriceUpdateDate>2025-12-01 19:57:13</PriceUpdateDate>
      <ItemCode>7290000000651</ItemCode>
      <ItemType>1</ItemType>
      <ItemName>תובה</ItemName>
      <ManufacturerName>קרלברג ייצור ושיווק</ManufacturerName>
      <ManufactureCountry>לא ידוע</ManufactureCountry>
      <ManufacturerItemDescription>תובה</ManufacturerItemDescription>
      <UnitQty>קילוגרמים</UnitQty>
      <Quantity>1.00</Quantity>
      <UnitOfMeasure>ק"ג</UnitOfMeasure>
      <bIsWeighted>1</bIsWeighted>
      <QtyInPackage>לא ידוע</QtyInPackage>
      <ItemPrice>85.00</ItemPrice>
      <UnitOfMeasurePrice>85.0000</UnitOfMeasurePrice>
      <AllowDiscount>1</AllowDiscount>
      <ItemStatus>1</ItemStatus>
      <ItemId>46537</ItemId>
    </Item>
    <Item>
      <PriceUpdateDate>2023-12-31 12:48:02</PriceUpdateDate>
      <ItemCode>7290000006704</ItemCode>
      <ItemType>1</ItemType>
      <ItemName>סלמון נורווגי פרוס</ItemName>
      <ManufacturerName>,</ManufacturerName>
      <ManufactureCountry>לא ידוע</ManufactureCountry>
      <ManufacturerItemDescription>סלמון נורבגי פרוס</ManufacturerItemDescription>
      <UnitQty>קילוגרמים</UnitQty>
      <Quantity>1.00</Quantity>
      <UnitOfMeasure>ק"ג</UnitOfMeasure>
      <bIsWeighted>1</bIsWeighted>
      <QtyInPackage>לא ידוע</QtyInPackage>
      <ItemPrice>229.00</ItemPrice>
      <UnitOfMeasurePrice>229.0000</UnitOfMeasurePrice>
      <AllowDiscount>1</AllowDiscount>
      <ItemStatus>1</ItemStatus>
      <ItemId>46538</ItemId>
    </Item>
    <Item>
      <PriceUpdateDate>2024-09-02 10:50:41</PriceUpdateDate>
      <ItemCode>845</ItemCode>
      <ItemType>0</ItemType>
      <ItemName>סרדלקי סביניה</ItemName>
      <ManufacturerName>מעדני בשר השוקת</ManufacturerName>
      <ManufactureCountry>לא ידוע</ManufactureCountry>
      <ManufacturerItemDescription>סרדלקי סביניה</ManufacturerItemDescription>
      <UnitQty>קילוגרמים</UnitQty>
      <Quantity>1.00</Quantity>
      <UnitOfMeasure>ק"ג</UnitOfMeasure>
      <bIsWeighted>1</bIsWeighted>
      <QtyInPackage>לא ידוע</QtyInPackage>
      <ItemPrice>89.00</ItemPrice>
      <UnitOfMeasurePrice>89.0000</UnitOfMeasurePrice>
      <AllowDiscount>1</AllowDiscount>
      <ItemStatus>1</ItemStatus>
      <ItemId>46617</ItemId>
    </Item>
    <Item>
      <PriceUpdateDate>2023-12-31 12:48:03</PriceUpdateDate>
      <ItemCode>7290000000853</ItemCode>
      <ItemType>1</ItemType>
      <ItemName>נקניק וארשבסקיה דימו</ItemName>
      <ManufacturerName>מעדני בשר השוקת</ManufacturerName>
      <ManufactureCountry>לא ידוע</ManufactureCountry>
      <ManufacturerItemDescription>נקניק וארשבסקיה של דימוב</ManufacturerItemDescription>
      <UnitQty>קילוגרמים</UnitQty>
      <Quantity>1.00</Quantity>
      <UnitOfMeasure>ק"ג</UnitOfMeasure>
      <bIsWeighted>1</bIsWeighted>
      <QtyInPackage>לא ידוע</QtyInPackage>
      <ItemPrice>129.00</ItemPrice>
      <UnitOfMeasurePrice>129.0000</UnitOfMeasurePrice>
      <AllowDiscount>1</AllowDiscount>
      <ItemStatus>1</ItemStatus>
      <ItemId>46618</ItemId>
    </Item>
    <Item>
      <PriceUpdateDate>2023-12-31 12:48:03</PriceUpdateDate>
      <ItemCode>861</ItemCode>
      <ItemType>0</ItemType>
      <ItemName>בראונשווייגסקיה חי</ItemName>
      <ManufacturerName>מעדני בשר השוקת</ManufacturerName>
      <ManufactureCountry>לא ידוע</ManufactureCountry>
      <ManufacturerItemDescription>בראונשווייגסקיה חי</ManufacturerItemDescription>
      <UnitQty>קילוגרמים</UnitQty>
      <Quantity>1.00</Quantity>
      <UnitOfMeasure>ק"ג</UnitOfMeasure>
      <bIsWeighted>1</bIsWeighted>
      <QtyInPackage>לא ידוע</QtyInPackage>
      <ItemPrice>189.00</ItemPrice>
      <UnitOfMeasurePrice>189.0000</UnitOfMeasurePrice>
      <AllowDiscount>1</AllowDiscount>
      <ItemStatus>1</ItemStatus>
      <ItemId>46620</ItemId>
    </Item>
    <Item>
      <PriceUpdateDate>2024-09-02 10:50:41</PriceUpdateDate>
      <ItemCode>920</ItemCode>
      <ItemType>0</ItemType>
      <ItemName>בוזנינה</ItemName>
      <ManufacturerName>מעדני בשר השוקת</ManufacturerName>
      <ManufactureCountry>לא ידוע</ManufactureCountry>
      <ManufacturerItemDescription>בוז"נינה</ManufacturerItemDescription>
      <UnitQty>קילוגרמים</UnitQty>
      <Quantity>1.00</Quantity>
      <UnitOfMeasure>ק"ג</UnitOfMeasure>
      <bIsWeighted>1</bIsWeighted>
      <QtyInPackage>לא ידוע</QtyInPackage>
      <ItemPrice>149.00</ItemPrice>
      <UnitOfMeasurePrice>149.0000</UnitOfMeasurePrice>
      <AllowDiscount>1</AllowDiscount>
      <ItemStatus>1</ItemStatus>
      <ItemId>46625</ItemId>
    </Item>
    <Item>
      <PriceUpdateDate>2024-09-02 10:50:41</PriceUpdateDate>
      <ItemCode>921</ItemCode>
      <ItemType>0</ItemType>
      <ItemName>יאזיקוביה חצי</ItemName>
      <ManufacturerName>מעדני בשר השוקת</ManufacturerName>
      <ManufactureCountry>לא ידוע</ManufactureCountry>
      <ManufacturerItemDescription>יזיקובה חצי</ManufacturerItemDescription>
      <UnitQty>קילוגרמים</UnitQty>
      <Quantity>1.00</Quantity>
      <UnitOfMeasure>ק"ג</UnitOfMeasure>
      <bIsWeighted>1</bIsWeighted>
      <QtyInPackage>לא ידוע</QtyInPackage>
      <ItemPrice>99.00</ItemPrice>
      <UnitOfMeasurePrice>99.0000</UnitOfMeasurePrice>
      <AllowDiscount>1</AllowDiscount>
      <ItemStatus>1</ItemStatus>
      <ItemId>46626</ItemId>
    </Item>
    <Item>
      <PriceUpdateDate>2023-12-31 12:48:03</PriceUpdateDate>
      <ItemCode>11111</ItemCode>
      <ItemType>0</ItemType>
      <ItemName>שקית גופיה מודפס 4 צ</ItemName>
      <ManufacturerName>,</ManufacturerName>
      <ManufactureCountry>לא ידוע</ManufactureCountry>
      <ManufacturerItemDescription>שקית גופיה מודפס 4 צבעים</ManufacturerItemDescription>
      <UnitQty>Unknown </UnitQty>
      <Quantity>0.00</Quantity>
      <UnitOfMeasure>Unknown </UnitOfMeasure>
      <bIsWeighted>0</bIsWeighted>
      <QtyInPackage>1</QtyInPackage>
      <ItemPrice>0.10</ItemPrice>
      <UnitOfMeasurePrice>0.0000</UnitOfMeasurePrice>
      <AllowDiscount>0</AllowDiscount>
      <ItemStatus>1</ItemStatus>
      <ItemId>46636</ItemId>
    </Item>
    <Item>
      <PriceUpdateDate>2024-11-03 13:17:04</PriceUpdateDate>
      <ItemCode>1374</ItemCode>
      <ItemType>0</ItemType>
      <ItemName>רוסטביף</ItemName>
      <ManufacturerName>מעדני בשר יהודה</ManufacturerName>
      <ManufactureCountry>לא ידוע</ManufactureCountry>
      <ManufacturerItemDescription>רוסטביף</ManufacturerItemDescription>
      <UnitQty>קילוגרמים</UnitQty>
      <Quantity>1.00</Quantity>
      <UnitOfMeasure>ק"ג</UnitOfMeasure>
      <bIsWeighted>1</bIsWeighted>
      <QtyInPackage>לא ידוע</QtyInPackage>
      <ItemPrice>129.00</ItemPrice>
      <UnitOfMeasurePrice>129.0000</UnitOfMeasurePrice>
      <AllowDiscount>1</AllowDiscount>
      <ItemStatus>1</ItemStatus>
      <ItemId>46668</ItemId>
    </Item>
    <Item>
      <PriceUpdateDate>2023-12-31 12:48:03</PriceUpdateDate>
      <ItemCode>7290000001447</ItemCode>
      <ItemType>1</ItemType>
      <ItemName>סינטה בוזנינה ביתית</ItemName>
      <ManufacturerName>ולדמן ביח"ר לנקניק ו</ManufacturerName>
      <ManufactureCountry>לא ידוע</ManufactureCountry>
      <ManufacturerItemDescription>סינטה בוזינינה ביתית</ManufacturerItemDescription>
      <UnitQty>קילוגרמים</UnitQty>
      <Quantity>1.00</Quantity>
      <UnitOfMeasure>ק"ג</UnitOfMeasure>
      <bIsWeighted>1</bIsWeighted>
      <QtyInPackage>לא ידוע</QtyInPackage>
      <ItemPrice>179.00</ItemPrice>
      <UnitOfMeasurePrice>179.0000</UnitOfMeasurePrice>
      <AllowDiscount>1</AllowDiscount>
      <ItemStatus>1</ItemStatus>
      <ItemId>46670</ItemId>
    </Item>
    <Item>
      <PriceUpdateDate>2024-03-25 09:37:29</PriceUpdateDate>
      <ItemCode>7290000001500</ItemCode>
      <ItemType>1</ItemType>
      <ItemName>פריזר רוסי קטן</ItemName>
      <ManufacturerName>מעדני מניה תעשיות בש</ManufacturerName>
      <ManufactureCountry>לא ידוע</ManufactureCountry>
      <ManufacturerItemDescription>פריזר רוסי קטן</ManufacturerItemDescription>
      <UnitQty>קילוגרמים</UnitQty>
      <Quantity>1.00</Quantity>
      <UnitOfMeasure>ק"ג</UnitOfMeasure>
      <bIsWeighted>1</bIsWeighted>
      <QtyInPackage>לא ידוע</QtyInPackage>
      <ItemPrice>85.00</ItemPrice>
      <UnitOfMeasurePrice>85.0000</UnitOfMeasurePrice>
      <AllowDiscount>1</AllowDiscount>
      <ItemStatus>1</ItemStatus>
      <ItemId>46672</ItemId>
    </Item>
    <Item>
      <PriceUpdateDate>2023-12-31 12:48:03</PriceUpdateDate>
      <ItemCode>7290000001508</ItemCode>
      <ItemType>1</ItemType>
      <ItemName>פריזר בייגלה</ItemName>
      <ManufacturerName>מעדני מניה תעשיות בש</ManufacturerName>
      <ManufactureCountry>לא ידוע</ManufactureCountry>
      <ManufacturerItemDescription>פריזר בייגלה</ManufacturerItemDescription>
      <UnitQty>קילוגרמים</UnitQty>
      <Quantity>1.00</Quantity>
      <UnitOfMeasure>ק"ג</UnitOfMeasure>
      <bIsWeighted>1</bIsWeighted>
      <QtyInPackage>לא ידוע</QtyInPackage>
      <ItemPrice>79.00</ItemPrice>
      <UnitOfMeasurePrice>79.0000</UnitOfMeasurePrice>
      <AllowDiscount>1</AllowDiscount>
      <ItemStatus>1</ItemStatus>
      <ItemId>46673</ItemId>
    </Item>
    <Item>
      <PriceUpdateDate>2025-04-20 19:03:16</PriceUpdateDate>
      <ItemCode>7290000001527</ItemCode>
      <ItemType>1</ItemType>
      <ItemName>גרודינקה כפרית</ItemName>
      <ManufacturerName>מעדני מניה תעשיות בש</ManufacturerName>
      <ManufactureCountry>לא ידוע</ManufactureCountry>
      <ManufacturerItemDescription>גרודינקה כפרית</ManufacturerItemDescription>
      <UnitQty>קילוגרמים</UnitQty>
      <Quantity>1.00</Quantity>
      <UnitOfMeasure>ק"ג</UnitOfMeasure>
      <bIsWeighted>1</bIsWeighted>
      <QtyInPackage>לא ידוע</QtyInPackage>
      <ItemPrice>179.00</ItemPrice>
      <UnitOfMeasurePrice>179.0000</UnitOfMeasurePrice>
      <AllowDiscount>1</AllowDiscount>
      <ItemStatus>1</ItemStatus>
      <ItemId>46674</ItemId>
    </Item>
    <Item>
      <PriceUpdateDate>2024-11-11 14:56:11</PriceUpdateDate>
      <ItemCode>7290000001553</ItemCode>
      <ItemType>1</ItemType>
      <ItemName>קוסטיצה לבן</ItemName>
      <ManufacturerName>מעדני מניה תעשיות בש</ManufacturerName>
      <ManufactureCountry>לא ידוע</ManufactureCountry>
      <ManufacturerItemDescription>קוסטיצה לבן</ManufacturerItemDescription>
      <UnitQty>קילוגרמים</UnitQty>
      <Quantity>1.00</Quantity>
      <UnitOfMeasure>ק"ג</UnitOfMeasure>
      <bIsWeighted>1</bIsWeighted>
      <QtyInPackage>לא ידוע</QtyInPackage>
      <ItemPrice>199.00</ItemPrice>
      <UnitOfMeasurePrice>199.0000</UnitOfMeasurePrice>
      <AllowDiscount>1</AllowDiscount>
      <ItemStatus>1</ItemStatus>
      <ItemId>46678</ItemId>
    </Item>
    <Item>
      <PriceUpdateDate>2025-02-02 07:39:54</PriceUpdateDate>
      <ItemCode>16000</ItemCode>
      <ItemType>0</ItemType>
      <ItemName>כיסונים עם בשר בקר</ItemName>
      <ManufacturerName>,</ManufacturerName>
      <ManufactureCountry>לא ידוע</ManufactureCountry>
      <ManufacturerItemDescription>כיסונים עם בשר בקר</ManufacturerItemDescription>
      <UnitQty>קילוגרמים</UnitQty>
      <Quantity>1.00</Quantity>
      <UnitOfMeasure>ק"ג</UnitOfMeasure>
      <bIsWeighted>1</bIsWeighted>
      <QtyInPackage>לא ידוע</QtyInPackage>
      <ItemPrice>89.00</ItemPrice>
      <UnitOfMeasurePrice>89.0000</UnitOfMeasurePrice>
      <AllowDiscount>1</AllowDiscount>
      <ItemStatus>1</ItemStatus>
      <ItemId>46684</ItemId>
    </Item>
    <Item>
      <PriceUpdateDate>2025-02-02 07:39:54</PriceUpdateDate>
      <ItemCode>16002</ItemCode>
      <ItemType>0</ItemType>
      <ItemName>כרוב ממולא בשר</ItemName>
      <ManufacturerName>,</ManufacturerName>
      <ManufactureCountry>לא ידוע</ManufactureCountry>
      <ManufacturerItemDescription>כרוב ממולא בשר</ManufacturerItemDescription>
      <UnitQty>קילוגרמים</UnitQty>
      <Quantity>1.00</Quantity>
      <UnitOfMeasure>ק"ג</UnitOfMeasure>
      <bIsWeighted>1</bIsWeighted>
      <QtyInPackage>לא ידוע</QtyInPackage>
      <ItemPrice>79.00</ItemPrice>
      <UnitOfMeasurePrice>79.0000</UnitOfMeasurePrice>
      <AllowDiscount>1</AllowDiscount>
      <ItemStatus>1</ItemStatus>
      <ItemId>46685</ItemId>
    </Item>
    <Item>
      <PriceUpdateDate>2023-12-31 12:48:03</PriceUpdateDate>
      <ItemCode>16012</ItemCode>
      <ItemType>0</ItemType>
      <ItemName>אורז לבן</ItemName>
      <ManufacturerName>,</ManufacturerName>
      <ManufactureCountry>לא ידוע</ManufactureCountry>
      <ManufacturerItemDescription>אורז לבן</ManufacturerItemDescription>
      <UnitQty>קילוגרמים</UnitQty>
      <Quantity>1.00</Quantity>
      <UnitOfMeasure>ק"ג</UnitOfMeasure>
      <bIsWeighted>1</bIsWeighted>
      <QtyInPackage>לא ידוע</QtyInPackage>
      <ItemPrice>39.00</ItemPrice>
      <UnitOfMeasurePrice>39.0000</UnitOfMeasurePrice>
      <AllowDiscount>1</AllowDiscount>
      <ItemStatus>1</ItemStatus>
      <ItemId>46687</ItemId>
    </Item>
    <Item>
      <PriceUpdateDate>2023-12-31 12:48:03</PriceUpdateDate>
      <ItemCode>16036</ItemCode>
      <ItemType>0</ItemType>
      <ItemName>סלט וולדורף</ItemName>
      <ManufacturerName>,</ManufacturerName>
      <ManufactureCountry>לא ידוע</ManufactureCountry>
      <ManufacturerItemDescription>סלט וולדורף</ManufacturerItemDescription>
      <UnitQty>קילוגרמים</UnitQty>
      <Quantity>1.00</Quantity>
      <UnitOfMeasure>ק"ג</UnitOfMeasure>
      <bIsWeighted>1</bIsWeighted>
      <QtyInPackage>לא ידוע</QtyInPackage>
      <ItemPrice>69.00</ItemPrice>
      <UnitOfMeasurePrice>69.0000</UnitOfMeasurePrice>
      <AllowDiscount>1</AllowDiscount>
      <ItemStatus>1</ItemStatus>
      <ItemId>46688</ItemId>
    </Item>
    <Item>
      <PriceUpdateDate>2025-02-02 07:39:54</PriceUpdateDate>
      <ItemCode>16044</ItemCode>
      <ItemType>0</ItemType>
      <ItemName>נקניק ביתי</ItemName>
      <ManufacturerName>,</ManufacturerName>
      <ManufactureCountry>לא ידוע</ManufactureCountry>
      <ManufacturerItemDescription>נקניק ביתי</ManufacturerItemDescription>
      <UnitQty>קילוגרמים</UnitQty>
      <Quantity>1.00</Quantity>
      <UnitOfMeasure>ק"ג</UnitOfMeasure>
      <bIsWeighted>1</bIsWeighted>
      <QtyInPackage>לא ידוע</QtyInPackage>
      <ItemPrice>139.00</ItemPrice>
      <UnitOfMeasurePrice>139.0000</UnitOfMeasurePrice>
      <AllowDiscount>1</AllowDiscount>
      <ItemStatus>1</ItemStatus>
      <ItemId>46689</ItemId>
    </Item>
    <Item>
      <PriceUpdateDate>2023-12-31 12:48:03</PriceUpdateDate>
      <ItemCode>16061</ItemCode>
      <ItemType>0</ItemType>
      <ItemName>קנישס בשר</ItemName>
      <ManufacturerName>,</ManufacturerName>
      <ManufactureCountry>לא ידוע</ManufactureCountry>
      <ManufacturerItemDescription>קנישס בשר</ManufacturerItemDescription>
      <UnitQty>קילוגרמים</UnitQty>
      <Quantity>1.00</Quantity>
      <UnitOfMeasure>ק"ג</UnitOfMeasure>
      <bIsWeighted>1</bIsWeighted>
      <QtyInPackage>לא ידוע</QtyInPackage>
      <ItemPrice>99.00</ItemPrice>
      <UnitOfMeasurePrice>99.0000</UnitOfMeasurePrice>
      <AllowDiscount>1</AllowDiscount>
      <ItemStatus>1</ItemStatus>
      <ItemId>46690</ItemId>
    </Item>
    <Item>
      <PriceUpdateDate>2024-09-02 11:09:08</PriceUpdateDate>
      <ItemCode>16063</ItemCode>
      <ItemType>0</ItemType>
      <ItemName>קציצות דגים ברוטב</ItemName>
      <ManufacturerName>,</ManufacturerName>
      <ManufactureCountry>לא ידוע</ManufactureCountry>
      <ManufacturerItemDescription>קציצות דגים</ManufacturerItemDescription>
      <UnitQty>קילוגרמים</UnitQty>
      <Quantity>1.00</Quantity>
      <UnitOfMeasure>ק"ג</UnitOfMeasure>
      <bIsWeighted>1</bIsWeighted>
      <QtyInPackage>לא ידוע</QtyInPackage>
      <ItemPrice>79.00</ItemPrice>
      <UnitOfMeasurePrice>79.0000</UnitOfMeasurePrice>
      <AllowDiscount>1</AllowDiscount>
      <ItemStatus>1</ItemStatus>
      <ItemId>46691</ItemId>
    </Item>
    <Item>
      <PriceUpdateDate>2025-02-02 07:39:54</PriceUpdateDate>
      <ItemCode>16064</ItemCode>
      <ItemType>0</ItemType>
      <ItemName>קנישס פטריות</ItemName>
      <ManufacturerName>,</ManufacturerName>
      <ManufactureCountry>לא ידוע</ManufactureCountry>
      <ManufacturerItemDescription>קנישס פטריות</ManufacturerItemDescription>
      <UnitQty>קילוגרמים</UnitQty>
      <Quantity>1.00</Quantity>
      <UnitOfMeasure>ק"ג</UnitOfMeasure>
      <bIsWeighted>1</bIsWeighted>
      <QtyInPackage>לא ידוע</QtyInPackage>
      <ItemPrice>89.00</ItemPrice>
      <UnitOfMeasurePrice>89.0000</UnitOfMeasurePrice>
      <AllowDiscount>1</AllowDiscount>
      <ItemStatus>1</ItemStatus>
      <ItemId>46692</ItemId>
    </Item>
    <Item>
      <PriceUpdateDate>2024-11-03 14:19:34</PriceUpdateDate>
      <ItemCode>7290000000204</ItemCode>
      <ItemType>1</ItemType>
      <ItemName>סלמי הרץ</ItemName>
      <ManufacturerName>ישרקו שיווק מותגי מז</ManufacturerName>
      <ManufactureCountry>לא ידוע</ManufactureCountry>
      <ManufacturerItemDescription>סלמי הרץ פרוס</ManufacturerItemDescription>
      <UnitQty>קילוגרמים</UnitQty>
      <Quantity>1.00</Quantity>
      <UnitOfMeasure>ק"ג</UnitOfMeasure>
      <bIsWeighted>1</bIsWeighted>
      <QtyInPackage>לא ידוע</QtyInPackage>
      <ItemPrice>199.00</ItemPrice>
      <UnitOfMeasurePrice>199.0000</UnitOfMeasurePrice>
      <AllowDiscount>1</AllowDiscount>
      <ItemStatus>1</ItemStatus>
      <ItemId>46737</ItemId>
    </Item>
    <Item>
      <PriceUpdateDate>2025-08-03 13:12:26</PriceUpdateDate>
      <ItemCode>2186</ItemCode>
      <ItemType>0</ItemType>
      <ItemName>גבינה גרוייר שוויצרי</ItemName>
      <ManufacturerName>,</ManufacturerName>
      <ManufactureCountry>לא ידוע</ManufactureCountry>
      <ManufacturerItemDescription>גבינה גרוייר שוויצרי קלאסי</ManufacturerItemDescription>
      <UnitQty>קילוגרמים</UnitQty>
      <Quantity>1.00</Quantity>
      <UnitOfMeasure>ק"ג</UnitOfMeasure>
      <bIsWeighted>1</bIsWeighted>
      <QtyInPackage>לא ידוע</QtyInPackage>
      <ItemPrice>249.00</ItemPrice>
      <UnitOfMeasurePrice>249.0000</UnitOfMeasurePrice>
      <AllowDiscount>1</AllowDiscount>
      <ItemStatus>1</ItemStatus>
      <ItemId>46747</ItemId>
    </Item>
    <Item>
      <PriceUpdateDate>2023-12-31 12:48:03</PriceUpdateDate>
      <ItemCode>7290000002222</ItemCode>
      <ItemType>1</ItemType>
      <ItemName>גבינה ברי צרפתי</ItemName>
      <ManufacturerName>,</ManufacturerName>
      <ManufactureCountry>לא ידוע</ManufactureCountry>
      <ManufacturerItemDescription>גבינה ברי צרפתי</ManufacturerItemDescription>
      <UnitQty>קילוגרמים</UnitQty>
      <Quantity>1.00</Quantity>
      <UnitOfMeasure>ק"ג</UnitOfMeasure>
      <bIsWeighted>1</bIsWeighted>
      <QtyInPackage>לא ידוע</QtyInPackage>
      <ItemPrice>119.00</ItemPrice>
      <UnitOfMeasurePrice>119.0000</UnitOfMeasurePrice>
      <AllowDiscount>1</AllowDiscount>
      <ItemStatus>1</ItemStatus>
      <ItemId>46750</ItemId>
    </Item>
    <Item>
      <PriceUpdateDate>2023-12-31 12:48:03</PriceUpdateDate>
      <ItemCode>7290000002224</ItemCode>
      <ItemType>1</ItemType>
      <ItemName>גבינת כבשים מנצגו</ItemName>
      <ManufacturerName>,</ManufacturerName>
      <ManufactureCountry>לא ידוע</ManufactureCountry>
      <ManufacturerItemDescription>גבינת כבשים מנצגו</ManufacturerItemDescription>
      <UnitQty>קילוגרמים</UnitQty>
      <Quantity>1.00</Quantity>
      <UnitOfMeasure>ק"ג</UnitOfMeasure>
      <bIsWeighted>1</bIsWeighted>
      <QtyInPackage>לא ידוע</QtyInPackage>
      <ItemPrice>169.00</ItemPrice>
      <UnitOfMeasurePrice>169.0000</UnitOfMeasurePrice>
      <AllowDiscount>1</AllowDiscount>
      <ItemStatus>1</ItemStatus>
      <ItemId>46751</ItemId>
    </Item>
    <Item>
      <PriceUpdateDate>2023-12-31 12:48:03</PriceUpdateDate>
      <ItemCode>7290000002249</ItemCode>
      <ItemType>1</ItemType>
      <ItemName>גבינה גאודה עיזים בל</ItemName>
      <ManufacturerName>,</ManufacturerName>
      <ManufactureCountry>לא ידוע</ManufactureCountry>
      <ManufacturerItemDescription>גבינה גאודה</ManufacturerItemDescription>
      <UnitQty>קילוגרמים</UnitQty>
      <Quantity>1.00</Quantity>
      <UnitOfMeasure>ק"ג</UnitOfMeasure>
      <bIsWeighted>1</bIsWeighted>
      <QtyInPackage>לא ידוע</QtyInPackage>
      <ItemPrice>189.00</ItemPrice>
      <UnitOfMeasurePrice>189.0000</UnitOfMeasurePrice>
      <AllowDiscount>1</AllowDiscount>
      <ItemStatus>1</ItemStatus>
      <ItemId>46754</ItemId>
    </Item>
    <Item>
      <PriceUpdateDate>2023-12-31 12:48:03</PriceUpdateDate>
      <ItemCode>7290000002442</ItemCode>
      <ItemType>1</ItemType>
      <ItemName>גבינת איבריקו</ItemName>
      <ManufacturerName>,</ManufacturerName>
      <ManufactureCountry>לא ידוע</ManufactureCountry>
      <ManufacturerItemDescription>גבינת איבריקו</ManufacturerItemDescription>
      <UnitQty>קילוגרמים</UnitQty>
      <Quantity>1.00</Quantity>
      <UnitOfMeasure>ק"ג</UnitOfMeasure>
      <bIsWeighted>1</bIsWeighted>
      <QtyInPackage>לא ידוע</QtyInPackage>
      <ItemPrice>119.00</ItemPrice>
      <UnitOfMeasurePrice>119.0000</UnitOfMeasurePrice>
      <AllowDiscount>1</AllowDiscount>
      <ItemStatus>1</ItemStatus>
      <ItemId>46766</ItemId>
    </Item>
    <Item>
      <PriceUpdateDate>2024-11-03 14:19:34</PriceUpdateDate>
      <ItemCode>7290000000255</ItemCode>
      <ItemType>1</ItemType>
      <ItemName>פפרוני עגל</ItemName>
      <ManufacturerName>ישרקו שיווק מותגי מז</ManufacturerName>
      <ManufactureCountry>לא ידוע</ManufactureCountry>
      <ManufacturerItemDescription>פפרוני עגל</ManufacturerItemDescription>
      <UnitQty>קילוגרמים</UnitQty>
      <Quantity>1.00</Quantity>
      <UnitOfMeasure>ק"ג</UnitOfMeasure>
      <bIsWeighted>1</bIsWeighted>
      <QtyInPackage>לא ידוע</QtyInPackage>
      <ItemPrice>219.00</ItemPrice>
      <UnitOfMeasurePrice>219.0000</UnitOfMeasurePrice>
      <AllowDiscount>1</AllowDiscount>
      <ItemStatus>1</ItemStatus>
      <ItemId>46769</ItemId>
    </Item>
    <Item>
      <PriceUpdateDate>2024-11-03 14:19:34</PriceUpdateDate>
      <ItemCode>7290000000285</ItemCode>
      <ItemType>1</ItemType>
      <ItemName>נקניק אגסי</ItemName>
      <ManufacturerName>ישרקו שיווק מותגי מז</ManufacturerName>
      <ManufactureCountry>לא ידוע</ManufactureCountry>
      <ManufacturerItemDescription>נקניק אגסי</ManufacturerItemDescription>
      <UnitQty>קילוגרמים</UnitQty>
      <Quantity>1.00</Quantity>
      <UnitOfMeasure>ק"ג</UnitOfMeasure>
      <bIsWeighted>1</bIsWeighted>
      <QtyInPackage>לא ידוע</QtyInPackage>
      <ItemPrice>249.00</ItemPrice>
      <UnitOfMeasurePrice>249.0000</UnitOfMeasurePrice>
      <AllowDiscount>1</AllowDiscount>
      <ItemStatus>1</ItemStatus>
      <ItemId>46778</ItemId>
    </Item>
    <Item>
      <PriceUpdateDate>2025-08-03 13:12:26</PriceUpdateDate>
      <ItemCode>7290000002867</ItemCode>
      <ItemType>1</ItemType>
      <ItemName>גבינה מונטניולו גרמנ</ItemName>
      <ManufacturerName>,</ManufacturerName>
      <ManufactureCountry>לא ידוע</ManufactureCountry>
      <ManufacturerItemDescription>גבינת מונטניולו גרמנ</ManufacturerItemDescription>
      <UnitQty>קילוגרמים</UnitQty>
      <Quantity>1.00</Quantity>
      <UnitOfMeasure>ק"ג</UnitOfMeasure>
      <bIsWeighted>1</bIsWeighted>
      <QtyInPackage>לא ידוע</QtyInPackage>
      <ItemPrice>199.00</ItemPrice>
      <UnitOfMeasurePrice>199.0000</UnitOfMeasurePrice>
      <AllowDiscount>1</AllowDiscount>
      <ItemStatus>1</ItemStatus>
      <ItemId>46779</ItemId>
    </Item>
    <Item>
      <PriceUpdateDate>2025-08-03 13:12:26</PriceUpdateDate>
      <ItemCode>7290000002952</ItemCode>
      <ItemType>1</ItemType>
      <ItemName>גבינה צדר עם ויסקי</ItemName>
      <ManufacturerName>,</ManufacturerName>
      <ManufactureCountry>לא ידוע</ManufactureCountry>
      <ManufacturerItemDescription>גבינה צ"דר עם יין/ויסקי/חמוציות</ManufacturerItemDescription>
      <UnitQty>קילוגרמים</UnitQty>
      <Quantity>1.00</Quantity>
      <UnitOfMeasure>ק"ג</UnitOfMeasure>
      <bIsWeighted>1</bIsWeighted>
      <QtyInPackage>לא ידוע</QtyInPackage>
      <ItemPrice>179.00</ItemPrice>
      <UnitOfMeasurePrice>179.0000</UnitOfMeasurePrice>
      <AllowDiscount>1</AllowDiscount>
      <ItemStatus>1</ItemStatus>
      <ItemId>46787</ItemId>
    </Item>
    <Item>
      <PriceUpdateDate>2023-12-31 12:48:04</PriceUpdateDate>
      <ItemCode>366</ItemCode>
      <ItemType>0</ItemType>
      <ItemName>סרדלקה סליבוצניה</ItemName>
      <ManufacturerName>מעדני בשר יהודה</ManufacturerName>
      <ManufactureCountry>לא ידוע</ManufactureCountry>
      <ManufacturerItemDescription>סרדלקה סליבוצ"ניה</ManufacturerItemDescription>
      <UnitQty>קילוגרמים</UnitQty>
      <Quantity>1.00</Quantity>
      <UnitOfMeasure>ק"ג</UnitOfMeasure>
      <bIsWeighted>1</bIsWeighted>
      <QtyInPackage>לא ידוע</QtyInPackage>
      <ItemPrice>39.00</ItemPrice>
      <UnitOfMeasurePrice>39.0000</UnitOfMeasurePrice>
      <AllowDiscount>1</AllowDiscount>
      <ItemStatus>1</ItemStatus>
      <ItemId>46799</ItemId>
    </Item>
    <Item>
      <PriceUpdateDate>2024-11-03 13:17:04</PriceUpdateDate>
      <ItemCode>378</ItemCode>
      <ItemType>0</ItemType>
      <ItemName>חזה בקר מעושן</ItemName>
      <ManufacturerName>מעדני בשר יהודה</ManufacturerName>
      <ManufactureCountry>לא ידוע</ManufactureCountry>
      <ManufacturerItemDescription>חזה בקר מעושן</ManufacturerItemDescription>
      <UnitQty>קילוגרמים</UnitQty>
      <Quantity>1.00</Quantity>
      <UnitOfMeasure>ק"ג</UnitOfMeasure>
      <bIsWeighted>1</bIsWeighted>
      <QtyInPackage>לא ידוע</QtyInPackage>
      <ItemPrice>99.00</ItemPrice>
      <UnitOfMeasurePrice>99.0000</UnitOfMeasurePrice>
      <AllowDiscount>1</AllowDiscount>
      <ItemStatus>1</ItemStatus>
      <ItemId>46801</ItemId>
    </Item>
    <Item>
      <PriceUpdateDate>2024-11-12 12:03:21</PriceUpdateDate>
      <ItemCode>7290000000434</ItemCode>
      <ItemType>1</ItemType>
      <ItemName>קוטלט שינקן</ItemName>
      <ManufacturerName>ולדמן ביח"ר לנקניק ו</ManufacturerName>
      <ManufactureCountry>לא ידוע</ManufactureCountry>
      <ManufacturerItemDescription>קוטלט שינקן</ManufacturerItemDescription>
      <UnitQty>קילוגרמים</UnitQty>
      <Quantity>1.00</Quantity>
      <UnitOfMeasure>ק"ג</UnitOfMeasure>
      <bIsWeighted>1</bIsWeighted>
      <QtyInPackage>לא ידוע</QtyInPackage>
      <ItemPrice>179.00</ItemPrice>
      <UnitOfMeasurePrice>179.0000</UnitOfMeasurePrice>
      <AllowDiscount>1</AllowDiscount>
      <ItemStatus>1</ItemStatus>
      <ItemId>46809</ItemId>
    </Item>
    <Item>
      <PriceUpdateDate>2024-07-15 16:19:18</PriceUpdateDate>
      <ItemCode>7290000000444</ItemCode>
      <ItemType>1</ItemType>
      <ItemName>קופצסקי סרוולט</ItemName>
      <ManufacturerName>ולדמן ביח"ר לנקניק ו</ManufacturerName>
      <ManufactureCountry>לא ידוע</ManufactureCountry>
      <ManufacturerItemDescription>קופצ"סקי סרוולד</ManufacturerItemDescription>
      <UnitQty>קילוגרמים</UnitQty>
      <Quantity>1.00</Quantity>
      <UnitOfMeasure>ק"ג</UnitOfMeasure>
      <bIsWeighted>1</bIsWeighted>
      <QtyInPackage>לא ידוע</QtyInPackage>
      <ItemPrice>139.00</ItemPrice>
      <UnitOfMeasurePrice>139.0000</UnitOfMeasurePrice>
      <AllowDiscount>1</AllowDiscount>
      <ItemStatus>1</ItemStatus>
      <ItemId>46812</ItemId>
    </Item>
    <Item>
      <PriceUpdateDate>2023-12-31 12:48:04</PriceUpdateDate>
      <ItemCode>7290000000447</ItemCode>
      <ItemType>1</ItemType>
      <ItemName>ציגיינר</ItemName>
      <ManufacturerName>ולדמן ביח"ר לנקניק ו</ManufacturerName>
      <ManufactureCountry>לא ידוע</ManufactureCountry>
      <ManufacturerItemDescription>ציגיינר</ManufacturerItemDescription>
      <UnitQty>קילוגרמים</UnitQty>
      <Quantity>1.00</Quantity>
      <UnitOfMeasure>ק"ג</UnitOfMeasure>
      <bIsWeighted>1</bIsWeighted>
      <QtyInPackage>לא ידוע</QtyInPackage>
      <ItemPrice>149.00</ItemPrice>
      <UnitOfMeasurePrice>149.0000</UnitOfMeasurePrice>
      <AllowDiscount>1</AllowDiscount>
      <ItemStatus>1</ItemStatus>
      <ItemId>46813</ItemId>
    </Item>
    <Item>
      <PriceUpdateDate>2024-11-12 12:03:22</PriceUpdateDate>
      <ItemCode>7290000000462</ItemCode>
      <ItemType>1</ItemType>
      <ItemName>צוואר מעושן</ItemName>
      <ManufacturerName>ולדמן ביח"ר לנקניק ו</ManufacturerName>
      <ManufactureCountry>לא ידוע</ManufactureCountry>
      <ManufacturerItemDescription>צוואר מעושן</ManufacturerItemDescription>
      <UnitQty>קילוגרמים</UnitQty>
      <Quantity>1.00</Quantity>
      <UnitOfMeasure>ק"ג</UnitOfMeasure>
      <bIsWeighted>1</bIsWeighted>
      <QtyInPackage>לא ידוע</QtyInPackage>
      <ItemPrice>189.00</ItemPrice>
      <UnitOfMeasurePrice>189.0000</UnitOfMeasurePrice>
      <AllowDiscount>1</AllowDiscount>
      <ItemStatus>1</ItemStatus>
      <ItemId>46818</ItemId>
    </Item>
    <Item>
      <PriceUpdateDate>2024-11-12 12:03:22</PriceUpdateDate>
      <ItemCode>7290000000484</ItemCode>
      <ItemType>1</ItemType>
      <ItemName>נקניקיות גבינה</ItemName>
      <ManufacturerName>ולדמן ביח"ר לנקניק ו</ManufacturerName>
      <ManufactureCountry>לא ידוע</ManufactureCountry>
      <ManufacturerItemDescription>נקניקיות גבינה</ManufacturerItemDescription>
      <UnitQty>קילוגרמים</UnitQty>
      <Quantity>1.00</Quantity>
      <UnitOfMeasure>ק"ג</UnitOfMeasure>
      <bIsWeighted>1</bIsWeighted>
      <QtyInPackage>לא ידוע</QtyInPackage>
      <ItemPrice>89.00</ItemPrice>
      <UnitOfMeasurePrice>89.0000</UnitOfMeasurePrice>
      <AllowDiscount>1</AllowDiscount>
      <ItemStatus>1</ItemStatus>
      <ItemId>46824</ItemId>
    </Item>
    <Item>
      <PriceUpdateDate>2024-11-11 14:56:11</PriceUpdateDate>
      <ItemCode>7290000000514</ItemCode>
      <ItemType>1</ItemType>
      <ItemName>אסאדו בקר</ItemName>
      <ManufacturerName>מעדני מניה תעשיות בש</ManufacturerName>
      <ManufactureCountry>לא ידוע</ManufactureCountry>
      <ManufacturerItemDescription>אסאדו בקר</ManufacturerItemDescription>
      <UnitQty>קילוגרמים</UnitQty>
      <Quantity>1.00</Quantity>
      <UnitOfMeasure>ק"ג</UnitOfMeasure>
      <bIsWeighted>1</bIsWeighted>
      <QtyInPackage>לא ידוע</QtyInPackage>
      <ItemPrice>129.00</ItemPrice>
      <UnitOfMeasurePrice>129.0000</UnitOfMeasurePrice>
      <AllowDiscount>1</AllowDiscount>
      <ItemStatus>1</ItemStatus>
      <ItemId>46827</ItemId>
    </Item>
    <Item>
      <PriceUpdateDate>2024-11-12 12:03:57</PriceUpdateDate>
      <ItemCode>7290000000546</ItemCode>
      <ItemType>1</ItemType>
      <ItemName>פסטרמה רומנית על האש</ItemName>
      <ManufacturerName>מעדני מניה תעשיות בש</ManufacturerName>
      <ManufactureCountry>לא ידוע</ManufactureCountry>
      <ManufacturerItemDescription>פסטרמה רומנית על האש</ManufacturerItemDescription>
      <UnitQty>קילוגרמים</UnitQty>
      <Quantity>1.00</Quantity>
      <UnitOfMeasure>ק"ג</UnitOfMeasure>
      <bIsWeighted>1</bIsWeighted>
      <QtyInPackage>לא ידוע</QtyInPackage>
      <ItemPrice>149.00</ItemPrice>
      <UnitOfMeasurePrice>149.0000</UnitOfMeasurePrice>
      <AllowDiscount>1</AllowDiscount>
      <ItemStatus>1</ItemStatus>
      <ItemId>46834</ItemId>
    </Item>
    <Item>
      <PriceUpdateDate>2024-11-11 14:56:11</PriceUpdateDate>
      <ItemCode>7290000000579</ItemCode>
      <ItemType>1</ItemType>
      <ItemName>שומן מעושן</ItemName>
      <ManufacturerName>מעדני מניה תעשיות בש</ManufacturerName>
      <ManufactureCountry>לא ידוע</ManufactureCountry>
      <ManufacturerItemDescription>שומן מעושן</ManufacturerItemDescription>
      <UnitQty>קילוגרמים</UnitQty>
      <Quantity>1.00</Quantity>
      <UnitOfMeasure>ק"ג</UnitOfMeasure>
      <bIsWeighted>1</bIsWeighted>
      <QtyInPackage>לא ידוע</QtyInPackage>
      <ItemPrice>129.00</ItemPrice>
      <UnitOfMeasurePrice>129.0000</UnitOfMeasurePrice>
      <AllowDiscount>1</AllowDiscount>
      <ItemStatus>1</ItemStatus>
      <ItemId>46847</ItemId>
    </Item>
    <Item>
      <PriceUpdateDate>2024-09-11 19:44:46</PriceUpdateDate>
      <ItemCode>7290000006132</ItemCode>
      <ItemType>1</ItemType>
      <ItemName>עגבניות אדומות מוחמצ</ItemName>
      <ManufacturerName>סלטי עמים ברדה</ManufacturerName>
      <ManufactureCountry>לא ידוע</ManufactureCountry>
      <ManufacturerItemDescription>עגבניות אדומות</ManufacturerItemDescription>
      <UnitQty>קילוגרמים</UnitQty>
      <Quantity>1.00</Quantity>
      <UnitOfMeasure>ק"ג</UnitOfMeasure>
      <bIsWeighted>1</bIsWeighted>
      <QtyInPackage>לא ידוע</QtyInPackage>
      <ItemPrice>59.00</ItemPrice>
      <UnitOfMeasurePrice>59.0000</UnitOfMeasurePrice>
      <AllowDiscount>1</AllowDiscount>
      <ItemStatus>1</ItemStatus>
      <ItemId>46858</ItemId>
    </Item>
    <Item>
      <PriceUpdateDate>2023-12-31 12:48:04</PriceUpdateDate>
      <ItemCode>6142</ItemCode>
      <ItemType>0</ItemType>
      <ItemName>מלפפון בייבי מובחר ב</ItemName>
      <ManufacturerName>,</ManufacturerName>
      <ManufactureCountry>לא ידוע</ManufactureCountry>
      <ManufacturerItemDescription>מלפפון בייבי מובחר במלח</ManufacturerItemDescription>
      <UnitQty>קילוגרמים</UnitQty>
      <Quantity>1.00</Quantity>
      <UnitOfMeasure>ק"ג</UnitOfMeasure>
      <bIsWeighted>1</bIsWeighted>
      <QtyInPackage>לא ידוע</QtyInPackage>
      <ItemPrice>49.00</ItemPrice>
      <UnitOfMeasurePrice>49.0000</UnitOfMeasurePrice>
      <AllowDiscount>1</AllowDiscount>
      <ItemStatus>1</ItemStatus>
      <ItemId>46859</ItemId>
    </Item>
    <Item>
      <PriceUpdateDate>2023-12-31 12:48:04</PriceUpdateDate>
      <ItemCode>6166</ItemCode>
      <ItemType>0</ItemType>
      <ItemName>גבינה מנצגו חום</ItemName>
      <ManufacturerName>,</ManufacturerName>
      <ManufactureCountry>לא ידוע</ManufactureCountry>
      <ManufacturerItemDescription>גבינה מנצגו חום</ManufacturerItemDescription>
      <UnitQty>קילוגרמים</UnitQty>
      <Quantity>1.00</Quantity>
      <UnitOfMeasure>ק"ג</UnitOfMeasure>
      <bIsWeighted>1</bIsWeighted>
      <QtyInPackage>לא ידוע</QtyInPackage>
      <ItemPrice>159.00</ItemPrice>
      <UnitOfMeasurePrice>159.0000</UnitOfMeasurePrice>
      <AllowDiscount>1</AllowDiscount>
      <ItemStatus>1</ItemStatus>
      <ItemId>46864</ItemId>
    </Item>
    <Item>
      <PriceUpdateDate>2025-06-03 08:35:09</PriceUpdateDate>
      <ItemCode>7290000006351</ItemCode>
      <ItemType>1</ItemType>
      <ItemName>מוצרלה נקניק מעושן</ItemName>
      <ManufacturerName>,</ManufacturerName>
      <ManufactureCountry>לא ידוע</ManufactureCountry>
      <ManufacturerItemDescription>מוצרלה נקניק מעושן</ManufacturerItemDescription>
      <UnitQty>קילוגרמים</UnitQty>
      <Quantity>1.00</Quantity>
      <UnitOfMeasure>ק"ג</UnitOfMeasure>
      <bIsWeighted>1</bIsWeighted>
      <QtyInPackage>לא ידוע</QtyInPackage>
      <ItemPrice>109.00</ItemPrice>
      <UnitOfMeasurePrice>109.0000</UnitOfMeasurePrice>
      <AllowDiscount>1</AllowDiscount>
      <ItemStatus>1</ItemStatus>
      <ItemId>46870</ItemId>
    </Item>
    <Item>
      <PriceUpdateDate>2023-12-31 12:48:04</PriceUpdateDate>
      <ItemCode>6491</ItemCode>
      <ItemType>0</ItemType>
      <ItemName>גבינה גאודה פסטו עם</ItemName>
      <ManufacturerName>,</ManufacturerName>
      <ManufactureCountry>לא ידוע</ManufactureCountry>
      <ManufacturerItemDescription>סלט טורקי</ManufacturerItemDescription>
      <UnitQty>קילוגרמים</UnitQty>
      <Quantity>1.00</Quantity>
      <UnitOfMeasure>ק"ג</UnitOfMeasure>
      <bIsWeighted>1</bIsWeighted>
      <QtyInPackage>לא ידוע</QtyInPackage>
      <ItemPrice>189.00</ItemPrice>
      <UnitOfMeasurePrice>189.0000</UnitOfMeasurePrice>
      <AllowDiscount>1</AllowDiscount>
      <ItemStatus>1</ItemStatus>
      <ItemId>46877</ItemId>
    </Item>
    <Item>
      <PriceUpdateDate>2025-12-01 19:57:13</PriceUpdateDate>
      <ItemCode>7290000000692</ItemCode>
      <ItemType>1</ItemType>
      <ItemName>קוסטיצה חצי וואקום</ItemName>
      <ManufacturerName>קרלברג ייצור ושיווק</ManufacturerName>
      <ManufactureCountry>לא ידוע</ManufactureCountry>
      <ManufacturerItemDescription>קוסטיצה חצי וואקום</ManufacturerItemDescription>
      <UnitQty>קילוגרמים</UnitQty>
      <Quantity>1.00</Quantity>
      <UnitOfMeasure>ק"ג</UnitOfMeasure>
      <bIsWeighted>1</bIsWeighted>
      <QtyInPackage>לא ידוע</QtyInPackage>
      <ItemPrice>179.00</ItemPrice>
      <UnitOfMeasurePrice>179.0000</UnitOfMeasurePrice>
      <AllowDiscount>1</AllowDiscount>
      <ItemStatus>1</ItemStatus>
      <ItemId>46882</ItemId>
    </Item>
    <Item>
      <PriceUpdateDate>2025-02-14 12:07:51</PriceUpdateDate>
      <ItemCode>6197</ItemCode>
      <ItemType>0</ItemType>
      <ItemName>גאודה עזים לנדנה עם</ItemName>
      <ManufacturerName>,</ManufacturerName>
      <ManufactureCountry>לא ידוע</ManufactureCountry>
      <ManufacturerItemDescription>גאודה עזים לנדנה עם תאנים</ManufacturerItemDescription>
      <UnitQty>קילוגרמים</UnitQty>
      <Quantity>1.00</Quantity>
      <UnitOfMeasure>ק"ג</UnitOfMeasure>
      <bIsWeighted>1</bIsWeighted>
      <QtyInPackage>לא ידוע</QtyInPackage>
      <ItemPrice>219.00</ItemPrice>
      <UnitOfMeasurePrice>219.0000</UnitOfMeasurePrice>
      <AllowDiscount>1</AllowDiscount>
      <ItemStatus>1</ItemStatus>
      <ItemId>97043</ItemId>
    </Item>
    <Item>
      <PriceUpdateDate>2025-04-29 08:26:31</PriceUpdateDate>
      <ItemCode>3259680312300</ItemCode>
      <ItemType>1</ItemType>
      <ItemName>קוניאק הנרי מוניה 70</ItemName>
      <ManufacturerName>,</ManufacturerName>
      <ManufactureCountry>לא ידוע</ManufactureCountry>
      <ManufacturerItemDescription>קוניאק הנרי מוניה 700 מל</ManufacturerItemDescription>
      <UnitQty>מיליליטרים</UnitQty>
      <Quantity>700.00</Quantity>
      <UnitOfMeasure>100 מ"ל</UnitOfMeasure>
      <bIsWeighted>0</bIsWeighted>
      <QtyInPackage>1</QtyInPackage>
      <ItemPrice>249.90</ItemPrice>
      <UnitOfMeasurePrice>35.7000</UnitOfMeasurePrice>
      <AllowDiscount>1</AllowDiscount>
      <ItemStatus>1</ItemStatus>
      <ItemId>98198</ItemId>
    </Item>
    <Item>
      <PriceUpdateDate>2025-03-28 12:48:26</PriceUpdateDate>
      <ItemCode>7290016875096</ItemCode>
      <ItemType>1</ItemType>
      <ItemName>יוגורט עזים 1 ל</ItemName>
      <ManufacturerName>,</ManufacturerName>
      <ManufactureCountry>לא ידוע</ManufactureCountry>
      <ManufacturerItemDescription>יוגורט עזים 1 ל</ManufacturerItemDescription>
      <UnitQty>ליטרים</UnitQty>
      <Quantity>1.00</Quantity>
      <UnitOfMeasure>ליטר    </UnitOfMeasure>
      <bIsWeighted>0</bIsWeighted>
      <QtyInPackage>1</QtyInPackage>
      <ItemPrice>24.90</ItemPrice>
      <UnitOfMeasurePrice>24.9000</UnitOfMeasurePrice>
      <AllowDiscount>1</AllowDiscount>
      <ItemStatus>1</ItemStatus>
      <ItemId>97530</ItemId>
    </Item>
    <Item>
      <PriceUpdateDate>2025-02-14 12:07:51</PriceUpdateDate>
      <ItemCode>6195</ItemCode>
      <ItemType>0</ItemType>
      <ItemName>גאודה עזים לנדנה עם</ItemName>
      <ManufacturerName>,</ManufacturerName>
      <ManufactureCountry>לא ידוע</ManufactureCountry>
      <ManufacturerItemDescription>גאודה עזים לנדנה עם שום בר</ManufacturerItemDescription>
      <UnitQty>קילוגרמים</UnitQty>
      <Quantity>1.00</Quantity>
      <UnitOfMeasure>ק"ג</UnitOfMeasure>
      <bIsWeighted>1</bIsWeighted>
      <QtyInPackage>לא ידוע</QtyInPackage>
      <ItemPrice>219.00</ItemPrice>
      <UnitOfMeasurePrice>219.0000</UnitOfMeasurePrice>
      <AllowDiscount>1</AllowDiscount>
      <ItemStatus>1</ItemStatus>
      <ItemId>97045</ItemId>
    </Item>
    <Item>
      <PriceUpdateDate>2025-12-01 19:57:14</PriceUpdateDate>
      <ItemCode>826</ItemCode>
      <ItemType>0</ItemType>
      <ItemName>קוטלט הודו ביתי</ItemName>
      <ManufacturerName>קרלברג ייצור ושיווק</ManufacturerName>
      <ManufactureCountry>לא ידוע</ManufactureCountry>
      <ManufacturerItemDescription>קוטלט הודו ביתי</ManufacturerItemDescription>
      <UnitQty>קילוגרמים</UnitQty>
      <Quantity>1.00</Quantity>
      <UnitOfMeasure>ק"ג</UnitOfMeasure>
      <bIsWeighted>1</bIsWeighted>
      <QtyInPackage>לא ידוע</QtyInPackage>
      <ItemPrice>159.00</ItemPrice>
      <UnitOfMeasurePrice>159.0000</UnitOfMeasurePrice>
      <AllowDiscount>1</AllowDiscount>
      <ItemStatus>1</ItemStatus>
      <ItemId>46959</ItemId>
    </Item>
    <Item>
      <PriceUpdateDate>2025-07-27 10:01:19</PriceUpdateDate>
      <ItemCode>7290000000832</ItemCode>
      <ItemType>1</ItemType>
      <ItemName>פריזר ביצה</ItemName>
      <ManufacturerName>מעדני מניה תעשיות בש</ManufacturerName>
      <ManufactureCountry>לא ידוע</ManufactureCountry>
      <ManufacturerItemDescription>פריזר ביצה</ManufacturerItemDescription>
      <UnitQty>קילוגרמים</UnitQty>
      <Quantity>1.00</Quantity>
      <UnitOfMeasure>ק"ג</UnitOfMeasure>
      <bIsWeighted>1</bIsWeighted>
      <QtyInPackage>לא ידוע</QtyInPackage>
      <ItemPrice>45.00</ItemPrice>
      <UnitOfMeasurePrice>45.0000</UnitOfMeasurePrice>
      <AllowDiscount>1</AllowDiscount>
      <ItemStatus>1</ItemStatus>
      <ItemId>46961</ItemId>
    </Item>
    <Item>
      <PriceUpdateDate>2024-09-02 10:50:41</PriceUpdateDate>
      <ItemCode>915</ItemCode>
      <ItemType>0</ItemType>
      <ItemName>לוביטלסקיה חצי</ItemName>
      <ManufacturerName>מעדני בשר השוקת</ManufacturerName>
      <ManufactureCountry>לא ידוע</ManufactureCountry>
      <ManufacturerItemDescription>לוביטלסקיה חצי</ManufacturerItemDescription>
      <UnitQty>קילוגרמים</UnitQty>
      <Quantity>1.00</Quantity>
      <UnitOfMeasure>ק"ג</UnitOfMeasure>
      <bIsWeighted>1</bIsWeighted>
      <QtyInPackage>לא ידוע</QtyInPackage>
      <ItemPrice>99.00</ItemPrice>
      <UnitOfMeasurePrice>99.0000</UnitOfMeasurePrice>
      <AllowDiscount>1</AllowDiscount>
      <ItemStatus>1</ItemStatus>
      <ItemId>46964</ItemId>
    </Item>
    <Item>
      <PriceUpdateDate>2024-09-02 10:50:41</PriceUpdateDate>
      <ItemCode>7290000000918</ItemCode>
      <ItemType>1</ItemType>
      <ItemName>סלמי פולני</ItemName>
      <ManufacturerName>מעדני בשר השוקת</ManufacturerName>
      <ManufactureCountry>לא ידוע</ManufactureCountry>
      <ManufacturerItemDescription>סלמי פולני</ManufacturerItemDescription>
      <UnitQty>קילוגרמים</UnitQty>
      <Quantity>1.00</Quantity>
      <UnitOfMeasure>ק"ג</UnitOfMeasure>
      <bIsWeighted>1</bIsWeighted>
      <QtyInPackage>לא ידוע</QtyInPackage>
      <ItemPrice>109.00</ItemPrice>
      <UnitOfMeasurePrice>109.0000</UnitOfMeasurePrice>
      <AllowDiscount>1</AllowDiscount>
      <ItemStatus>1</ItemStatus>
      <ItemId>46965</ItemId>
    </Item>
    <Item>
      <PriceUpdateDate>2024-08-30 08:42:06</PriceUpdateDate>
      <ItemCode>9640</ItemCode>
      <ItemType>0</ItemType>
      <ItemName>קפה + מאפה</ItemName>
      <ManufacturerName>,</ManufacturerName>
      <ManufactureCountry>לא ידוע</ManufactureCountry>
      <ManufacturerItemDescription>קפה + מאפה</ManufacturerItemDescription>
      <UnitQty>Unknown </UnitQty>
      <Quantity>0.00</Quantity>
      <UnitOfMeasure>Unknown </UnitOfMeasure>
      <bIsWeighted>0</bIsWeighted>
      <QtyInPackage>לא ידוע</QtyInPackage>
      <ItemPrice>20.00</ItemPrice>
      <UnitOfMeasurePrice>0.0000</UnitOfMeasurePrice>
      <AllowDiscount>1</AllowDiscount>
      <ItemStatus>1</ItemStatus>
      <ItemId>46975</ItemId>
    </Item>
    <Item>
      <PriceUpdateDate>2025-02-14 12:07:51</PriceUpdateDate>
      <ItemCode>6199</ItemCode>
      <ItemType>0</ItemType>
      <ItemName>קשקבל כבשים</ItemName>
      <ManufacturerName>,</ManufacturerName>
      <ManufactureCountry>לא ידוע</ManufactureCountry>
      <ManufacturerItemDescription>קשקבל כבשים</ManufacturerItemDescription>
      <UnitQty>קילוגרמים</UnitQty>
      <Quantity>1.00</Quantity>
      <UnitOfMeasure>ק"ג</UnitOfMeasure>
      <bIsWeighted>1</bIsWeighted>
      <QtyInPackage>לא ידוע</QtyInPackage>
      <ItemPrice>169.00</ItemPrice>
      <UnitOfMeasurePrice>169.0000</UnitOfMeasurePrice>
      <AllowDiscount>1</AllowDiscount>
      <ItemStatus>1</ItemStatus>
      <ItemId>97048</ItemId>
    </Item>
    <Item>
      <PriceUpdateDate>2025-02-14 12:07:51</PriceUpdateDate>
      <ItemCode>6200</ItemCode>
      <ItemType>0</ItemType>
      <ItemName>גאודה כבשים לנדנה</ItemName>
      <ManufacturerName>,</ManufacturerName>
      <ManufactureCountry>לא ידוע</ManufactureCountry>
      <ManufacturerItemDescription>גאודה כבשים לנדנה</ManufacturerItemDescription>
      <UnitQty>קילוגרמים</UnitQty>
      <Quantity>1.00</Quantity>
      <UnitOfMeasure>ק"ג</UnitOfMeasure>
      <bIsWeighted>1</bIsWeighted>
      <QtyInPackage>לא ידוע</QtyInPackage>
      <ItemPrice>219.00</ItemPrice>
      <UnitOfMeasurePrice>219.0000</UnitOfMeasurePrice>
      <AllowDiscount>1</AllowDiscount>
      <ItemStatus>1</ItemStatus>
      <ItemId>97049</ItemId>
    </Item>
    <Item>
      <PriceUpdateDate>2024-07-14 09:01:17</PriceUpdateDate>
      <ItemCode>7290000001595</ItemCode>
      <ItemType>1</ItemType>
      <ItemName>עוף מעושן</ItemName>
      <ManufacturerName>קרלברג ייצור ושיווק</ManufacturerName>
      <ManufactureCountry>לא ידוע</ManufactureCountry>
      <ManufacturerItemDescription>עוף מעושן</ManufacturerItemDescription>
      <UnitQty>קילוגרמים</UnitQty>
      <Quantity>1.00</Quantity>
      <UnitOfMeasure>ק"ג</UnitOfMeasure>
      <bIsWeighted>1</bIsWeighted>
      <QtyInPackage>לא ידוע</QtyInPackage>
      <ItemPrice>69.00</ItemPrice>
      <UnitOfMeasurePrice>69.0000</UnitOfMeasurePrice>
      <AllowDiscount>1</AllowDiscount>
      <ItemStatus>1</ItemStatus>
      <ItemId>47034</ItemId>
    </Item>
    <Item>
      <PriceUpdateDate>2024-04-08 16:14:12</PriceUpdateDate>
      <ItemCode>16032</ItemCode>
      <ItemType>0</ItemType>
      <ItemName>גולש עגל הונגרי</ItemName>
      <ManufacturerName>,</ManufacturerName>
      <ManufactureCountry>לא ידוע</ManufactureCountry>
      <ManufacturerItemDescription>גולש עגל הונגרי</ManufacturerItemDescription>
      <UnitQty>קילוגרמים</UnitQty>
      <Quantity>1.00</Quantity>
      <UnitOfMeasure>ק"ג</UnitOfMeasure>
      <bIsWeighted>1</bIsWeighted>
      <QtyInPackage>לא ידוע</QtyInPackage>
      <ItemPrice>109.00</ItemPrice>
      <UnitOfMeasurePrice>109.0000</UnitOfMeasurePrice>
      <AllowDiscount>1</AllowDiscount>
      <ItemStatus>1</ItemStatus>
      <ItemId>47037</ItemId>
    </Item>
    <Item>
      <PriceUpdateDate>2025-01-09 10:52:28</PriceUpdateDate>
      <ItemCode>17208</ItemCode>
      <ItemType>0</ItemType>
      <ItemName>אסאדו עגל עם עצם</ItemName>
      <ManufacturerName>בית מטבחיים דבאח</ManufacturerName>
      <ManufactureCountry>לא ידוע</ManufactureCountry>
      <ManufacturerItemDescription>אסדו עגל עם עצם</ManufacturerItemDescription>
      <UnitQty>קילוגרמים</UnitQty>
      <Quantity>1.00</Quantity>
      <UnitOfMeasure>ק"ג</UnitOfMeasure>
      <bIsWeighted>1</bIsWeighted>
      <QtyInPackage>לא ידוע</QtyInPackage>
      <ItemPrice>59.90</ItemPrice>
      <UnitOfMeasurePrice>59.9000</UnitOfMeasurePrice>
      <AllowDiscount>1</AllowDiscount>
      <ItemStatus>1</ItemStatus>
      <ItemId>47054</ItemId>
    </Item>
    <Item>
      <PriceUpdateDate>2023-12-31 12:48:05</PriceUpdateDate>
      <ItemCode>17218</ItemCode>
      <ItemType>0</ItemType>
      <ItemName>כבד עגל טרי</ItemName>
      <ManufacturerName>בית מטבחיים דבאח</ManufacturerName>
      <ManufactureCountry>לא ידוע</ManufactureCountry>
      <ManufacturerItemDescription>כבד עגל טרי</ManufacturerItemDescription>
      <UnitQty>קילוגרמים</UnitQty>
      <Quantity>1.00</Quantity>
      <UnitOfMeasure>ק"ג</UnitOfMeasure>
      <bIsWeighted>1</bIsWeighted>
      <QtyInPackage>לא ידוע</QtyInPackage>
      <ItemPrice>19.90</ItemPrice>
      <UnitOfMeasurePrice>19.9000</UnitOfMeasurePrice>
      <AllowDiscount>1</AllowDiscount>
      <ItemStatus>1</ItemStatus>
      <ItemId>47055</ItemId>
    </Item>
    <Item>
      <PriceUpdateDate>2024-03-20 08:28:49</PriceUpdateDate>
      <ItemCode>17238</ItemCode>
      <ItemType>0</ItemType>
      <ItemName>שריר בקר מס 8 טרי</ItemName>
      <ManufacturerName>בית מטבחיים דבאח</ManufacturerName>
      <ManufactureCountry>לא ידוע</ManufactureCountry>
      <ManufacturerItemDescription>שריר עגל מס 8  טרי</ManufacturerItemDescription>
      <UnitQty>קילוגרמים</UnitQty>
      <Quantity>1.00</Quantity>
      <UnitOfMeasure>ק"ג</UnitOfMeasure>
      <bIsWeighted>1</bIsWeighted>
      <QtyInPackage>לא ידוע</QtyInPackage>
      <ItemPrice>64.90</ItemPrice>
      <UnitOfMeasurePrice>64.9000</UnitOfMeasurePrice>
      <AllowDiscount>1</AllowDiscount>
      <ItemStatus>1</ItemStatus>
      <ItemId>47059</ItemId>
    </Item>
    <Item>
      <PriceUpdateDate>2024-08-26 15:23:30</PriceUpdateDate>
      <ItemCode>17239</ItemCode>
      <ItemType>0</ItemType>
      <ItemName>רוטפלייש דק טרי ארוז</ItemName>
      <ManufacturerName>בית מטבחיים דבאח</ManufacturerName>
      <ManufactureCountry>לא ידוע</ManufactureCountry>
      <ManufacturerItemDescription>רוטפלייש דק טרי ארוז נתח קצבים</ManufacturerItemDescription>
      <UnitQty>קילוגרמים</UnitQty>
      <Quantity>1.00</Quantity>
      <UnitOfMeasure>ק"ג</UnitOfMeasure>
      <bIsWeighted>1</bIsWeighted>
      <QtyInPackage>לא ידוע</QtyInPackage>
      <ItemPrice>109.90</ItemPrice>
      <UnitOfMeasurePrice>109.9000</UnitOfMeasurePrice>
      <AllowDiscount>1</AllowDiscount>
      <ItemStatus>1</ItemStatus>
      <ItemId>47060</ItemId>
    </Item>
    <Item>
      <PriceUpdateDate>2023-12-31 12:48:05</PriceUpdateDate>
      <ItemCode>17251</ItemCode>
      <ItemType>0</ItemType>
      <ItemName>צוואר עגל טרי</ItemName>
      <ManufacturerName>,</ManufacturerName>
      <ManufactureCountry>לא ידוע</ManufactureCountry>
      <ManufacturerItemDescription>צוואר עגל טרי</ManufacturerItemDescription>
      <UnitQty>קילוגרמים</UnitQty>
      <Quantity>1.00</Quantity>
      <UnitOfMeasure>ק"ג</UnitOfMeasure>
      <bIsWeighted>1</bIsWeighted>
      <QtyInPackage>לא ידוע</QtyInPackage>
      <ItemPrice>69.90</ItemPrice>
      <UnitOfMeasurePrice>69.9000</UnitOfMeasurePrice>
      <AllowDiscount>1</AllowDiscount>
      <ItemStatus>1</ItemStatus>
      <ItemId>47062</ItemId>
    </Item>
    <Item>
      <PriceUpdateDate>2025-12-02 15:16:08</PriceUpdateDate>
      <ItemCode>17303</ItemCode>
      <ItemType>0</ItemType>
      <ItemName>פולקה לבן</ItemName>
      <ManufacturerName>המפרק פירוק ושיווק ב</ManufacturerName>
      <ManufactureCountry>לא ידוע</ManufactureCountry>
      <ManufacturerItemDescription>פולקה לבן</ManufacturerItemDescription>
      <UnitQty>קילוגרמים</UnitQty>
      <Quantity>1.00</Quantity>
      <UnitOfMeasure>ק"ג</UnitOfMeasure>
      <bIsWeighted>1</bIsWeighted>
      <QtyInPackage>לא ידוע</QtyInPackage>
      <ItemPrice>59.90</ItemPrice>
      <UnitOfMeasurePrice>59.9000</UnitOfMeasurePrice>
      <AllowDiscount>1</AllowDiscount>
      <ItemStatus>1</ItemStatus>
      <ItemId>47063</ItemId>
    </Item>
    <Item>
      <PriceUpdateDate>2025-12-09 17:37:05</PriceUpdateDate>
      <ItemCode>17321</ItemCode>
      <ItemType>0</ItemType>
      <ItemName>סטייק צוואר</ItemName>
      <ManufacturerName>המפרק פירוק ושיווק ב</ManufacturerName>
      <ManufactureCountry>לא ידוע</ManufactureCountry>
      <ManufacturerItemDescription>סטייק צוואר</ManufacturerItemDescription>
      <UnitQty>קילוגרמים</UnitQty>
      <Quantity>1.00</Quantity>
      <UnitOfMeasure>ק"ג</UnitOfMeasure>
      <bIsWeighted>1</bIsWeighted>
      <QtyInPackage>לא ידוע</QtyInPackage>
      <ItemPrice>89.90</ItemPrice>
      <UnitOfMeasurePrice>89.9000</UnitOfMeasurePrice>
      <AllowDiscount>1</AllowDiscount>
      <ItemStatus>1</ItemStatus>
      <ItemId>47065</ItemId>
    </Item>
    <Item>
      <PriceUpdateDate>2024-11-03 14:19:34</PriceUpdateDate>
      <ItemCode>110111</ItemCode>
      <ItemType>0</ItemType>
      <ItemName>צוריסוס לבן קפוא</ItemName>
      <ManufacturerName>זילבר תעשיות מוצרי ב</ManufacturerName>
      <ManufactureCountry>לא ידוע</ManufactureCountry>
      <ManufacturerItemDescription>צוריסוס לבן קפוא</ManufacturerItemDescription>
      <UnitQty>קילוגרמים</UnitQty>
      <Quantity>1.00</Quantity>
      <UnitOfMeasure>ק"ג</UnitOfMeasure>
      <bIsWeighted>1</bIsWeighted>
      <QtyInPackage>לא ידוע</QtyInPackage>
      <ItemPrice>84.90</ItemPrice>
      <UnitOfMeasurePrice>84.9000</UnitOfMeasurePrice>
      <AllowDiscount>1</AllowDiscount>
      <ItemStatus>1</ItemStatus>
      <ItemId>47085</ItemId>
    </Item>
    <Item>
      <PriceUpdateDate>2024-09-02 10:50:41</PriceUpdateDate>
      <ItemCode>1920</ItemCode>
      <ItemType>0</ItemType>
      <ItemName>בוזנינה לבן גוש</ItemName>
      <ManufacturerName>,</ManufacturerName>
      <ManufactureCountry>לא ידוע</ManufactureCountry>
      <ManufacturerItemDescription>פסטרמה ב"</ManufacturerItemDescription>
      <UnitQty>קילוגרמים</UnitQty>
      <Quantity>1.00</Quantity>
      <UnitOfMeasure>ק"ג</UnitOfMeasure>
      <bIsWeighted>1</bIsWeighted>
      <QtyInPackage>לא ידוע</QtyInPackage>
      <ItemPrice>149.00</ItemPrice>
      <UnitOfMeasurePrice>149.0000</UnitOfMeasurePrice>
      <AllowDiscount>1</AllowDiscount>
      <ItemStatus>1</ItemStatus>
      <ItemId>47086</ItemId>
    </Item>
    <Item>
      <PriceUpdateDate>2024-11-03 14:19:34</PriceUpdateDate>
      <ItemCode>7290000000202</ItemCode>
      <ItemType>1</ItemType>
      <ItemName>סלמי כפרית פרוס</ItemName>
      <ManufacturerName>ישרקו שיווק מותגי מז</ManufacturerName>
      <ManufactureCountry>לא ידוע</ManufactureCountry>
      <ManufacturerItemDescription>סלמי כפרית פרוס</ManufacturerItemDescription>
      <UnitQty>קילוגרמים</UnitQty>
      <Quantity>1.00</Quantity>
      <UnitOfMeasure>ק"ג</UnitOfMeasure>
      <bIsWeighted>1</bIsWeighted>
      <QtyInPackage>לא ידוע</QtyInPackage>
      <ItemPrice>219.00</ItemPrice>
      <UnitOfMeasurePrice>219.0000</UnitOfMeasurePrice>
      <AllowDiscount>1</AllowDiscount>
      <ItemStatus>1</ItemStatus>
      <ItemId>47100</ItemId>
    </Item>
    <Item>
      <PriceUpdateDate>2024-11-03 14:19:34</PriceUpdateDate>
      <ItemCode>7290000000213</ItemCode>
      <ItemType>1</ItemType>
      <ItemName>פריזר עגל</ItemName>
      <ManufacturerName>ישרקו שיווק מותגי מז</ManufacturerName>
      <ManufactureCountry>לא ידוע</ManufactureCountry>
      <ManufacturerItemDescription>פריזר עגל</ManufacturerItemDescription>
      <UnitQty>קילוגרמים</UnitQty>
      <Quantity>1.00</Quantity>
      <UnitOfMeasure>ק"ג</UnitOfMeasure>
      <bIsWeighted>1</bIsWeighted>
      <QtyInPackage>לא ידוע</QtyInPackage>
      <ItemPrice>59.00</ItemPrice>
      <UnitOfMeasurePrice>59.0000</UnitOfMeasurePrice>
      <AllowDiscount>1</AllowDiscount>
      <ItemStatus>1</ItemStatus>
      <ItemId>47110</ItemId>
    </Item>
    <Item>
      <PriceUpdateDate>2023-12-31 12:48:05</PriceUpdateDate>
      <ItemCode>2189</ItemCode>
      <ItemType>0</ItemType>
      <ItemName>גבינה אמנטל שוויצרי</ItemName>
      <ManufacturerName>,</ManufacturerName>
      <ManufactureCountry>לא ידוע</ManufactureCountry>
      <ManufacturerItemDescription>גבינה אמנטל שוויצרי</ManufacturerItemDescription>
      <UnitQty>קילוגרמים</UnitQty>
      <Quantity>1.00</Quantity>
      <UnitOfMeasure>ק"ג</UnitOfMeasure>
      <bIsWeighted>1</bIsWeighted>
      <QtyInPackage>לא ידוע</QtyInPackage>
      <ItemPrice>209.00</ItemPrice>
      <UnitOfMeasurePrice>209.0000</UnitOfMeasurePrice>
      <AllowDiscount>1</AllowDiscount>
      <ItemStatus>1</ItemStatus>
      <ItemId>47114</ItemId>
    </Item>
    <Item>
      <PriceUpdateDate>2024-11-03 14:19:34</PriceUpdateDate>
      <ItemCode>7290000000228</ItemCode>
      <ItemType>1</ItemType>
      <ItemName>סלמי הונגרי</ItemName>
      <ManufacturerName>ישרקו שיווק מותגי מז</ManufacturerName>
      <ManufactureCountry>לא ידוע</ManufactureCountry>
      <ManufacturerItemDescription>סלמי הונגרי</ManufacturerItemDescription>
      <UnitQty>קילוגרמים</UnitQty>
      <Quantity>1.00</Quantity>
      <UnitOfMeasure>ק"ג</UnitOfMeasure>
      <bIsWeighted>1</bIsWeighted>
      <QtyInPackage>לא ידוע</QtyInPackage>
      <ItemPrice>219.00</ItemPrice>
      <UnitOfMeasurePrice>219.0000</UnitOfMeasurePrice>
      <AllowDiscount>1</AllowDiscount>
      <ItemStatus>1</ItemStatus>
      <ItemId>47124</ItemId>
    </Item>
    <Item>
      <PriceUpdateDate>2025-08-03 13:12:26</PriceUpdateDate>
      <ItemCode>7290000002881</ItemCode>
      <ItemType>1</ItemType>
      <ItemName>ברי צרפתי</ItemName>
      <ManufacturerName>,</ManufacturerName>
      <ManufactureCountry>לא ידוע</ManufactureCountry>
      <ManufacturerItemDescription>ברי צרפתי</ManufacturerItemDescription>
      <UnitQty>קילוגרמים</UnitQty>
      <Quantity>1.00</Quantity>
      <UnitOfMeasure>ק"ג</UnitOfMeasure>
      <bIsWeighted>1</bIsWeighted>
      <QtyInPackage>לא ידוע</QtyInPackage>
      <ItemPrice>189.00</ItemPrice>
      <UnitOfMeasurePrice>189.0000</UnitOfMeasurePrice>
      <AllowDiscount>1</AllowDiscount>
      <ItemStatus>1</ItemStatus>
      <ItemId>47137</ItemId>
    </Item>
    <Item>
      <PriceUpdateDate>2025-08-03 13:12:26</PriceUpdateDate>
      <ItemCode>2943</ItemCode>
      <ItemType>0</ItemType>
      <ItemName>גבינה גאודה עשבי תיב</ItemName>
      <ManufacturerName>,</ManufacturerName>
      <ManufactureCountry>לא ידוע</ManufactureCountry>
      <ManufacturerItemDescription>גבינה גאודה עשבי תיבול</ManufacturerItemDescription>
      <UnitQty>קילוגרמים</UnitQty>
      <Quantity>1.00</Quantity>
      <UnitOfMeasure>ק"ג</UnitOfMeasure>
      <bIsWeighted>1</bIsWeighted>
      <QtyInPackage>לא ידוע</QtyInPackage>
      <ItemPrice>139.00</ItemPrice>
      <UnitOfMeasurePrice>139.0000</UnitOfMeasurePrice>
      <AllowDiscount>1</AllowDiscount>
      <ItemStatus>1</ItemStatus>
      <ItemId>47139</ItemId>
    </Item>
    <Item>
      <PriceUpdateDate>2024-09-02 10:50:35</PriceUpdateDate>
      <ItemCode>7290000003028</ItemCode>
      <ItemType>1</ItemType>
      <ItemName>סטייק סטוליצני</ItemName>
      <ManufacturerName>מעדני בשר השוקת</ManufacturerName>
      <ManufactureCountry>לא ידוע</ManufactureCountry>
      <ManufacturerItemDescription>סטייק סטוליצ"ני</ManufacturerItemDescription>
      <UnitQty>קילוגרמים</UnitQty>
      <Quantity>1.00</Quantity>
      <UnitOfMeasure>ק"ג</UnitOfMeasure>
      <bIsWeighted>1</bIsWeighted>
      <QtyInPackage>לא ידוע</QtyInPackage>
      <ItemPrice>129.00</ItemPrice>
      <UnitOfMeasurePrice>129.0000</UnitOfMeasurePrice>
      <AllowDiscount>1</AllowDiscount>
      <ItemStatus>1</ItemStatus>
      <ItemId>47145</ItemId>
    </Item>
    <Item>
      <PriceUpdateDate>2024-11-03 14:19:34</PriceUpdateDate>
      <ItemCode>379</ItemCode>
      <ItemType>0</ItemType>
      <ItemName>נקניק תה רוסי</ItemName>
      <ManufacturerName>זילבר תעשיות מוצרי ב</ManufacturerName>
      <ManufactureCountry>לא ידוע</ManufactureCountry>
      <ManufacturerItemDescription>נקניק תה רוסי</ManufacturerItemDescription>
      <UnitQty>קילוגרמים</UnitQty>
      <Quantity>1.00</Quantity>
      <UnitOfMeasure>ק"ג</UnitOfMeasure>
      <bIsWeighted>1</bIsWeighted>
      <QtyInPackage>לא ידוע</QtyInPackage>
      <ItemPrice>89.00</ItemPrice>
      <UnitOfMeasurePrice>89.0000</UnitOfMeasurePrice>
      <AllowDiscount>1</AllowDiscount>
      <ItemStatus>1</ItemStatus>
      <ItemId>47154</ItemId>
    </Item>
    <Item>
      <PriceUpdateDate>2024-03-24 09:38:19</PriceUpdateDate>
      <ItemCode>387</ItemCode>
      <ItemType>0</ItemType>
      <ItemName>קבנוס</ItemName>
      <ManufacturerName>מעדני בשר יהודה</ManufacturerName>
      <ManufactureCountry>לא ידוע</ManufactureCountry>
      <ManufacturerItemDescription>קבנוס</ManufacturerItemDescription>
      <UnitQty>קילוגרמים</UnitQty>
      <Quantity>1.00</Quantity>
      <UnitOfMeasure>ק"ג</UnitOfMeasure>
      <bIsWeighted>1</bIsWeighted>
      <QtyInPackage>לא ידוע</QtyInPackage>
      <ItemPrice>79.00</ItemPrice>
      <UnitOfMeasurePrice>79.0000</UnitOfMeasurePrice>
      <AllowDiscount>1</AllowDiscount>
      <ItemStatus>1</ItemStatus>
      <ItemId>47155</ItemId>
    </Item>
    <Item>
      <PriceUpdateDate>2024-11-12 12:03:22</PriceUpdateDate>
      <ItemCode>7290000000448</ItemCode>
      <ItemType>1</ItemType>
      <ItemName>קייזר גרודינקה</ItemName>
      <ManufacturerName>ולדמן ביח"ר לנקניק ו</ManufacturerName>
      <ManufactureCountry>לא ידוע</ManufactureCountry>
      <ManufacturerItemDescription>קייזר גרודינקה</ManufacturerItemDescription>
      <UnitQty>קילוגרמים</UnitQty>
      <Quantity>1.00</Quantity>
      <UnitOfMeasure>ק"ג</UnitOfMeasure>
      <bIsWeighted>1</bIsWeighted>
      <QtyInPackage>לא ידוע</QtyInPackage>
      <ItemPrice>209.00</ItemPrice>
      <UnitOfMeasurePrice>209.0000</UnitOfMeasurePrice>
      <AllowDiscount>1</AllowDiscount>
      <ItemStatus>1</ItemStatus>
      <ItemId>47173</ItemId>
    </Item>
    <Item>
      <PriceUpdateDate>2024-11-11 14:56:11</PriceUpdateDate>
      <ItemCode>7290000000523</ItemCode>
      <ItemType>1</ItemType>
      <ItemName>פסטרמה רומנית שום</ItemName>
      <ManufacturerName>מעדני מניה תעשיות בש</ManufacturerName>
      <ManufactureCountry>לא ידוע</ManufactureCountry>
      <ManufacturerItemDescription>פסטרמה רומנית שום</ManufacturerItemDescription>
      <UnitQty>קילוגרמים</UnitQty>
      <Quantity>1.00</Quantity>
      <UnitOfMeasure>ק"ג</UnitOfMeasure>
      <bIsWeighted>1</bIsWeighted>
      <QtyInPackage>לא ידוע</QtyInPackage>
      <ItemPrice>149.00</ItemPrice>
      <UnitOfMeasurePrice>149.0000</UnitOfMeasurePrice>
      <AllowDiscount>1</AllowDiscount>
      <ItemStatus>1</ItemStatus>
      <ItemId>47182</ItemId>
    </Item>
    <Item>
      <PriceUpdateDate>2024-11-11 14:56:12</PriceUpdateDate>
      <ItemCode>7290000000572</ItemCode>
      <ItemType>1</ItemType>
      <ItemName>צוואר פיקנטי</ItemName>
      <ManufacturerName>מעדני מניה תעשיות בש</ManufacturerName>
      <ManufactureCountry>לא ידוע</ManufactureCountry>
      <ManufacturerItemDescription>צוואר פיקנטי</ManufacturerItemDescription>
      <UnitQty>קילוגרמים</UnitQty>
      <Quantity>1.00</Quantity>
      <UnitOfMeasure>ק"ג</UnitOfMeasure>
      <bIsWeighted>1</bIsWeighted>
      <QtyInPackage>לא ידוע</QtyInPackage>
      <ItemPrice>189.00</ItemPrice>
      <UnitOfMeasurePrice>189.0000</UnitOfMeasurePrice>
      <AllowDiscount>1</AllowDiscount>
      <ItemStatus>1</ItemStatus>
      <ItemId>47200</ItemId>
    </Item>
    <Item>
      <PriceUpdateDate>2024-03-25 09:37:29</PriceUpdateDate>
      <ItemCode>7290000000585</ItemCode>
      <ItemType>1</ItemType>
      <ItemName>צוואר מעושן</ItemName>
      <ManufacturerName>מעדני מניה תעשיות בש</ManufacturerName>
      <ManufactureCountry>לא ידוע</ManufactureCountry>
      <ManufacturerItemDescription>צוואר מעושן</ManufacturerItemDescription>
      <UnitQty>קילוגרמים</UnitQty>
      <Quantity>1.00</Quantity>
      <UnitOfMeasure>ק"ג</UnitOfMeasure>
      <bIsWeighted>1</bIsWeighted>
      <QtyInPackage>לא ידוע</QtyInPackage>
      <ItemPrice>179.00</ItemPrice>
      <UnitOfMeasurePrice>179.0000</UnitOfMeasurePrice>
      <AllowDiscount>1</AllowDiscount>
      <ItemStatus>1</ItemStatus>
      <ItemId>47203</ItemId>
    </Item>
    <Item>
      <PriceUpdateDate>2023-12-31 12:48:06</PriceUpdateDate>
      <ItemCode>6106</ItemCode>
      <ItemType>0</ItemType>
      <ItemName>גזר קוריאני</ItemName>
      <ManufacturerName>סלטי עמים ברדה</ManufacturerName>
      <ManufactureCountry>לא ידוע</ManufactureCountry>
      <ManufacturerItemDescription>גזר קוריאני</ManufacturerItemDescription>
      <UnitQty>קילוגרמים</UnitQty>
      <Quantity>1.00</Quantity>
      <UnitOfMeasure>ק"ג</UnitOfMeasure>
      <bIsWeighted>1</bIsWeighted>
      <QtyInPackage>לא ידוע</QtyInPackage>
      <ItemPrice>49.00</ItemPrice>
      <UnitOfMeasurePrice>49.0000</UnitOfMeasurePrice>
      <AllowDiscount>1</AllowDiscount>
      <ItemStatus>1</ItemStatus>
      <ItemId>47207</ItemId>
    </Item>
    <Item>
      <PriceUpdateDate>2023-12-31 12:48:06</PriceUpdateDate>
      <ItemCode>7290000006130</ItemCode>
      <ItemType>1</ItemType>
      <ItemName>עגבניות שרי</ItemName>
      <ManufacturerName>סלטי עמים ברדה</ManufacturerName>
      <ManufactureCountry>לא ידוע</ManufactureCountry>
      <ManufacturerItemDescription>עגבניות שרי</ManufacturerItemDescription>
      <UnitQty>קילוגרמים</UnitQty>
      <Quantity>1.00</Quantity>
      <UnitOfMeasure>ק"ג</UnitOfMeasure>
      <bIsWeighted>1</bIsWeighted>
      <QtyInPackage>לא ידוע</QtyInPackage>
      <ItemPrice>49.00</ItemPrice>
      <UnitOfMeasurePrice>49.0000</UnitOfMeasurePrice>
      <AllowDiscount>1</AllowDiscount>
      <ItemStatus>1</ItemStatus>
      <ItemId>47208</ItemId>
    </Item>
    <Item>
      <PriceUpdateDate>2024-09-11 19:44:46</PriceUpdateDate>
      <ItemCode>7290000006134</ItemCode>
      <ItemType>1</ItemType>
      <ItemName>עגבניות ירוקות</ItemName>
      <ManufacturerName>,</ManufacturerName>
      <ManufactureCountry>לא ידוע</ManufactureCountry>
      <ManufacturerItemDescription>עגבניות ירוקות</ManufacturerItemDescription>
      <UnitQty>קילוגרמים</UnitQty>
      <Quantity>1.00</Quantity>
      <UnitOfMeasure>ק"ג</UnitOfMeasure>
      <bIsWeighted>1</bIsWeighted>
      <QtyInPackage>לא ידוע</QtyInPackage>
      <ItemPrice>59.00</ItemPrice>
      <UnitOfMeasurePrice>59.0000</UnitOfMeasurePrice>
      <AllowDiscount>1</AllowDiscount>
      <ItemStatus>1</ItemStatus>
      <ItemId>47209</ItemId>
    </Item>
    <Item>
      <PriceUpdateDate>2023-12-31 12:48:06</PriceUpdateDate>
      <ItemCode>6219</ItemCode>
      <ItemType>0</ItemType>
      <ItemName>פטה עיזים</ItemName>
      <ManufacturerName>,</ManufacturerName>
      <ManufactureCountry>לא ידוע</ManufactureCountry>
      <ManufacturerItemDescription>פרשמק</ManufacturerItemDescription>
      <UnitQty>קילוגרמים</UnitQty>
      <Quantity>1.00</Quantity>
      <UnitOfMeasure>ק"ג</UnitOfMeasure>
      <bIsWeighted>1</bIsWeighted>
      <QtyInPackage>לא ידוע</QtyInPackage>
      <ItemPrice>99.00</ItemPrice>
      <UnitOfMeasurePrice>99.0000</UnitOfMeasurePrice>
      <AllowDiscount>1</AllowDiscount>
      <ItemStatus>1</ItemStatus>
      <ItemId>47215</ItemId>
    </Item>
    <Item>
      <PriceUpdateDate>2023-12-31 12:48:06</PriceUpdateDate>
      <ItemCode>6417</ItemCode>
      <ItemType>0</ItemType>
      <ItemName>פלפל ממולא גבינה בסג</ItemName>
      <ManufacturerName>,</ManufacturerName>
      <ManufactureCountry>לא ידוע</ManufactureCountry>
      <ManufacturerItemDescription>פלפל ממולא גבינה בסגנון פטה</ManufacturerItemDescription>
      <UnitQty>קילוגרמים</UnitQty>
      <Quantity>1.00</Quantity>
      <UnitOfMeasure>ק"ג</UnitOfMeasure>
      <bIsWeighted>1</bIsWeighted>
      <QtyInPackage>לא ידוע</QtyInPackage>
      <ItemPrice>169.00</ItemPrice>
      <UnitOfMeasurePrice>169.0000</UnitOfMeasurePrice>
      <AllowDiscount>1</AllowDiscount>
      <ItemStatus>1</ItemStatus>
      <ItemId>47222</ItemId>
    </Item>
    <Item>
      <PriceUpdateDate>2024-12-04 09:10:25</PriceUpdateDate>
      <ItemCode>847</ItemCode>
      <ItemType>0</ItemType>
      <ItemName>מולוצניה דימוב</ItemName>
      <ManufacturerName>מעדני בשר השוקת</ManufacturerName>
      <ManufactureCountry>לא ידוע</ManufactureCountry>
      <ManufacturerItemDescription>מולוצ"ניה דימוב</ManufacturerItemDescription>
      <UnitQty>קילוגרמים</UnitQty>
      <Quantity>1.00</Quantity>
      <UnitOfMeasure>ק"ג</UnitOfMeasure>
      <bIsWeighted>1</bIsWeighted>
      <QtyInPackage>לא ידוע</QtyInPackage>
      <ItemPrice>99.00</ItemPrice>
      <UnitOfMeasurePrice>99.0000</UnitOfMeasurePrice>
      <AllowDiscount>1</AllowDiscount>
      <ItemStatus>1</ItemStatus>
      <ItemId>47298</ItemId>
    </Item>
    <Item>
      <PriceUpdateDate>2023-12-31 12:48:06</PriceUpdateDate>
      <ItemCode>873</ItemCode>
      <ItemType>0</ItemType>
      <ItemName>נקניק חי איטלקי דימו</ItemName>
      <ManufacturerName>מעדני בשר השוקת</ManufacturerName>
      <ManufactureCountry>לא ידוע</ManufactureCountry>
      <ManufacturerItemDescription>נקניק חי איטלקי דימוב</ManufacturerItemDescription>
      <UnitQty>קילוגרמים</UnitQty>
      <Quantity>1.00</Quantity>
      <UnitOfMeasure>ק"ג</UnitOfMeasure>
      <bIsWeighted>1</bIsWeighted>
      <QtyInPackage>לא ידוע</QtyInPackage>
      <ItemPrice>189.00</ItemPrice>
      <UnitOfMeasurePrice>189.0000</UnitOfMeasurePrice>
      <AllowDiscount>1</AllowDiscount>
      <ItemStatus>1</ItemStatus>
      <ItemId>47300</ItemId>
    </Item>
    <Item>
      <PriceUpdateDate>2024-11-03 14:19:34</PriceUpdateDate>
      <ItemCode>893</ItemCode>
      <ItemType>0</ItemType>
      <ItemName>סרוולט איטלקי</ItemName>
      <ManufacturerName>,</ManufacturerName>
      <ManufactureCountry>לא ידוע</ManufactureCountry>
      <ManufacturerItemDescription>סרוולט איטלקי</ManufacturerItemDescription>
      <UnitQty>קילוגרמים</UnitQty>
      <Quantity>1.00</Quantity>
      <UnitOfMeasure>ק"ג</UnitOfMeasure>
      <bIsWeighted>1</bIsWeighted>
      <QtyInPackage>לא ידוע</QtyInPackage>
      <ItemPrice>139.00</ItemPrice>
      <UnitOfMeasurePrice>139.0000</UnitOfMeasurePrice>
      <AllowDiscount>1</AllowDiscount>
      <ItemStatus>1</ItemStatus>
      <ItemId>47302</ItemId>
    </Item>
    <Item>
      <PriceUpdateDate>2024-09-02 10:50:42</PriceUpdateDate>
      <ItemCode>895</ItemCode>
      <ItemType>0</ItemType>
      <ItemName>גרודינקה גושים</ItemName>
      <ManufacturerName>מעדני בשר השוקת</ManufacturerName>
      <ManufactureCountry>לא ידוע</ManufactureCountry>
      <ManufacturerItemDescription>גרודינקה גושים</ManufacturerItemDescription>
      <UnitQty>קילוגרמים</UnitQty>
      <Quantity>1.00</Quantity>
      <UnitOfMeasure>ק"ג</UnitOfMeasure>
      <bIsWeighted>1</bIsWeighted>
      <QtyInPackage>לא ידוע</QtyInPackage>
      <ItemPrice>169.00</ItemPrice>
      <UnitOfMeasurePrice>169.0000</UnitOfMeasurePrice>
      <AllowDiscount>1</AllowDiscount>
      <ItemStatus>1</ItemStatus>
      <ItemId>47303</ItemId>
    </Item>
    <Item>
      <PriceUpdateDate>2024-09-02 10:50:42</PriceUpdateDate>
      <ItemCode>7290000000901</ItemCode>
      <ItemType>1</ItemType>
      <ItemName>נקניקיות שפיקצקי</ItemName>
      <ManufacturerName>מעדני בשר השוקת</ManufacturerName>
      <ManufactureCountry>לא ידוע</ManufactureCountry>
      <ManufacturerItemDescription>נקניקיות שפיקצ"קי</ManufacturerItemDescription>
      <UnitQty>קילוגרמים</UnitQty>
      <Quantity>1.00</Quantity>
      <UnitOfMeasure>ק"ג</UnitOfMeasure>
      <bIsWeighted>1</bIsWeighted>
      <QtyInPackage>לא ידוע</QtyInPackage>
      <ItemPrice>85.00</ItemPrice>
      <UnitOfMeasurePrice>85.0000</UnitOfMeasurePrice>
      <AllowDiscount>1</AllowDiscount>
      <ItemStatus>1</ItemStatus>
      <ItemId>47305</ItemId>
    </Item>
    <Item>
      <PriceUpdateDate>2024-09-02 10:50:42</PriceUpdateDate>
      <ItemCode>922</ItemCode>
      <ItemType>0</ItemType>
      <ItemName>סינטה מעושנת</ItemName>
      <ManufacturerName>מעדני בשר השוקת</ManufacturerName>
      <ManufactureCountry>לא ידוע</ManufactureCountry>
      <ManufacturerItemDescription>סינטה מעושנת</ManufacturerItemDescription>
      <UnitQty>קילוגרמים</UnitQty>
      <Quantity>1.00</Quantity>
      <UnitOfMeasure>ק"ג</UnitOfMeasure>
      <bIsWeighted>1</bIsWeighted>
      <QtyInPackage>לא ידוע</QtyInPackage>
      <ItemPrice>139.00</ItemPrice>
      <UnitOfMeasurePrice>139.0000</UnitOfMeasurePrice>
      <AllowDiscount>1</AllowDiscount>
      <ItemStatus>1</ItemStatus>
      <ItemId>47308</ItemId>
    </Item>
    <Item>
      <PriceUpdateDate>2023-12-31 12:48:06</PriceUpdateDate>
      <ItemCode>7290001361276</ItemCode>
      <ItemType>1</ItemType>
      <ItemName>כדורי שוקולד 400 גר</ItemName>
      <ManufacturerName>נטלי פלוס</ManufacturerName>
      <ManufactureCountry>לא ידוע</ManufactureCountry>
      <ManufacturerItemDescription>כדורי שוקולד 400גר</ManufacturerItemDescription>
      <UnitQty>גרמים</UnitQty>
      <Quantity>400.00</Quantity>
      <UnitOfMeasure>100 גרם</UnitOfMeasure>
      <bIsWeighted>0</bIsWeighted>
      <QtyInPackage>1</QtyInPackage>
      <ItemPrice>34.90</ItemPrice>
      <UnitOfMeasurePrice>8.7250</UnitOfMeasurePrice>
      <AllowDiscount>1</AllowDiscount>
      <ItemStatus>1</ItemStatus>
      <ItemId>47312</ItemId>
    </Item>
    <Item>
      <PriceUpdateDate>2024-11-27 12:31:33</PriceUpdateDate>
      <ItemCode>7290001361573</ItemCode>
      <ItemType>1</ItemType>
      <ItemName>וופל ריבת חלב 350 גר</ItemName>
      <ManufacturerName>נטלי פלוס</ManufacturerName>
      <ManufactureCountry>לא ידוע</ManufactureCountry>
      <ManufacturerItemDescription>וופל ריבת חלב 350 ג"</ManufacturerItemDescription>
      <UnitQty>גרמים</UnitQty>
      <Quantity>350.00</Quantity>
      <UnitOfMeasure>100 גרם</UnitOfMeasure>
      <bIsWeighted>0</bIsWeighted>
      <QtyInPackage>1</QtyInPackage>
      <ItemPrice>42.90</ItemPrice>
      <UnitOfMeasurePrice>12.2571</UnitOfMeasurePrice>
      <AllowDiscount>1</AllowDiscount>
      <ItemStatus>1</ItemStatus>
      <ItemId>47313</ItemId>
    </Item>
    <Item>
      <PriceUpdateDate>2024-11-27 12:31:33</PriceUpdateDate>
      <ItemCode>7290001361269</ItemCode>
      <ItemType>1</ItemType>
      <ItemName>פס קייבסקי 350 גר</ItemName>
      <ManufacturerName>,</ManufacturerName>
      <ManufactureCountry>לא ידוע</ManufactureCountry>
      <ManufacturerItemDescription>טורט קייב</ManufacturerItemDescription>
      <UnitQty>גרמים</UnitQty>
      <Quantity>350.00</Quantity>
      <UnitOfMeasure>100 גרם</UnitOfMeasure>
      <bIsWeighted>0</bIsWeighted>
      <QtyInPackage>1</QtyInPackage>
      <ItemPrice>52.90</ItemPrice>
      <UnitOfMeasurePrice>15.1143</UnitOfMeasurePrice>
      <AllowDiscount>1</AllowDiscount>
      <ItemStatus>1</ItemStatus>
      <ItemId>47318</ItemId>
    </Item>
    <Item>
      <PriceUpdateDate>2025-03-28 12:48:26</PriceUpdateDate>
      <ItemCode>7290016875577</ItemCode>
      <ItemType>1</ItemType>
      <ItemName>כדורי לאבנה בקר בשמן</ItemName>
      <ManufacturerName>,</ManufacturerName>
      <ManufactureCountry>לא ידוע</ManufactureCountry>
      <ManufacturerItemDescription>כדורי לאבנה בקר בשמן 380 גר</ManufacturerItemDescription>
      <UnitQty>גרמים</UnitQty>
      <Quantity>380.00</Quantity>
      <UnitOfMeasure>100 גרם</UnitOfMeasure>
      <bIsWeighted>0</bIsWeighted>
      <QtyInPackage>1</QtyInPackage>
      <ItemPrice>29.90</ItemPrice>
      <UnitOfMeasurePrice>7.8684</UnitOfMeasurePrice>
      <AllowDiscount>1</AllowDiscount>
      <ItemStatus>1</ItemStatus>
      <ItemId>97532</ItemId>
    </Item>
    <Item>
      <PriceUpdateDate>2025-08-21 10:53:11</PriceUpdateDate>
      <ItemCode>7290000319131</ItemCode>
      <ItemType>1</ItemType>
      <ItemName>נקניק עוף 400 גר</ItemName>
      <ManufacturerName>מעדני יחיעם 1993</ManufacturerName>
      <ManufactureCountry>לא ידוע</ManufactureCountry>
      <ManufacturerItemDescription>נקניק עוף 400 ג"ר</ManufacturerItemDescription>
      <UnitQty>גרמים</UnitQty>
      <Quantity>400.00</Quantity>
      <UnitOfMeasure>100 גרם</UnitOfMeasure>
      <bIsWeighted>0</bIsWeighted>
      <QtyInPackage>1</QtyInPackage>
      <ItemPrice>15.90</ItemPrice>
      <UnitOfMeasurePrice>3.9750</UnitOfMeasurePrice>
      <AllowDiscount>1</AllowDiscount>
      <ItemStatus>1</ItemStatus>
      <ItemId>47409</ItemId>
    </Item>
    <Item>
      <PriceUpdateDate>2025-11-06 09:04:44</PriceUpdateDate>
      <ItemCode>4823077649097</ItemCode>
      <ItemType>1</ItemType>
      <ItemName>מתנה מס 1 274 גר</ItemName>
      <ManufacturerName>,</ManufacturerName>
      <ManufactureCountry>לא ידוע</ManufactureCountry>
      <ManufacturerItemDescription>מתנה מס 1 274 גר</ManufacturerItemDescription>
      <UnitQty>גרמים</UnitQty>
      <Quantity>274.00</Quantity>
      <UnitOfMeasure>100 גרם</UnitOfMeasure>
      <bIsWeighted>0</bIsWeighted>
      <QtyInPackage>1</QtyInPackage>
      <ItemPrice>24.90</ItemPrice>
      <UnitOfMeasurePrice>9.0876</UnitOfMeasurePrice>
      <AllowDiscount>1</AllowDiscount>
      <ItemStatus>1</ItemStatus>
      <ItemId>102455</ItemId>
    </Item>
    <Item>
      <PriceUpdateDate>2023-12-31 12:48:07</PriceUpdateDate>
      <ItemCode>7290000318677</ItemCode>
      <ItemType>1</ItemType>
      <ItemName>סרוולט 150 גר</ItemName>
      <ManufacturerName>מעדני יחיעם 1993</ManufacturerName>
      <ManufactureCountry>לא ידוע</ManufactureCountry>
      <ManufacturerItemDescription>סרוולד 150 גרם</ManufacturerItemDescription>
      <UnitQty>גרמים</UnitQty>
      <Quantity>150.00</Quantity>
      <UnitOfMeasure>100 גרם</UnitOfMeasure>
      <bIsWeighted>0</bIsWeighted>
      <QtyInPackage>1</QtyInPackage>
      <ItemPrice>31.90</ItemPrice>
      <UnitOfMeasurePrice>21.2667</UnitOfMeasurePrice>
      <AllowDiscount>1</AllowDiscount>
      <ItemStatus>1</ItemStatus>
      <ItemId>47490</ItemId>
    </Item>
    <Item>
      <PriceUpdateDate>2025-04-29 08:26:31</PriceUpdateDate>
      <ItemCode>3666140033673</ItemCode>
      <ItemType>1</ItemType>
      <ItemName>יין דה פאייל 750 מל</ItemName>
      <ManufacturerName>,</ManufacturerName>
      <ManufactureCountry>לא ידוע</ManufactureCountry>
      <ManufacturerItemDescription>יין דה פאייל 750 מל</ManufacturerItemDescription>
      <UnitQty>מיליליטרים</UnitQty>
      <Quantity>750.00</Quantity>
      <UnitOfMeasure>100 מ"ל</UnitOfMeasure>
      <bIsWeighted>0</bIsWeighted>
      <QtyInPackage>1</QtyInPackage>
      <ItemPrice>74.90</ItemPrice>
      <UnitOfMeasurePrice>9.9867</UnitOfMeasurePrice>
      <AllowDiscount>1</AllowDiscount>
      <ItemStatus>1</ItemStatus>
      <ItemId>98199</ItemId>
    </Item>
    <Item>
      <PriceUpdateDate>2024-11-27 12:31:33</PriceUpdateDate>
      <ItemCode>7290001361092</ItemCode>
      <ItemType>1</ItemType>
      <ItemName>עוגת פיצוץ פס 400 גר</ItemName>
      <ManufacturerName>נטלי פלוס</ManufacturerName>
      <ManufactureCountry>לא ידוע</ManufactureCountry>
      <ManufacturerItemDescription>עוגת פיצוץ פס</ManufacturerItemDescription>
      <UnitQty>גרמים</UnitQty>
      <Quantity>400.00</Quantity>
      <UnitOfMeasure>100 גרם</UnitOfMeasure>
      <bIsWeighted>0</bIsWeighted>
      <QtyInPackage>1</QtyInPackage>
      <ItemPrice>52.90</ItemPrice>
      <UnitOfMeasurePrice>13.2250</UnitOfMeasurePrice>
      <AllowDiscount>1</AllowDiscount>
      <ItemStatus>1</ItemStatus>
      <ItemId>47550</ItemId>
    </Item>
    <Item>
      <PriceUpdateDate>2025-11-06 09:04:44</PriceUpdateDate>
      <ItemCode>4823077649110</ItemCode>
      <ItemType>1</ItemType>
      <ItemName>מתנה מס 2 330 גר</ItemName>
      <ManufacturerName>,</ManufacturerName>
      <ManufactureCountry>לא ידוע</ManufactureCountry>
      <ManufacturerItemDescription>מתנה מס 2 330 גר</ManufacturerItemDescription>
      <UnitQty>גרמים</UnitQty>
      <Quantity>330.00</Quantity>
      <UnitOfMeasure>100 גרם</UnitOfMeasure>
      <bIsWeighted>0</bIsWeighted>
      <QtyInPackage>1</QtyInPackage>
      <ItemPrice>29.90</ItemPrice>
      <UnitOfMeasurePrice>9.0606</UnitOfMeasurePrice>
      <AllowDiscount>1</AllowDiscount>
      <ItemStatus>1</ItemStatus>
      <ItemId>102456</ItemId>
    </Item>
    <Item>
      <PriceUpdateDate>2024-11-27 12:31:33</PriceUpdateDate>
      <ItemCode>7290001361177</ItemCode>
      <ItemType>1</ItemType>
      <ItemName>עוגת דובדבנים פס 650</ItemName>
      <ManufacturerName>נטלי פלוס</ManufacturerName>
      <ManufactureCountry>לא ידוע</ManufactureCountry>
      <ManufacturerItemDescription>עוגת דובדבנים פס</ManufacturerItemDescription>
      <UnitQty>גרמים</UnitQty>
      <Quantity>650.00</Quantity>
      <UnitOfMeasure>100 גרם</UnitOfMeasure>
      <bIsWeighted>0</bIsWeighted>
      <QtyInPackage>1</QtyInPackage>
      <ItemPrice>56.90</ItemPrice>
      <UnitOfMeasurePrice>8.7538</UnitOfMeasurePrice>
      <AllowDiscount>1</AllowDiscount>
      <ItemStatus>1</ItemStatus>
      <ItemId>47572</ItemId>
    </Item>
    <Item>
      <PriceUpdateDate>2025-09-19 12:06:08</PriceUpdateDate>
      <ItemCode>7290002353836</ItemCode>
      <ItemType>1</ItemType>
      <ItemName>סרדין רוברט בשמן זית</ItemName>
      <ManufacturerName>קונסוורס</ManufacturerName>
      <ManufactureCountry>לא ידוע</ManufactureCountry>
      <ManufacturerItemDescription>סרדין "רוברט" בשמן ז</ManufacturerItemDescription>
      <UnitQty>גרמים</UnitQty>
      <Quantity>120.00</Quantity>
      <UnitOfMeasure>100 גרם</UnitOfMeasure>
      <bIsWeighted>0</bIsWeighted>
      <QtyInPackage>1</QtyInPackage>
      <ItemPrice>9.90</ItemPrice>
      <UnitOfMeasurePrice>8.2500</UnitOfMeasurePrice>
      <AllowDiscount>1</AllowDiscount>
      <ItemStatus>1</ItemStatus>
      <ItemId>47635</ItemId>
    </Item>
    <Item>
      <PriceUpdateDate>2025-09-19 12:19:57</PriceUpdateDate>
      <ItemCode>8715454001283</ItemCode>
      <ItemType>1</ItemType>
      <ItemName>חטיף אדם הולנדי 5*20</ItemName>
      <ManufacturerName>,</ManufacturerName>
      <ManufactureCountry>לא ידוע</ManufactureCountry>
      <ManufacturerItemDescription>חטיף אדם הולנדי 5*20 גר</ManufacturerItemDescription>
      <UnitQty>גרמים</UnitQty>
      <Quantity>100.00</Quantity>
      <UnitOfMeasure>100 גרם</UnitOfMeasure>
      <bIsWeighted>0</bIsWeighted>
      <QtyInPackage>1</QtyInPackage>
      <ItemPrice>16.90</ItemPrice>
      <UnitOfMeasurePrice>16.9000</UnitOfMeasurePrice>
      <AllowDiscount>1</AllowDiscount>
      <ItemStatus>1</ItemStatus>
      <ItemId>101287</ItemId>
    </Item>
    <Item>
      <PriceUpdateDate>2025-09-19 12:19:57</PriceUpdateDate>
      <ItemCode>8715454001276</ItemCode>
      <ItemType>1</ItemType>
      <ItemName>חטיף גאודה הולנדי 5*</ItemName>
      <ManufacturerName>,</ManufacturerName>
      <ManufactureCountry>לא ידוע</ManufactureCountry>
      <ManufacturerItemDescription>חטיף גאודה הולנדי 5*20 גר</ManufacturerItemDescription>
      <UnitQty>גרמים</UnitQty>
      <Quantity>100.00</Quantity>
      <UnitOfMeasure>100 גרם</UnitOfMeasure>
      <bIsWeighted>0</bIsWeighted>
      <QtyInPackage>1</QtyInPackage>
      <ItemPrice>16.90</ItemPrice>
      <UnitOfMeasurePrice>16.9000</UnitOfMeasurePrice>
      <AllowDiscount>1</AllowDiscount>
      <ItemStatus>1</ItemStatus>
      <ItemId>101288</ItemId>
    </Item>
    <Item>
      <PriceUpdateDate>2023-12-31 12:48:09</PriceUpdateDate>
      <ItemCode>7290000318127</ItemCode>
      <ItemType>1</ItemType>
      <ItemName>נקנקיות ביס 380 גר</ItemName>
      <ManufacturerName>מעדני יחיעם 1993</ManufacturerName>
      <ManufactureCountry>לא ידוע</ManufactureCountry>
      <ManufacturerItemDescription>נקנקיות ביס 380 גר</ManufacturerItemDescription>
      <UnitQty>גרמים</UnitQty>
      <Quantity>380.00</Quantity>
      <UnitOfMeasure>100 גרם</UnitOfMeasure>
      <bIsWeighted>0</bIsWeighted>
      <QtyInPackage>1</QtyInPackage>
      <ItemPrice>14.90</ItemPrice>
      <UnitOfMeasurePrice>3.9211</UnitOfMeasurePrice>
      <AllowDiscount>1</AllowDiscount>
      <ItemStatus>1</ItemStatus>
      <ItemId>47727</ItemId>
    </Item>
    <Item>
      <PriceUpdateDate>2024-08-01 14:28:06</PriceUpdateDate>
      <ItemCode>7290000319063</ItemCode>
      <ItemType>1</ItemType>
      <ItemName>כתף בקר מפולפל יחיעם</ItemName>
      <ManufacturerName>,</ManufacturerName>
      <ManufactureCountry>לא ידוע</ManufactureCountry>
      <ManufacturerItemDescription>כתף בקר מפולפל יחיעם 150 גר</ManufacturerItemDescription>
      <UnitQty>גרמים</UnitQty>
      <Quantity>150.00</Quantity>
      <UnitOfMeasure>100 גרם</UnitOfMeasure>
      <bIsWeighted>0</bIsWeighted>
      <QtyInPackage>1</QtyInPackage>
      <ItemPrice>30.90</ItemPrice>
      <UnitOfMeasurePrice>20.6000</UnitOfMeasurePrice>
      <AllowDiscount>1</AllowDiscount>
      <ItemStatus>1</ItemStatus>
      <ItemId>47751</ItemId>
    </Item>
    <Item>
      <PriceUpdateDate>2023-12-31 12:48:09</PriceUpdateDate>
      <ItemCode>7290000319520</ItemCode>
      <ItemType>1</ItemType>
      <ItemName>צרפתי 100 גר</ItemName>
      <ManufacturerName>מעדני יחיעם 1993</ManufacturerName>
      <ManufactureCountry>לא ידוע</ManufactureCountry>
      <ManufacturerItemDescription>צרפתי 100 גרם</ManufacturerItemDescription>
      <UnitQty>גרמים</UnitQty>
      <Quantity>100.00</Quantity>
      <UnitOfMeasure>100 גרם</UnitOfMeasure>
      <bIsWeighted>0</bIsWeighted>
      <QtyInPackage>1</QtyInPackage>
      <ItemPrice>25.90</ItemPrice>
      <UnitOfMeasurePrice>25.9000</UnitOfMeasurePrice>
      <AllowDiscount>1</AllowDiscount>
      <ItemStatus>1</ItemStatus>
      <ItemId>47752</ItemId>
    </Item>
    <Item>
      <PriceUpdateDate>2025-06-03 08:35:09</PriceUpdateDate>
      <ItemCode>7290000554686</ItemCode>
      <ItemType>1</ItemType>
      <ItemName>לאבנה בשמן זית וזעתר</ItemName>
      <ManufacturerName>,</ManufacturerName>
      <ManufactureCountry>לא ידוע</ManufactureCountry>
      <ManufacturerItemDescription>לאבנה בשמן זית וזעתר 5% 250 גר</ManufacturerItemDescription>
      <UnitQty>גרמים</UnitQty>
      <Quantity>250.00</Quantity>
      <UnitOfMeasure>100 גרם</UnitOfMeasure>
      <bIsWeighted>0</bIsWeighted>
      <QtyInPackage>1</QtyInPackage>
      <ItemPrice>17.90</ItemPrice>
      <UnitOfMeasurePrice>7.1600</UnitOfMeasurePrice>
      <AllowDiscount>1</AllowDiscount>
      <ItemStatus>1</ItemStatus>
      <ItemId>47774</ItemId>
    </Item>
    <Item>
      <PriceUpdateDate>2023-12-31 12:48:09</PriceUpdateDate>
      <ItemCode>7290002966012</ItemCode>
      <ItemType>1</ItemType>
      <ItemName>דמוי קוויאר שחור 125</ItemName>
      <ManufacturerName>,</ManufacturerName>
      <ManufactureCountry>לא ידוע</ManufactureCountry>
      <ManufacturerItemDescription>קוויאר שחור (דמוי) 130 גר</ManufacturerItemDescription>
      <UnitQty>גרמים</UnitQty>
      <Quantity>125.00</Quantity>
      <UnitOfMeasure>100 גרם</UnitOfMeasure>
      <bIsWeighted>0</bIsWeighted>
      <QtyInPackage>1</QtyInPackage>
      <ItemPrice>14.90</ItemPrice>
      <UnitOfMeasurePrice>11.9200</UnitOfMeasurePrice>
      <AllowDiscount>1</AllowDiscount>
      <ItemStatus>1</ItemStatus>
      <ItemId>47803</ItemId>
    </Item>
    <Item>
      <PriceUpdateDate>2025-09-19 12:19:57</PriceUpdateDate>
      <ItemCode>8715454001290</ItemCode>
      <ItemType>1</ItemType>
      <ItemName>חטיף צדר אירלנד 5*20</ItemName>
      <ManufacturerName>,</ManufacturerName>
      <ManufactureCountry>לא ידוע</ManufactureCountry>
      <ManufacturerItemDescription>חטיף צדר אירלנד 5*20 גר</ManufacturerItemDescription>
      <UnitQty>גרמים</UnitQty>
      <Quantity>100.00</Quantity>
      <UnitOfMeasure>100 גרם</UnitOfMeasure>
      <bIsWeighted>0</bIsWeighted>
      <QtyInPackage>1</QtyInPackage>
      <ItemPrice>16.90</ItemPrice>
      <UnitOfMeasurePrice>16.9000</UnitOfMeasurePrice>
      <AllowDiscount>1</AllowDiscount>
      <ItemStatus>1</ItemStatus>
      <ItemId>101289</ItemId>
    </Item>
    <Item>
      <PriceUpdateDate>2024-11-27 12:31:34</PriceUpdateDate>
      <ItemCode>7290001361931</ItemCode>
      <ItemType>1</ItemType>
      <ItemName>פחזניות במילוי גבינה</ItemName>
      <ManufacturerName>נטלי פלוס</ManufacturerName>
      <ManufactureCountry>לא ידוע</ManufactureCountry>
      <ManufacturerItemDescription>פחזניות במילוי גבינה</ManufacturerItemDescription>
      <UnitQty>גרמים</UnitQty>
      <Quantity>350.00</Quantity>
      <UnitOfMeasure>100 גרם</UnitOfMeasure>
      <bIsWeighted>0</bIsWeighted>
      <QtyInPackage>1</QtyInPackage>
      <ItemPrice>44.90</ItemPrice>
      <UnitOfMeasurePrice>12.8286</UnitOfMeasurePrice>
      <AllowDiscount>1</AllowDiscount>
      <ItemStatus>1</ItemStatus>
      <ItemId>47849</ItemId>
    </Item>
    <Item>
      <PriceUpdateDate>2024-11-03 14:19:34</PriceUpdateDate>
      <ItemCode>7290004051044</ItemCode>
      <ItemType>1</ItemType>
      <ItemName>סלמי הונגרי פרוס 170</ItemName>
      <ManufacturerName>ישרקו שיווק מותגי מז</ManufacturerName>
      <ManufactureCountry>לא ידוע</ManufactureCountry>
      <ManufacturerItemDescription>סלמי הונגרי פרוס 170</ManufacturerItemDescription>
      <UnitQty>גרמים</UnitQty>
      <Quantity>170.00</Quantity>
      <UnitOfMeasure>100 גרם</UnitOfMeasure>
      <bIsWeighted>0</bIsWeighted>
      <QtyInPackage>1</QtyInPackage>
      <ItemPrice>44.90</ItemPrice>
      <UnitOfMeasurePrice>26.4118</UnitOfMeasurePrice>
      <AllowDiscount>1</AllowDiscount>
      <ItemStatus>1</ItemStatus>
      <ItemId>47893</ItemId>
    </Item>
    <Item>
      <PriceUpdateDate>2025-03-19 15:11:46</PriceUpdateDate>
      <ItemCode>4820179259575</ItemCode>
      <ItemType>1</ItemType>
      <ItemName>מרק נמס ריווה בטעם ע</ItemName>
      <ManufacturerName>,</ManufacturerName>
      <ManufactureCountry>לא ידוע</ManufactureCountry>
      <ManufacturerItemDescription>מרק נמס ריווה בטעם עוף עם אטריות 17 גר</ManufacturerItemDescription>
      <UnitQty>גרמים</UnitQty>
      <Quantity>17.00</Quantity>
      <UnitOfMeasure>100 גרם</UnitOfMeasure>
      <bIsWeighted>0</bIsWeighted>
      <QtyInPackage>1</QtyInPackage>
      <ItemPrice>2.90</ItemPrice>
      <UnitOfMeasurePrice>17.0588</UnitOfMeasurePrice>
      <AllowDiscount>1</AllowDiscount>
      <ItemStatus>1</ItemStatus>
      <ItemId>97413</ItemId>
    </Item>
    <Item>
      <PriceUpdateDate>2024-07-23 17:23:58</PriceUpdateDate>
      <ItemCode>7290002075233</ItemCode>
      <ItemType>1</ItemType>
      <ItemName>שוקולדים אייסקונפקט</ItemName>
      <ManufacturerName>,</ManufacturerName>
      <ManufactureCountry>לא ידוע</ManufactureCountry>
      <ManufacturerItemDescription>איס חום ריבוע 250גר</ManufacturerItemDescription>
      <UnitQty>גרמים</UnitQty>
      <Quantity>250.00</Quantity>
      <UnitOfMeasure>100 גרם</UnitOfMeasure>
      <bIsWeighted>0</bIsWeighted>
      <QtyInPackage>1</QtyInPackage>
      <ItemPrice>19.90</ItemPrice>
      <UnitOfMeasurePrice>7.9600</UnitOfMeasurePrice>
      <AllowDiscount>1</AllowDiscount>
      <ItemStatus>1</ItemStatus>
      <ItemId>47915</ItemId>
    </Item>
    <Item>
      <PriceUpdateDate>2023-12-31 12:48:10</PriceUpdateDate>
      <ItemCode>7290002130567</ItemCode>
      <ItemType>1</ItemType>
      <ItemName>דבש טהור יד מרדכי 35</ItemName>
      <ManufacturerName>STRAUSS-ISRAEL</ManufacturerName>
      <ManufactureCountry>לא ידוע</ManufactureCountry>
      <ManufacturerItemDescription>דבש טהור 350 ג"ר</ManufacturerItemDescription>
      <UnitQty>גרמים</UnitQty>
      <Quantity>350.00</Quantity>
      <UnitOfMeasure>100 גרם</UnitOfMeasure>
      <bIsWeighted>0</bIsWeighted>
      <QtyInPackage>1</QtyInPackage>
      <ItemPrice>19.90</ItemPrice>
      <UnitOfMeasurePrice>5.6857</UnitOfMeasurePrice>
      <AllowDiscount>1</AllowDiscount>
      <ItemStatus>1</ItemStatus>
      <ItemId>47920</ItemId>
    </Item>
    <Item>
      <PriceUpdateDate>2025-02-17 08:34:54</PriceUpdateDate>
      <ItemCode>4600583944812</ItemCode>
      <ItemType>1</ItemType>
      <ItemName>סוכריות מיקס 168 גר</ItemName>
      <ManufacturerName>,</ManufacturerName>
      <ManufactureCountry>לא ידוע</ManufactureCountry>
      <ManufacturerItemDescription>סוכריות מיקס 168 גר</ManufacturerItemDescription>
      <UnitQty>גרמים</UnitQty>
      <Quantity>168.00</Quantity>
      <UnitOfMeasure>100 גרם</UnitOfMeasure>
      <bIsWeighted>0</bIsWeighted>
      <QtyInPackage>1</QtyInPackage>
      <ItemPrice>12.90</ItemPrice>
      <UnitOfMeasurePrice>7.6786</UnitOfMeasurePrice>
      <AllowDiscount>1</AllowDiscount>
      <ItemStatus>1</ItemStatus>
      <ItemId>97069</ItemId>
    </Item>
    <Item>
      <PriceUpdateDate>2023-12-31 12:48:10</PriceUpdateDate>
      <ItemCode>7290002331018</ItemCode>
      <ItemType>1</ItemType>
      <ItemName>מים מינירלים נביעות</ItemName>
      <ManufacturerName>נביעות</ManufacturerName>
      <ManufactureCountry>לא ידוע</ManufactureCountry>
      <ManufacturerItemDescription>מים מינירלים נביעות 500 מל</ManufacturerItemDescription>
      <UnitQty>מיליליטרים</UnitQty>
      <Quantity>500.00</Quantity>
      <UnitOfMeasure>100 מ"ל</UnitOfMeasure>
      <bIsWeighted>0</bIsWeighted>
      <QtyInPackage>1</QtyInPackage>
      <ItemPrice>3.90</ItemPrice>
      <UnitOfMeasurePrice>0.7800</UnitOfMeasurePrice>
      <AllowDiscount>1</AllowDiscount>
      <ItemStatus>1</ItemStatus>
      <ItemId>47936</ItemId>
    </Item>
    <Item>
      <PriceUpdateDate>2024-11-27 12:31:34</PriceUpdateDate>
      <ItemCode>7290001361016</ItemCode>
      <ItemType>1</ItemType>
      <ItemName>עוגות גינגית פס 600</ItemName>
      <ManufacturerName>נטלי פלוס</ManufacturerName>
      <ManufactureCountry>לא ידוע</ManufactureCountry>
      <ManufacturerItemDescription>עוגות גינגית פס 600 גר</ManufacturerItemDescription>
      <UnitQty>גרמים</UnitQty>
      <Quantity>600.00</Quantity>
      <UnitOfMeasure>100 גרם</UnitOfMeasure>
      <bIsWeighted>0</bIsWeighted>
      <QtyInPackage>1</QtyInPackage>
      <ItemPrice>52.90</ItemPrice>
      <UnitOfMeasurePrice>8.8167</UnitOfMeasurePrice>
      <AllowDiscount>1</AllowDiscount>
      <ItemStatus>1</ItemStatus>
      <ItemId>47965</ItemId>
    </Item>
    <Item>
      <PriceUpdateDate>2024-11-27 12:31:34</PriceUpdateDate>
      <ItemCode>7290001361580</ItemCode>
      <ItemType>1</ItemType>
      <ItemName>עוגת פס היער השחור נ</ItemName>
      <ManufacturerName>,</ManufacturerName>
      <ManufactureCountry>לא ידוע</ManufactureCountry>
      <ManufacturerItemDescription>עוגת פס היער השחור נטלי 550 גר</ManufacturerItemDescription>
      <UnitQty>גרמים</UnitQty>
      <Quantity>550.00</Quantity>
      <UnitOfMeasure>100 גרם</UnitOfMeasure>
      <bIsWeighted>0</bIsWeighted>
      <QtyInPackage>1</QtyInPackage>
      <ItemPrice>52.90</ItemPrice>
      <UnitOfMeasurePrice>9.6182</UnitOfMeasurePrice>
      <AllowDiscount>1</AllowDiscount>
      <ItemStatus>1</ItemStatus>
      <ItemId>47968</ItemId>
    </Item>
    <Item>
      <PriceUpdateDate>2024-01-02 00:47:44</PriceUpdateDate>
      <ItemCode>7290001361924</ItemCode>
      <ItemType>1</ItemType>
      <ItemName>עוגת פס גבינה פירורי</ItemName>
      <ManufacturerName>נטלי פלוס</ManufacturerName>
      <ManufactureCountry>לא ידוע</ManufactureCountry>
      <ManufacturerItemDescription>עוגת פס גבינה פירורים 450 גר</ManufacturerItemDescription>
      <UnitQty>גרמים</UnitQty>
      <Quantity>450.00</Quantity>
      <UnitOfMeasure>100 גרם</UnitOfMeasure>
      <bIsWeighted>0</bIsWeighted>
      <QtyInPackage>1</QtyInPackage>
      <ItemPrice>44.90</ItemPrice>
      <UnitOfMeasurePrice>9.9778</UnitOfMeasurePrice>
      <AllowDiscount>1</AllowDiscount>
      <ItemStatus>1</ItemStatus>
      <ItemId>47969</ItemId>
    </Item>
    <Item>
      <PriceUpdateDate>2025-02-17 08:34:54</PriceUpdateDate>
      <ItemCode>4660007029532</ItemCode>
      <ItemType>1</ItemType>
      <ItemName>משקה מורס אובלפיחה 1</ItemName>
      <ManufacturerName>,</ManufacturerName>
      <ManufactureCountry>לא ידוע</ManufactureCountry>
      <ManufacturerItemDescription>משקה מורס אובלפיחה 1 ל</ManufacturerItemDescription>
      <UnitQty>ליטרים</UnitQty>
      <Quantity>1.00</Quantity>
      <UnitOfMeasure>ליטר    </UnitOfMeasure>
      <bIsWeighted>0</bIsWeighted>
      <QtyInPackage>1</QtyInPackage>
      <ItemPrice>17.90</ItemPrice>
      <UnitOfMeasurePrice>17.9000</UnitOfMeasurePrice>
      <AllowDiscount>1</AllowDiscount>
      <ItemStatus>1</ItemStatus>
      <ItemId>97071</ItemId>
    </Item>
    <Item>
      <PriceUpdateDate>2025-03-19 15:11:46</PriceUpdateDate>
      <ItemCode>4820179259582</ItemCode>
      <ItemType>1</ItemType>
      <ItemName>מרק נמס ריווה בטעם ע</ItemName>
      <ManufacturerName>,</ManufacturerName>
      <ManufactureCountry>לא ידוע</ManufactureCountry>
      <ManufacturerItemDescription>מרק נמס ריווה בטעם עוף עם קרוטונים 17 גר</ManufacturerItemDescription>
      <UnitQty>גרמים</UnitQty>
      <Quantity>17.00</Quantity>
      <UnitOfMeasure>100 גרם</UnitOfMeasure>
      <bIsWeighted>0</bIsWeighted>
      <QtyInPackage>1</QtyInPackage>
      <ItemPrice>2.90</ItemPrice>
      <UnitOfMeasurePrice>17.0588</UnitOfMeasurePrice>
      <AllowDiscount>1</AllowDiscount>
      <ItemStatus>1</ItemStatus>
      <ItemId>97414</ItemId>
    </Item>
    <Item>
      <PriceUpdateDate>2025-02-17 08:34:54</PriceUpdateDate>
      <ItemCode>4660007029495</ItemCode>
      <ItemType>1</ItemType>
      <ItemName>משקה מורס חמוציות 1</ItemName>
      <ManufacturerName>,</ManufacturerName>
      <ManufactureCountry>לא ידוע</ManufactureCountry>
      <ManufacturerItemDescription>משקה מורס חמוציות 1 ל</ManufacturerItemDescription>
      <UnitQty>ליטרים</UnitQty>
      <Quantity>1.00</Quantity>
      <UnitOfMeasure>ליטר    </UnitOfMeasure>
      <bIsWeighted>0</bIsWeighted>
      <QtyInPackage>1</QtyInPackage>
      <ItemPrice>17.90</ItemPrice>
      <UnitOfMeasurePrice>17.9000</UnitOfMeasurePrice>
      <AllowDiscount>1</AllowDiscount>
      <ItemStatus>1</ItemStatus>
      <ItemId>97072</ItemId>
    </Item>
    <Item>
      <PriceUpdateDate>2024-11-03 14:19:34</PriceUpdateDate>
      <ItemCode>7290004050788</ItemCode>
      <ItemType>1</ItemType>
      <ItemName>בייקון פרוס 170 גר</ItemName>
      <ManufacturerName>ישרקו שיווק מותגי מז</ManufacturerName>
      <ManufactureCountry>לא ידוע</ManufactureCountry>
      <ManufacturerItemDescription>בייקון פרוס 170 ג"ר</ManufacturerItemDescription>
      <UnitQty>גרמים</UnitQty>
      <Quantity>170.00</Quantity>
      <UnitOfMeasure>100 גרם</UnitOfMeasure>
      <bIsWeighted>0</bIsWeighted>
      <QtyInPackage>1</QtyInPackage>
      <ItemPrice>69.90</ItemPrice>
      <UnitOfMeasurePrice>41.1176</UnitOfMeasurePrice>
      <AllowDiscount>1</AllowDiscount>
      <ItemStatus>1</ItemStatus>
      <ItemId>48107</ItemId>
    </Item>
    <Item>
      <PriceUpdateDate>2024-11-03 14:19:34</PriceUpdateDate>
      <ItemCode>7290004050955</ItemCode>
      <ItemType>1</ItemType>
      <ItemName>פטה כבד עוף 170 גר</ItemName>
      <ManufacturerName>ישרקו שיווק מותגי מז</ManufacturerName>
      <ManufactureCountry>לא ידוע</ManufactureCountry>
      <ManufacturerItemDescription>פטה כבד עוף 170 גר"</ManufacturerItemDescription>
      <UnitQty>גרמים</UnitQty>
      <Quantity>170.00</Quantity>
      <UnitOfMeasure>100 גרם</UnitOfMeasure>
      <bIsWeighted>0</bIsWeighted>
      <QtyInPackage>1</QtyInPackage>
      <ItemPrice>21.90</ItemPrice>
      <UnitOfMeasurePrice>12.8824</UnitOfMeasurePrice>
      <AllowDiscount>1</AllowDiscount>
      <ItemStatus>1</ItemStatus>
      <ItemId>48108</ItemId>
    </Item>
    <Item>
      <PriceUpdateDate>2024-11-03 14:19:34</PriceUpdateDate>
      <ItemCode>7290004051365</ItemCode>
      <ItemType>1</ItemType>
      <ItemName>קרפצו פרוס 120 גר</ItemName>
      <ManufacturerName>ישרקו שיווק מותגי מז</ManufacturerName>
      <ManufactureCountry>לא ידוע</ManufactureCountry>
      <ManufacturerItemDescription>קרפצ"ו פרוס 120 ג"ר</ManufacturerItemDescription>
      <UnitQty>גרמים</UnitQty>
      <Quantity>120.00</Quantity>
      <UnitOfMeasure>100 גרם</UnitOfMeasure>
      <bIsWeighted>0</bIsWeighted>
      <QtyInPackage>1</QtyInPackage>
      <ItemPrice>49.90</ItemPrice>
      <UnitOfMeasurePrice>41.5833</UnitOfMeasurePrice>
      <AllowDiscount>1</AllowDiscount>
      <ItemStatus>1</ItemStatus>
      <ItemId>48109</ItemId>
    </Item>
    <Item>
      <PriceUpdateDate>2024-11-03 14:19:34</PriceUpdateDate>
      <ItemCode>7290004051419</ItemCode>
      <ItemType>1</ItemType>
      <ItemName>ממרח כבד מיני 220 גר</ItemName>
      <ManufacturerName>ישרקו שיווק מותגי מז</ManufacturerName>
      <ManufactureCountry>לא ידוע</ManufactureCountry>
      <ManufacturerItemDescription>ממרח כבד מיני 220 ג"</ManufacturerItemDescription>
      <UnitQty>גרמים</UnitQty>
      <Quantity>220.00</Quantity>
      <UnitOfMeasure>100 גרם</UnitOfMeasure>
      <bIsWeighted>0</bIsWeighted>
      <QtyInPackage>1</QtyInPackage>
      <ItemPrice>24.90</ItemPrice>
      <UnitOfMeasurePrice>11.3182</UnitOfMeasurePrice>
      <AllowDiscount>1</AllowDiscount>
      <ItemStatus>1</ItemStatus>
      <ItemId>48110</ItemId>
    </Item>
    <Item>
      <PriceUpdateDate>2024-11-03 14:19:34</PriceUpdateDate>
      <ItemCode>7290004054267</ItemCode>
      <ItemType>1</ItemType>
      <ItemName>נקניקיות פרנקפורט 90</ItemName>
      <ManufacturerName>ישרקו שיווק מותגי מז</ManufacturerName>
      <ManufactureCountry>לא ידוע</ManufactureCountry>
      <ManufacturerItemDescription>נקניקיות פרנקפורט 90</ManufacturerItemDescription>
      <UnitQty>גרמים</UnitQty>
      <Quantity>900.00</Quantity>
      <UnitOfMeasure>100 גרם</UnitOfMeasure>
      <bIsWeighted>0</bIsWeighted>
      <QtyInPackage>1</QtyInPackage>
      <ItemPrice>69.90</ItemPrice>
      <UnitOfMeasurePrice>7.7667</UnitOfMeasurePrice>
      <AllowDiscount>1</AllowDiscount>
      <ItemStatus>1</ItemStatus>
      <ItemId>48118</ItemId>
    </Item>
    <Item>
      <PriceUpdateDate>2025-11-06 09:04:44</PriceUpdateDate>
      <ItemCode>4823077649134</ItemCode>
      <ItemType>1</ItemType>
      <ItemName>מתנה מס 3 330 גר</ItemName>
      <ManufacturerName>,</ManufacturerName>
      <ManufactureCountry>לא ידוע</ManufactureCountry>
      <ManufacturerItemDescription>מתנה מס 3 330 גר</ManufacturerItemDescription>
      <UnitQty>גרמים</UnitQty>
      <Quantity>330.00</Quantity>
      <UnitOfMeasure>100 גרם</UnitOfMeasure>
      <bIsWeighted>0</bIsWeighted>
      <QtyInPackage>1</QtyInPackage>
      <ItemPrice>29.90</ItemPrice>
      <UnitOfMeasurePrice>9.0606</UnitOfMeasurePrice>
      <AllowDiscount>1</AllowDiscount>
      <ItemStatus>1</ItemStatus>
      <ItemId>102457</ItemId>
    </Item>
    <Item>
      <PriceUpdateDate>2024-11-27 12:31:34</PriceUpdateDate>
      <ItemCode>7290001361009</ItemCode>
      <ItemType>1</ItemType>
      <ItemName>טורט קייבסקי 700 גר</ItemName>
      <ManufacturerName>נטלי פלוס</ManufacturerName>
      <ManufactureCountry>לא ידוע</ManufactureCountry>
      <ManufacturerItemDescription>טורט קייבסקי</ManufacturerItemDescription>
      <UnitQty>גרמים</UnitQty>
      <Quantity>700.00</Quantity>
      <UnitOfMeasure>100 גרם</UnitOfMeasure>
      <bIsWeighted>0</bIsWeighted>
      <QtyInPackage>1</QtyInPackage>
      <ItemPrice>92.90</ItemPrice>
      <UnitOfMeasurePrice>13.2714</UnitOfMeasurePrice>
      <AllowDiscount>1</AllowDiscount>
      <ItemStatus>1</ItemStatus>
      <ItemId>48162</ItemId>
    </Item>
    <Item>
      <PriceUpdateDate>2024-11-03 14:19:34</PriceUpdateDate>
      <ItemCode>7290004050887</ItemCode>
      <ItemType>1</ItemType>
      <ItemName>פרושוטו פרוס 120 גר</ItemName>
      <ManufacturerName>ישרקו שיווק מותגי מז</ManufacturerName>
      <ManufactureCountry>לא ידוע</ManufactureCountry>
      <ManufacturerItemDescription>פרושוטו פרוס 120 גר</ManufacturerItemDescription>
      <UnitQty>גרמים</UnitQty>
      <Quantity>120.00</Quantity>
      <UnitOfMeasure>100 גרם</UnitOfMeasure>
      <bIsWeighted>0</bIsWeighted>
      <QtyInPackage>1</QtyInPackage>
      <ItemPrice>54.90</ItemPrice>
      <UnitOfMeasurePrice>45.7500</UnitOfMeasurePrice>
      <AllowDiscount>1</AllowDiscount>
      <ItemStatus>1</ItemStatus>
      <ItemId>48171</ItemId>
    </Item>
    <Item>
      <PriceUpdateDate>2025-03-11 17:49:05</PriceUpdateDate>
      <ItemCode>6253361249029</ItemCode>
      <ItemType>1</ItemType>
      <ItemName>שוקולד חלב מילוי פיס</ItemName>
      <ManufacturerName>,</ManufacturerName>
      <ManufactureCountry>לא ידוע</ManufactureCountry>
      <ManufacturerItemDescription>שוקולד חלב מילוי פיסטוק כנאפה דובאי 190</ManufacturerItemDescription>
      <UnitQty>גרמים</UnitQty>
      <Quantity>190.00</Quantity>
      <UnitOfMeasure>100 גרם</UnitOfMeasure>
      <bIsWeighted>0</bIsWeighted>
      <QtyInPackage>1</QtyInPackage>
      <ItemPrice>28.90</ItemPrice>
      <UnitOfMeasurePrice>15.2105</UnitOfMeasurePrice>
      <AllowDiscount>1</AllowDiscount>
      <ItemStatus>1</ItemStatus>
      <ItemId>97257</ItemId>
    </Item>
    <Item>
      <PriceUpdateDate>2023-12-31 12:48:12</PriceUpdateDate>
      <ItemCode>7290002966098</ItemCode>
      <ItemType>1</ItemType>
      <ItemName>ממרח סולו טעם פירות</ItemName>
      <ManufacturerName>,</ManufacturerName>
      <ManufactureCountry>לא ידוע</ManufactureCountry>
      <ManufacturerItemDescription>ממרח "סולו" בטעם פיר</ManufacturerItemDescription>
      <UnitQty>גרמים</UnitQty>
      <Quantity>200.00</Quantity>
      <UnitOfMeasure>100 גרם</UnitOfMeasure>
      <bIsWeighted>0</bIsWeighted>
      <QtyInPackage>1</QtyInPackage>
      <ItemPrice>14.90</ItemPrice>
      <UnitOfMeasurePrice>7.4500</UnitOfMeasurePrice>
      <AllowDiscount>1</AllowDiscount>
      <ItemStatus>1</ItemStatus>
      <ItemId>48259</ItemId>
    </Item>
    <Item>
      <PriceUpdateDate>2025-04-01 17:47:29</PriceUpdateDate>
      <ItemCode>7290003208593</ItemCode>
      <ItemType>1</ItemType>
      <ItemName>וורמוט מרטיני אקסרה</ItemName>
      <ManufacturerName>,</ManufacturerName>
      <ManufactureCountry>לא ידוע</ManufactureCountry>
      <ManufacturerItemDescription>מרטיני לבן יבש 750 מ"ל</ManufacturerItemDescription>
      <UnitQty>מיליליטרים</UnitQty>
      <Quantity>750.00</Quantity>
      <UnitOfMeasure>100 מ"ל</UnitOfMeasure>
      <bIsWeighted>0</bIsWeighted>
      <QtyInPackage>1</QtyInPackage>
      <ItemPrice>55.90</ItemPrice>
      <UnitOfMeasurePrice>7.4533</UnitOfMeasurePrice>
      <AllowDiscount>1</AllowDiscount>
      <ItemStatus>1</ItemStatus>
      <ItemId>48278</ItemId>
    </Item>
    <Item>
      <PriceUpdateDate>2024-11-03 14:19:34</PriceUpdateDate>
      <ItemCode>7290004050856</ItemCode>
      <ItemType>1</ItemType>
      <ItemName>סלמי מילאנו פרוס 170</ItemName>
      <ManufacturerName>ישרקו שיווק מותגי מז</ManufacturerName>
      <ManufactureCountry>לא ידוע</ManufactureCountry>
      <ManufacturerItemDescription>סלמי מילאנו פרוס 170</ManufacturerItemDescription>
      <UnitQty>גרמים</UnitQty>
      <Quantity>170.00</Quantity>
      <UnitOfMeasure>100 גרם</UnitOfMeasure>
      <bIsWeighted>0</bIsWeighted>
      <QtyInPackage>1</QtyInPackage>
      <ItemPrice>44.90</ItemPrice>
      <UnitOfMeasurePrice>26.4118</UnitOfMeasurePrice>
      <AllowDiscount>1</AllowDiscount>
      <ItemStatus>1</ItemStatus>
      <ItemId>48306</ItemId>
    </Item>
    <Item>
      <PriceUpdateDate>2024-11-03 14:19:35</PriceUpdateDate>
      <ItemCode>7290004050863</ItemCode>
      <ItemType>1</ItemType>
      <ItemName>סלמי הרץ פרוס 170 גר</ItemName>
      <ManufacturerName>ישרקו שיווק מותגי מז</ManufacturerName>
      <ManufactureCountry>לא ידוע</ManufactureCountry>
      <ManufacturerItemDescription>סלמי הרץ פרוס 170 ג"</ManufacturerItemDescription>
      <UnitQty>גרמים</UnitQty>
      <Quantity>170.00</Quantity>
      <UnitOfMeasure>100 גרם</UnitOfMeasure>
      <bIsWeighted>0</bIsWeighted>
      <QtyInPackage>1</QtyInPackage>
      <ItemPrice>44.90</ItemPrice>
      <UnitOfMeasurePrice>26.4118</UnitOfMeasurePrice>
      <AllowDiscount>1</AllowDiscount>
      <ItemStatus>1</ItemStatus>
      <ItemId>48307</ItemId>
    </Item>
    <Item>
      <PriceUpdateDate>2024-11-03 14:19:35</PriceUpdateDate>
      <ItemCode>7290004051068</ItemCode>
      <ItemType>1</ItemType>
      <ItemName>שינקן מעושן 200 גר</ItemName>
      <ManufacturerName>,</ManufacturerName>
      <ManufactureCountry>לא ידוע</ManufactureCountry>
      <ManufacturerItemDescription>שינקן מעושן 200 גר</ManufacturerItemDescription>
      <UnitQty>גרמים</UnitQty>
      <Quantity>200.00</Quantity>
      <UnitOfMeasure>100 גרם</UnitOfMeasure>
      <bIsWeighted>0</bIsWeighted>
      <QtyInPackage>1</QtyInPackage>
      <ItemPrice>44.90</ItemPrice>
      <UnitOfMeasurePrice>22.4500</UnitOfMeasurePrice>
      <AllowDiscount>1</AllowDiscount>
      <ItemStatus>1</ItemStatus>
      <ItemId>48308</ItemId>
    </Item>
    <Item>
      <PriceUpdateDate>2024-11-03 14:19:35</PriceUpdateDate>
      <ItemCode>7290004052041</ItemCode>
      <ItemType>1</ItemType>
      <ItemName>קבנוס קלאסי 210 גר</ItemName>
      <ManufacturerName>ישרקו שיווק מותגי מז</ManufacturerName>
      <ManufactureCountry>לא ידוע</ManufactureCountry>
      <ManufacturerItemDescription>קבנוס קלאסי</ManufacturerItemDescription>
      <UnitQty>גרמים</UnitQty>
      <Quantity>210.00</Quantity>
      <UnitOfMeasure>100 גרם</UnitOfMeasure>
      <bIsWeighted>0</bIsWeighted>
      <QtyInPackage>1</QtyInPackage>
      <ItemPrice>42.90</ItemPrice>
      <UnitOfMeasurePrice>20.4286</UnitOfMeasurePrice>
      <AllowDiscount>1</AllowDiscount>
      <ItemStatus>1</ItemStatus>
      <ItemId>48309</ItemId>
    </Item>
    <Item>
      <PriceUpdateDate>2024-11-03 14:19:35</PriceUpdateDate>
      <ItemCode>7290004052317</ItemCode>
      <ItemType>1</ItemType>
      <ItemName>סלמי פפרוני פרוס 170</ItemName>
      <ManufacturerName>ישרקו שיווק מותגי מז</ManufacturerName>
      <ManufactureCountry>לא ידוע</ManufactureCountry>
      <ManufacturerItemDescription>סלמי פפרוני פרוס 170</ManufacturerItemDescription>
      <UnitQty>גרמים</UnitQty>
      <Quantity>170.00</Quantity>
      <UnitOfMeasure>100 גרם</UnitOfMeasure>
      <bIsWeighted>0</bIsWeighted>
      <QtyInPackage>1</QtyInPackage>
      <ItemPrice>44.90</ItemPrice>
      <UnitOfMeasurePrice>26.4118</UnitOfMeasurePrice>
      <AllowDiscount>1</AllowDiscount>
      <ItemStatus>1</ItemStatus>
      <ItemId>48310</ItemId>
    </Item>
    <Item>
      <PriceUpdateDate>2024-11-03 14:19:35</PriceUpdateDate>
      <ItemCode>7290004052836</ItemCode>
      <ItemType>1</ItemType>
      <ItemName>שמאלץ אווז 200 גר</ItemName>
      <ManufacturerName>ישרקו שיווק מותגי מז</ManufacturerName>
      <ManufactureCountry>לא ידוע</ManufactureCountry>
      <ManufacturerItemDescription>שמאלץ אווז 200 גר"</ManufacturerItemDescription>
      <UnitQty>גרמים</UnitQty>
      <Quantity>200.00</Quantity>
      <UnitOfMeasure>100 גרם</UnitOfMeasure>
      <bIsWeighted>0</bIsWeighted>
      <QtyInPackage>1</QtyInPackage>
      <ItemPrice>39.90</ItemPrice>
      <UnitOfMeasurePrice>19.9500</UnitOfMeasurePrice>
      <AllowDiscount>1</AllowDiscount>
      <ItemStatus>1</ItemStatus>
      <ItemId>48311</ItemId>
    </Item>
    <Item>
      <PriceUpdateDate>2024-05-29 16:31:49</PriceUpdateDate>
      <ItemCode>7290002331155</ItemCode>
      <ItemType>1</ItemType>
      <ItemName>מים נביעות+ בטעם אפר</ItemName>
      <ManufacturerName>נביעות</ManufacturerName>
      <ManufactureCountry>לא ידוע</ManufactureCountry>
      <ManufacturerItemDescription>נביעות אפרסק 0.5</ManufacturerItemDescription>
      <UnitQty>מיליליטרים</UnitQty>
      <Quantity>500.00</Quantity>
      <UnitOfMeasure>100 מ"ל</UnitOfMeasure>
      <bIsWeighted>0</bIsWeighted>
      <QtyInPackage>1</QtyInPackage>
      <ItemPrice>6.90</ItemPrice>
      <UnitOfMeasurePrice>1.3800</UnitOfMeasurePrice>
      <AllowDiscount>1</AllowDiscount>
      <ItemStatus>1</ItemStatus>
      <ItemId>48387</ItemId>
    </Item>
    <Item>
      <PriceUpdateDate>2024-05-29 16:31:49</PriceUpdateDate>
      <ItemCode>7290002331711</ItemCode>
      <ItemType>1</ItemType>
      <ItemName>מים בטעם ענבים נביעו</ItemName>
      <ManufacturerName>נביעות</ManufacturerName>
      <ManufactureCountry>לא ידוע</ManufactureCountry>
      <ManufacturerItemDescription>מים מינרליים "נביעות</ManufacturerItemDescription>
      <UnitQty>מיליליטרים</UnitQty>
      <Quantity>500.00</Quantity>
      <UnitOfMeasure>100 מ"ל</UnitOfMeasure>
      <bIsWeighted>0</bIsWeighted>
      <QtyInPackage>1</QtyInPackage>
      <ItemPrice>6.90</ItemPrice>
      <UnitOfMeasurePrice>1.3800</UnitOfMeasurePrice>
      <AllowDiscount>1</AllowDiscount>
      <ItemStatus>1</ItemStatus>
      <ItemId>48388</ItemId>
    </Item>
    <Item>
      <PriceUpdateDate>2025-03-19 15:11:46</PriceUpdateDate>
      <ItemCode>4820240034421</ItemCode>
      <ItemType>1</ItemType>
      <ItemName>שוקולד מילניום ורי פ</ItemName>
      <ManufacturerName>,</ManufacturerName>
      <ManufactureCountry>לא ידוע</ManufactureCountry>
      <ManufacturerItemDescription>שוקולד מילניום ורי פרי 140 גר</ManufacturerItemDescription>
      <UnitQty>גרמים</UnitQty>
      <Quantity>140.00</Quantity>
      <UnitOfMeasure>100 גרם</UnitOfMeasure>
      <bIsWeighted>0</bIsWeighted>
      <QtyInPackage>1</QtyInPackage>
      <ItemPrice>16.90</ItemPrice>
      <UnitOfMeasurePrice>12.0714</UnitOfMeasurePrice>
      <AllowDiscount>1</AllowDiscount>
      <ItemStatus>1</ItemStatus>
      <ItemId>97417</ItemId>
    </Item>
    <Item>
      <PriceUpdateDate>2024-11-03 14:19:35</PriceUpdateDate>
      <ItemCode>7290004051334</ItemCode>
      <ItemType>1</ItemType>
      <ItemName>פפרוני עגל פרוס 170</ItemName>
      <ManufacturerName>ישרקו שיווק מותגי מז</ManufacturerName>
      <ManufactureCountry>לא ידוע</ManufactureCountry>
      <ManufacturerItemDescription>פפרוני עגל פרוס 170</ManufacturerItemDescription>
      <UnitQty>גרמים</UnitQty>
      <Quantity>170.00</Quantity>
      <UnitOfMeasure>100 גרם</UnitOfMeasure>
      <bIsWeighted>0</bIsWeighted>
      <QtyInPackage>1</QtyInPackage>
      <ItemPrice>44.90</ItemPrice>
      <UnitOfMeasurePrice>26.4118</UnitOfMeasurePrice>
      <AllowDiscount>1</AllowDiscount>
      <ItemStatus>1</ItemStatus>
      <ItemId>48445</ItemId>
    </Item>
    <Item>
      <PriceUpdateDate>2024-11-11 14:58:38</PriceUpdateDate>
      <ItemCode>7290004221409</ItemCode>
      <ItemType>1</ItemType>
      <ItemName>רוטב חזרת 453 גר</ItemName>
      <ManufacturerName>וובר ספרינגפילד</ManufacturerName>
      <ManufactureCountry>לא ידוע</ManufactureCountry>
      <ManufacturerItemDescription>רוטב חזרת 453 גר</ManufacturerItemDescription>
      <UnitQty>גרמים</UnitQty>
      <Quantity>453.00</Quantity>
      <UnitOfMeasure>100 גרם</UnitOfMeasure>
      <bIsWeighted>0</bIsWeighted>
      <QtyInPackage>1</QtyInPackage>
      <ItemPrice>28.90</ItemPrice>
      <UnitOfMeasurePrice>6.3797</UnitOfMeasurePrice>
      <AllowDiscount>1</AllowDiscount>
      <ItemStatus>1</ItemStatus>
      <ItemId>48467</ItemId>
    </Item>
    <Item>
      <PriceUpdateDate>2024-05-29 16:31:49</PriceUpdateDate>
      <ItemCode>7290002331124</ItemCode>
      <ItemType>1</ItemType>
      <ItemName>מים בטעם תפוח נביעות</ItemName>
      <ManufacturerName>נביעות</ManufacturerName>
      <ManufactureCountry>לא ידוע</ManufactureCountry>
      <ManufacturerItemDescription>נביעות תפוח 0.5</ManufacturerItemDescription>
      <UnitQty>מיליליטרים</UnitQty>
      <Quantity>500.00</Quantity>
      <UnitOfMeasure>100 מ"ל</UnitOfMeasure>
      <bIsWeighted>0</bIsWeighted>
      <QtyInPackage>1</QtyInPackage>
      <ItemPrice>6.90</ItemPrice>
      <UnitOfMeasurePrice>1.3800</UnitOfMeasurePrice>
      <AllowDiscount>1</AllowDiscount>
      <ItemStatus>1</ItemStatus>
      <ItemId>48481</ItemId>
    </Item>
    <Item>
      <PriceUpdateDate>2025-11-24 11:35:52</PriceUpdateDate>
      <ItemCode>4815477012199</ItemCode>
      <ItemType>1</ItemType>
      <ItemName>דייסת להכנה מהירה שמ</ItemName>
      <ManufacturerName>,</ManufacturerName>
      <ManufactureCountry>לא ידוע</ManufactureCountry>
      <ManufacturerItemDescription>דייסת להכנה מהירה שמנת ציה אפרסק ומלון</ManufacturerItemDescription>
      <UnitQty>גרמים</UnitQty>
      <Quantity>240.00</Quantity>
      <UnitOfMeasure>100 גרם</UnitOfMeasure>
      <bIsWeighted>0</bIsWeighted>
      <QtyInPackage>1</QtyInPackage>
      <ItemPrice>19.90</ItemPrice>
      <UnitOfMeasurePrice>8.2917</UnitOfMeasurePrice>
      <AllowDiscount>1</AllowDiscount>
      <ItemStatus>1</ItemStatus>
      <ItemId>102887</ItemId>
    </Item>
    <Item>
      <PriceUpdateDate>2024-11-27 12:31:34</PriceUpdateDate>
      <ItemCode>7290001361085</ItemCode>
      <ItemType>1</ItemType>
      <ItemName>עוגת נפוליאון פס 600</ItemName>
      <ManufacturerName>נטלי פלוס</ManufacturerName>
      <ManufactureCountry>לא ידוע</ManufactureCountry>
      <ManufacturerItemDescription>עוגת נפוליאון פס</ManufacturerItemDescription>
      <UnitQty>גרמים</UnitQty>
      <Quantity>600.00</Quantity>
      <UnitOfMeasure>100 גרם</UnitOfMeasure>
      <bIsWeighted>0</bIsWeighted>
      <QtyInPackage>1</QtyInPackage>
      <ItemPrice>52.90</ItemPrice>
      <UnitOfMeasurePrice>8.8167</UnitOfMeasurePrice>
      <AllowDiscount>1</AllowDiscount>
      <ItemStatus>1</ItemStatus>
      <ItemId>48637</ItemId>
    </Item>
    <Item>
      <PriceUpdateDate>2024-11-27 12:31:34</PriceUpdateDate>
      <ItemCode>7290001361207</ItemCode>
      <ItemType>1</ItemType>
      <ItemName>עוגת פס אוכמניות 650</ItemName>
      <ManufacturerName>נטלי פלוס</ManufacturerName>
      <ManufactureCountry>לא ידוע</ManufactureCountry>
      <ManufacturerItemDescription>עוגת אוכמניות פס</ManufacturerItemDescription>
      <UnitQty>גרמים</UnitQty>
      <Quantity>650.00</Quantity>
      <UnitOfMeasure>100 גרם</UnitOfMeasure>
      <bIsWeighted>0</bIsWeighted>
      <QtyInPackage>1</QtyInPackage>
      <ItemPrice>56.90</ItemPrice>
      <UnitOfMeasurePrice>8.7538</UnitOfMeasurePrice>
      <AllowDiscount>1</AllowDiscount>
      <ItemStatus>1</ItemStatus>
      <ItemId>48639</ItemId>
    </Item>
    <Item>
      <PriceUpdateDate>2023-12-31 12:48:14</PriceUpdateDate>
      <ItemCode>7290001594391</ItemCode>
      <ItemType>1</ItemType>
      <ItemName>פריגת ענבים 500 מל</ItemName>
      <ManufacturerName>פריגת</ManufacturerName>
      <ManufactureCountry>לא ידוע</ManufactureCountry>
      <ManufacturerItemDescription>פריגת ענבים 500מל</ManufacturerItemDescription>
      <UnitQty>מיליליטרים</UnitQty>
      <Quantity>500.00</Quantity>
      <UnitOfMeasure>100 מ"ל</UnitOfMeasure>
      <bIsWeighted>0</bIsWeighted>
      <QtyInPackage>1</QtyInPackage>
      <ItemPrice>5.90</ItemPrice>
      <UnitOfMeasurePrice>1.1800</UnitOfMeasurePrice>
      <AllowDiscount>1</AllowDiscount>
      <ItemStatus>1</ItemStatus>
      <ItemId>48645</ItemId>
    </Item>
    <Item>
      <PriceUpdateDate>2025-05-19 16:22:12</PriceUpdateDate>
      <ItemCode>7290002331360</ItemCode>
      <ItemType>1</ItemType>
      <ItemName>מים מינרליים נביעות</ItemName>
      <ManufacturerName>נביעות</ManufacturerName>
      <ManufactureCountry>לא ידוע</ManufactureCountry>
      <ManufacturerItemDescription>נביעות ספורט שישייה</ManufacturerItemDescription>
      <UnitQty>ליטרים</UnitQty>
      <Quantity>3.00</Quantity>
      <UnitOfMeasure>ליטר    </UnitOfMeasure>
      <bIsWeighted>0</bIsWeighted>
      <QtyInPackage>1</QtyInPackage>
      <ItemPrice>16.90</ItemPrice>
      <UnitOfMeasurePrice>5.6333</UnitOfMeasurePrice>
      <AllowDiscount>1</AllowDiscount>
      <ItemStatus>1</ItemStatus>
      <ItemId>48675</ItemId>
    </Item>
    <Item>
      <PriceUpdateDate>2023-12-31 12:48:14</PriceUpdateDate>
      <ItemCode>7290002966005</ItemCode>
      <ItemType>1</ItemType>
      <ItemName>דמוי קוויאר אדום 125</ItemName>
      <ManufacturerName>,</ManufacturerName>
      <ManufactureCountry>לא ידוע</ManufactureCountry>
      <ManufacturerItemDescription>קוויאר אדום (דמוי) 125 גר</ManufacturerItemDescription>
      <UnitQty>גרמים</UnitQty>
      <Quantity>125.00</Quantity>
      <UnitOfMeasure>100 גרם</UnitOfMeasure>
      <bIsWeighted>0</bIsWeighted>
      <QtyInPackage>1</QtyInPackage>
      <ItemPrice>14.90</ItemPrice>
      <UnitOfMeasurePrice>11.9200</UnitOfMeasurePrice>
      <AllowDiscount>1</AllowDiscount>
      <ItemStatus>1</ItemStatus>
      <ItemId>48699</ItemId>
    </Item>
    <Item>
      <PriceUpdateDate>2023-12-31 12:48:14</PriceUpdateDate>
      <ItemCode>7290002966067</ItemCode>
      <ItemType>1</ItemType>
      <ItemName>ממרח טבעוני בטעם גבי</ItemName>
      <ManufacturerName>,</ManufacturerName>
      <ManufactureCountry>לא ידוע</ManufactureCountry>
      <ManufacturerItemDescription>ממרח "סולו" בטעם גבי</ManufacturerItemDescription>
      <UnitQty>גרמים</UnitQty>
      <Quantity>200.00</Quantity>
      <UnitOfMeasure>100 גרם</UnitOfMeasure>
      <bIsWeighted>0</bIsWeighted>
      <QtyInPackage>1</QtyInPackage>
      <ItemPrice>14.90</ItemPrice>
      <UnitOfMeasurePrice>7.4500</UnitOfMeasurePrice>
      <AllowDiscount>1</AllowDiscount>
      <ItemStatus>1</ItemStatus>
      <ItemId>48700</ItemId>
    </Item>
    <Item>
      <PriceUpdateDate>2025-04-01 17:47:29</PriceUpdateDate>
      <ItemCode>7290003208609</ItemCode>
      <ItemType>1</ItemType>
      <ItemName>וורמוט מרטיני רוסו 7</ItemName>
      <ManufacturerName>,</ManufacturerName>
      <ManufactureCountry>לא ידוע</ManufactureCountry>
      <ManufacturerItemDescription>מרטיני אדום מתוק 750 מ"ל</ManufacturerItemDescription>
      <UnitQty>מיליליטרים</UnitQty>
      <Quantity>750.00</Quantity>
      <UnitOfMeasure>100 מ"ל</UnitOfMeasure>
      <bIsWeighted>0</bIsWeighted>
      <QtyInPackage>1</QtyInPackage>
      <ItemPrice>55.90</ItemPrice>
      <UnitOfMeasurePrice>7.4533</UnitOfMeasurePrice>
      <AllowDiscount>1</AllowDiscount>
      <ItemStatus>1</ItemStatus>
      <ItemId>48714</ItemId>
    </Item>
    <Item>
      <PriceUpdateDate>2024-11-03 14:19:35</PriceUpdateDate>
      <ItemCode>7290004050948</ItemCode>
      <ItemType>1</ItemType>
      <ItemName>סלמי כפרית פרוס 170</ItemName>
      <ManufacturerName>ישרקו שיווק מותגי מז</ManufacturerName>
      <ManufactureCountry>לא ידוע</ManufactureCountry>
      <ManufacturerItemDescription>סלמי כפרית פרוס 170</ManufacturerItemDescription>
      <UnitQty>גרמים</UnitQty>
      <Quantity>170.00</Quantity>
      <UnitOfMeasure>100 גרם</UnitOfMeasure>
      <bIsWeighted>0</bIsWeighted>
      <QtyInPackage>1</QtyInPackage>
      <ItemPrice>44.90</ItemPrice>
      <UnitOfMeasurePrice>26.4118</UnitOfMeasurePrice>
      <AllowDiscount>1</AllowDiscount>
      <ItemStatus>1</ItemStatus>
      <ItemId>48751</ItemId>
    </Item>
    <Item>
      <PriceUpdateDate>2024-11-03 14:19:35</PriceUpdateDate>
      <ItemCode>7290004054885</ItemCode>
      <ItemType>1</ItemType>
      <ItemName>נקניקיות איטלקיות עם</ItemName>
      <ManufacturerName>ישרקו שיווק מותגי מז</ManufacturerName>
      <ManufactureCountry>לא ידוע</ManufactureCountry>
      <ManufacturerItemDescription>נקניקיות איטלקיות עם</ManufacturerItemDescription>
      <UnitQty>גרמים</UnitQty>
      <Quantity>400.00</Quantity>
      <UnitOfMeasure>100 גרם</UnitOfMeasure>
      <bIsWeighted>0</bIsWeighted>
      <QtyInPackage>1</QtyInPackage>
      <ItemPrice>39.90</ItemPrice>
      <UnitOfMeasurePrice>9.9750</UnitOfMeasurePrice>
      <AllowDiscount>1</AllowDiscount>
      <ItemStatus>1</ItemStatus>
      <ItemId>48753</ItemId>
    </Item>
    <Item>
      <PriceUpdateDate>2024-11-03 14:19:35</PriceUpdateDate>
      <ItemCode>7290004050870</ItemCode>
      <ItemType>1</ItemType>
      <ItemName>שינקן פולני 200 גר</ItemName>
      <ManufacturerName>,</ManufacturerName>
      <ManufactureCountry>לא ידוע</ManufactureCountry>
      <ManufacturerItemDescription>שינקן פולני 200 גר</ManufacturerItemDescription>
      <UnitQty>גרמים</UnitQty>
      <Quantity>200.00</Quantity>
      <UnitOfMeasure>100 גרם</UnitOfMeasure>
      <bIsWeighted>0</bIsWeighted>
      <QtyInPackage>1</QtyInPackage>
      <ItemPrice>44.90</ItemPrice>
      <UnitOfMeasurePrice>22.4500</UnitOfMeasurePrice>
      <AllowDiscount>1</AllowDiscount>
      <ItemStatus>1</ItemStatus>
      <ItemId>48779</ItemId>
    </Item>
    <Item>
      <PriceUpdateDate>2023-12-31 12:48:15</PriceUpdateDate>
      <ItemCode>7290004052690</ItemCode>
      <ItemType>1</ItemType>
      <ItemName>נקניקיות פרגית 600 ג</ItemName>
      <ManufacturerName>ישרקו שיווק מותגי מז</ManufacturerName>
      <ManufactureCountry>לא ידוע</ManufactureCountry>
      <ManufacturerItemDescription>נקניקיות פרגית 600 ג</ManufacturerItemDescription>
      <UnitQty>גרמים</UnitQty>
      <Quantity>600.00</Quantity>
      <UnitOfMeasure>100 גרם</UnitOfMeasure>
      <bIsWeighted>0</bIsWeighted>
      <QtyInPackage>1</QtyInPackage>
      <ItemPrice>29.90</ItemPrice>
      <UnitOfMeasurePrice>4.9833</UnitOfMeasurePrice>
      <AllowDiscount>1</AllowDiscount>
      <ItemStatus>1</ItemStatus>
      <ItemId>48780</ItemId>
    </Item>
    <Item>
      <PriceUpdateDate>2024-11-03 14:19:35</PriceUpdateDate>
      <ItemCode>7290004055271</ItemCode>
      <ItemType>1</ItemType>
      <ItemName>פניני קבנוס רו 150 ג</ItemName>
      <ManufacturerName>,</ManufacturerName>
      <ManufactureCountry>לא ידוע</ManufactureCountry>
      <ManufacturerItemDescription>פניני קבנוס רו 150 גר</ManufacturerItemDescription>
      <UnitQty>גרמים</UnitQty>
      <Quantity>150.00</Quantity>
      <UnitOfMeasure>100 גרם</UnitOfMeasure>
      <bIsWeighted>0</bIsWeighted>
      <QtyInPackage>1</QtyInPackage>
      <ItemPrice>44.90</ItemPrice>
      <UnitOfMeasurePrice>29.9333</UnitOfMeasurePrice>
      <AllowDiscount>1</AllowDiscount>
      <ItemStatus>1</ItemStatus>
      <ItemId>48781</ItemId>
    </Item>
    <Item>
      <PriceUpdateDate>2023-12-31 12:48:15</PriceUpdateDate>
      <ItemCode>7290000318943</ItemCode>
      <ItemType>1</ItemType>
      <ItemName>פסטרמה של פעם 200 גר</ItemName>
      <ManufacturerName>מעדני יחיעם 1993</ManufacturerName>
      <ManufactureCountry>לא ידוע</ManufactureCountry>
      <ManufacturerItemDescription>פסטרמה של פעם 200 ג"</ManufacturerItemDescription>
      <UnitQty>גרמים</UnitQty>
      <Quantity>200.00</Quantity>
      <UnitOfMeasure>100 גרם</UnitOfMeasure>
      <bIsWeighted>0</bIsWeighted>
      <QtyInPackage>1</QtyInPackage>
      <ItemPrice>28.90</ItemPrice>
      <UnitOfMeasurePrice>14.4500</UnitOfMeasurePrice>
      <AllowDiscount>1</AllowDiscount>
      <ItemStatus>1</ItemStatus>
      <ItemId>48811</ItemId>
    </Item>
    <Item>
      <PriceUpdateDate>2025-06-03 08:35:09</PriceUpdateDate>
      <ItemCode>7290000554839</ItemCode>
      <ItemType>1</ItemType>
      <ItemName>גבינה מסקרפונה 40% 2</ItemName>
      <ManufacturerName>,</ManufacturerName>
      <ManufactureCountry>לא ידוע</ManufactureCountry>
      <ManufacturerItemDescription>גבינה מסקרפונה 40% 250 גרם</ManufacturerItemDescription>
      <UnitQty>גרמים</UnitQty>
      <Quantity>250.00</Quantity>
      <UnitOfMeasure>100 גרם</UnitOfMeasure>
      <bIsWeighted>0</bIsWeighted>
      <QtyInPackage>1</QtyInPackage>
      <ItemPrice>25.90</ItemPrice>
      <UnitOfMeasurePrice>10.3600</UnitOfMeasurePrice>
      <AllowDiscount>1</AllowDiscount>
      <ItemStatus>1</ItemStatus>
      <ItemId>48844</ItemId>
    </Item>
    <Item>
      <PriceUpdateDate>2024-11-27 12:31:34</PriceUpdateDate>
      <ItemCode>7290001361054</ItemCode>
      <ItemType>1</ItemType>
      <ItemName>אקלרים 600 גר</ItemName>
      <ManufacturerName>נטלי פלוס</ManufacturerName>
      <ManufactureCountry>לא ידוע</ManufactureCountry>
      <ManufacturerItemDescription>אקלרים 600 גר</ManufacturerItemDescription>
      <UnitQty>גרמים</UnitQty>
      <Quantity>600.00</Quantity>
      <UnitOfMeasure>100 גרם</UnitOfMeasure>
      <bIsWeighted>0</bIsWeighted>
      <QtyInPackage>1</QtyInPackage>
      <ItemPrice>52.90</ItemPrice>
      <UnitOfMeasurePrice>8.8167</UnitOfMeasurePrice>
      <AllowDiscount>1</AllowDiscount>
      <ItemStatus>1</ItemStatus>
      <ItemId>48871</ItemId>
    </Item>
    <Item>
      <PriceUpdateDate>2024-05-29 16:31:49</PriceUpdateDate>
      <ItemCode>7290001594025</ItemCode>
      <ItemType>1</ItemType>
      <ItemName>קוקה קולה זכוכית 350</ItemName>
      <ManufacturerName>,</ManufacturerName>
      <ManufactureCountry>לא ידוע</ManufactureCountry>
      <ManufacturerItemDescription>קוקה קולה זכוכית 350</ManufacturerItemDescription>
      <UnitQty>מיליליטרים</UnitQty>
      <Quantity>350.00</Quantity>
      <UnitOfMeasure>100 מ"ל</UnitOfMeasure>
      <bIsWeighted>0</bIsWeighted>
      <QtyInPackage>1</QtyInPackage>
      <ItemPrice>6.90</ItemPrice>
      <UnitOfMeasurePrice>1.9714</UnitOfMeasurePrice>
      <AllowDiscount>1</AllowDiscount>
      <ItemStatus>1</ItemStatus>
      <ItemId>48876</ItemId>
    </Item>
    <Item>
      <PriceUpdateDate>2025-06-20 08:31:13</PriceUpdateDate>
      <ItemCode>4820240030508</ItemCode>
      <ItemType>1</ItemType>
      <ItemName>שוקולד מילניום פרוטס</ItemName>
      <ManufacturerName>,</ManufacturerName>
      <ManufactureCountry>לא ידוע</ManufactureCountry>
      <ManufacturerItemDescription>שוקולד מילניום פרוטס &amp; נאטס 90 גר</ManufacturerItemDescription>
      <UnitQty>גרמים</UnitQty>
      <Quantity>90.00</Quantity>
      <UnitOfMeasure>100 גרם</UnitOfMeasure>
      <bIsWeighted>0</bIsWeighted>
      <QtyInPackage>1</QtyInPackage>
      <ItemPrice>8.90</ItemPrice>
      <UnitOfMeasurePrice>9.8889</UnitOfMeasurePrice>
      <AllowDiscount>1</AllowDiscount>
      <ItemStatus>1</ItemStatus>
      <ItemId>97421</ItemId>
    </Item>
    <Item>
      <PriceUpdateDate>2024-11-03 14:19:35</PriceUpdateDate>
      <ItemCode>7290004051136</ItemCode>
      <ItemType>1</ItemType>
      <ItemName>סלמי צרפתי פרוס 170</ItemName>
      <ManufacturerName>ישרקו שיווק מותגי מז</ManufacturerName>
      <ManufactureCountry>לא ידוע</ManufactureCountry>
      <ManufacturerItemDescription>סלמי צרפתי פרוס 170</ManufacturerItemDescription>
      <UnitQty>גרמים</UnitQty>
      <Quantity>170.00</Quantity>
      <UnitOfMeasure>100 גרם</UnitOfMeasure>
      <bIsWeighted>0</bIsWeighted>
      <QtyInPackage>1</QtyInPackage>
      <ItemPrice>44.90</ItemPrice>
      <UnitOfMeasurePrice>26.4118</UnitOfMeasurePrice>
      <AllowDiscount>1</AllowDiscount>
      <ItemStatus>1</ItemStatus>
      <ItemId>48962</ItemId>
    </Item>
    <Item>
      <PriceUpdateDate>2024-11-03 14:19:35</PriceUpdateDate>
      <ItemCode>7290004051150</ItemCode>
      <ItemType>1</ItemType>
      <ItemName>רו סרוולט פרוס 170 ג</ItemName>
      <ManufacturerName>ישרקו שיווק מותגי מז</ManufacturerName>
      <ManufactureCountry>לא ידוע</ManufactureCountry>
      <ManufacturerItemDescription>רו סרוולט פרוס 170 ג</ManufacturerItemDescription>
      <UnitQty>גרמים</UnitQty>
      <Quantity>170.00</Quantity>
      <UnitOfMeasure>100 גרם</UnitOfMeasure>
      <bIsWeighted>0</bIsWeighted>
      <QtyInPackage>1</QtyInPackage>
      <ItemPrice>44.90</ItemPrice>
      <UnitOfMeasurePrice>26.4118</UnitOfMeasurePrice>
      <AllowDiscount>1</AllowDiscount>
      <ItemStatus>1</ItemStatus>
      <ItemId>48963</ItemId>
    </Item>
    <Item>
      <PriceUpdateDate>2025-06-20 08:31:13</PriceUpdateDate>
      <ItemCode>4820240031468</ItemCode>
      <ItemType>1</ItemType>
      <ItemName>שוקולד מילניום מוס 9</ItemName>
      <ManufacturerName>,</ManufacturerName>
      <ManufactureCountry>לא ידוע</ManufactureCountry>
      <ManufacturerItemDescription>שוקולד מילניום מוס 95 גר</ManufacturerItemDescription>
      <UnitQty>גרמים</UnitQty>
      <Quantity>95.00</Quantity>
      <UnitOfMeasure>100 גרם</UnitOfMeasure>
      <bIsWeighted>0</bIsWeighted>
      <QtyInPackage>1</QtyInPackage>
      <ItemPrice>7.90</ItemPrice>
      <UnitOfMeasurePrice>8.3158</UnitOfMeasurePrice>
      <AllowDiscount>1</AllowDiscount>
      <ItemStatus>1</ItemStatus>
      <ItemId>97422</ItemId>
    </Item>
    <Item>
      <PriceUpdateDate>2025-04-01 17:47:30</PriceUpdateDate>
      <ItemCode>7290005020346</ItemCode>
      <ItemType>1</ItemType>
      <ItemName>בקרדי לבן 750 מל</ItemName>
      <ManufacturerName>,</ManufacturerName>
      <ManufactureCountry>לא ידוע</ManufactureCountry>
      <ManufacturerItemDescription>בקרדי לבן 0.75ל"</ManufacturerItemDescription>
      <UnitQty>מיליליטרים</UnitQty>
      <Quantity>750.00</Quantity>
      <UnitOfMeasure>100 מ"ל</UnitOfMeasure>
      <bIsWeighted>0</bIsWeighted>
      <QtyInPackage>1</QtyInPackage>
      <ItemPrice>119.90</ItemPrice>
      <UnitOfMeasurePrice>15.9867</UnitOfMeasurePrice>
      <AllowDiscount>1</AllowDiscount>
      <ItemStatus>1</ItemStatus>
      <ItemId>49075</ItemId>
    </Item>
    <Item>
      <PriceUpdateDate>2025-11-24 11:35:52</PriceUpdateDate>
      <ItemCode>4815477012212</ItemCode>
      <ItemType>1</ItemType>
      <ItemName>דייסת להכנה מהירה עם</ItemName>
      <ManufacturerName>,</ManufacturerName>
      <ManufactureCountry>לא ידוע</ManufactureCountry>
      <ManufacturerItemDescription>דייסת להכנה מהירה עם דובדבן שקדים 240 גר</ManufacturerItemDescription>
      <UnitQty>גרמים</UnitQty>
      <Quantity>240.00</Quantity>
      <UnitOfMeasure>100 גרם</UnitOfMeasure>
      <bIsWeighted>0</bIsWeighted>
      <QtyInPackage>1</QtyInPackage>
      <ItemPrice>19.90</ItemPrice>
      <UnitOfMeasurePrice>8.2917</UnitOfMeasurePrice>
      <AllowDiscount>1</AllowDiscount>
      <ItemStatus>1</ItemStatus>
      <ItemId>102889</ItemId>
    </Item>
    <Item>
      <PriceUpdateDate>2024-06-16 09:46:49</PriceUpdateDate>
      <ItemCode>7290005053054</ItemCode>
      <ItemType>1</ItemType>
      <ItemName>גבינת שמנת 42% 300 ג</ItemName>
      <ManufacturerName>,</ManufacturerName>
      <ManufactureCountry>לא ידוע</ManufactureCountry>
      <ManufacturerItemDescription>שמנת סליבקי 300 גר"</ManufacturerItemDescription>
      <UnitQty>גרמים</UnitQty>
      <Quantity>300.00</Quantity>
      <UnitOfMeasure>100 גרם</UnitOfMeasure>
      <bIsWeighted>0</bIsWeighted>
      <QtyInPackage>1</QtyInPackage>
      <ItemPrice>16.90</ItemPrice>
      <UnitOfMeasurePrice>5.6333</UnitOfMeasurePrice>
      <AllowDiscount>1</AllowDiscount>
      <ItemStatus>1</ItemStatus>
      <ItemId>49081</ItemId>
    </Item>
    <Item>
      <PriceUpdateDate>2024-06-16 09:46:49</PriceUpdateDate>
      <ItemCode>7290005053085</ItemCode>
      <ItemType>1</ItemType>
      <ItemName>שמנת חמוצה 15% 500 ג</ItemName>
      <ManufacturerName>,</ManufacturerName>
      <ManufactureCountry>לא ידוע</ManufactureCountry>
      <ManufacturerItemDescription>שמנת חמוצה 15% 500 גר</ManufacturerItemDescription>
      <UnitQty>גרמים</UnitQty>
      <Quantity>500.00</Quantity>
      <UnitOfMeasure>100 גרם</UnitOfMeasure>
      <bIsWeighted>0</bIsWeighted>
      <QtyInPackage>1</QtyInPackage>
      <ItemPrice>13.90</ItemPrice>
      <UnitOfMeasurePrice>2.7800</UnitOfMeasurePrice>
      <AllowDiscount>1</AllowDiscount>
      <ItemStatus>1</ItemStatus>
      <ItemId>49083</ItemId>
    </Item>
    <Item>
      <PriceUpdateDate>2023-12-31 12:48:17</PriceUpdateDate>
      <ItemCode>7290005591761</ItemCode>
      <ItemType>1</ItemType>
      <ItemName>דבש טהור לחיץ יד מרד</ItemName>
      <ManufacturerName>STRAUSS-ISRAEL</ManufacturerName>
      <ManufactureCountry>לא ידוע</ManufactureCountry>
      <ManufacturerItemDescription>דבש טהור לחיץ 400 ג"</ManufacturerItemDescription>
      <UnitQty>גרמים</UnitQty>
      <Quantity>400.00</Quantity>
      <UnitOfMeasure>100 גרם</UnitOfMeasure>
      <bIsWeighted>0</bIsWeighted>
      <QtyInPackage>1</QtyInPackage>
      <ItemPrice>23.90</ItemPrice>
      <UnitOfMeasurePrice>5.9750</UnitOfMeasurePrice>
      <AllowDiscount>1</AllowDiscount>
      <ItemStatus>1</ItemStatus>
      <ItemId>49207</ItemId>
    </Item>
    <Item>
      <PriceUpdateDate>2024-03-03 08:49:08</PriceUpdateDate>
      <ItemCode>7290005966361</ItemCode>
      <ItemType>1</ItemType>
      <ItemName>יין גמלא שרדונה 750</ItemName>
      <ManufacturerName>יקב רמת הגולן</ManufacturerName>
      <ManufactureCountry>לא ידוע</ManufactureCountry>
      <ManufacturerItemDescription>יין "גמלא" שרדונה</ManufacturerItemDescription>
      <UnitQty>מיליליטרים</UnitQty>
      <Quantity>750.00</Quantity>
      <UnitOfMeasure>100 מ"ל</UnitOfMeasure>
      <bIsWeighted>0</bIsWeighted>
      <QtyInPackage>1</QtyInPackage>
      <ItemPrice>64.90</ItemPrice>
      <UnitOfMeasurePrice>8.6533</UnitOfMeasurePrice>
      <AllowDiscount>1</AllowDiscount>
      <ItemStatus>1</ItemStatus>
      <ItemId>49249</ItemId>
    </Item>
    <Item>
      <PriceUpdateDate>2025-06-03 08:35:09</PriceUpdateDate>
      <ItemCode>7290005992735</ItemCode>
      <ItemType>1</ItemType>
      <ItemName>גבינת לאבנה טבעית 5%</ItemName>
      <ManufacturerName>,</ManufacturerName>
      <ManufactureCountry>לא ידוע</ManufactureCountry>
      <ManufacturerItemDescription>לבנה טבעי 5% 250 גרם</ManufacturerItemDescription>
      <UnitQty>גרמים</UnitQty>
      <Quantity>250.00</Quantity>
      <UnitOfMeasure>100 גרם</UnitOfMeasure>
      <bIsWeighted>0</bIsWeighted>
      <QtyInPackage>1</QtyInPackage>
      <ItemPrice>14.90</ItemPrice>
      <UnitOfMeasurePrice>5.9600</UnitOfMeasurePrice>
      <AllowDiscount>1</AllowDiscount>
      <ItemStatus>1</ItemStatus>
      <ItemId>49255</ItemId>
    </Item>
    <Item>
      <PriceUpdateDate>2023-12-31 12:48:18</PriceUpdateDate>
      <ItemCode>7290006376039</ItemCode>
      <ItemType>1</ItemType>
      <ItemName>שיבולת שועל פרמיום ה</ItemName>
      <ManufacturerName>,</ManufacturerName>
      <ManufactureCountry>לא ידוע</ManufactureCountry>
      <ManufacturerItemDescription>שיבולת שועל פרמיום הילדה 500 גר</ManufacturerItemDescription>
      <UnitQty>גרמים</UnitQty>
      <Quantity>500.00</Quantity>
      <UnitOfMeasure>100 גרם</UnitOfMeasure>
      <bIsWeighted>0</bIsWeighted>
      <QtyInPackage>1</QtyInPackage>
      <ItemPrice>8.90</ItemPrice>
      <UnitOfMeasurePrice>1.7800</UnitOfMeasurePrice>
      <AllowDiscount>1</AllowDiscount>
      <ItemStatus>1</ItemStatus>
      <ItemId>49316</ItemId>
    </Item>
    <Item>
      <PriceUpdateDate>2023-12-31 12:48:18</PriceUpdateDate>
      <ItemCode>7290006376718</ItemCode>
      <ItemType>1</ItemType>
      <ItemName>אבקת גלטין 12 גר זוג</ItemName>
      <ManufacturerName>,</ManufacturerName>
      <ManufactureCountry>לא ידוע</ManufactureCountry>
      <ManufacturerItemDescription>אבקת גלטין 12 גר זוג</ManufacturerItemDescription>
      <UnitQty>גרמים</UnitQty>
      <Quantity>24.00</Quantity>
      <UnitOfMeasure>100 גרם</UnitOfMeasure>
      <bIsWeighted>0</bIsWeighted>
      <QtyInPackage>1</QtyInPackage>
      <ItemPrice>10.90</ItemPrice>
      <UnitOfMeasurePrice>45.4167</UnitOfMeasurePrice>
      <AllowDiscount>1</AllowDiscount>
      <ItemStatus>1</ItemStatus>
      <ItemId>49321</ItemId>
    </Item>
    <Item>
      <PriceUpdateDate>2025-06-03 08:35:09</PriceUpdateDate>
      <ItemCode>7290006492432</ItemCode>
      <ItemType>1</ItemType>
      <ItemName>מוצרלה בייבי 18% 150</ItemName>
      <ManufacturerName>,</ManufacturerName>
      <ManufactureCountry>לא ידוע</ManufactureCountry>
      <ManufacturerItemDescription>מוצרלה בייבי 18% 150</ManufacturerItemDescription>
      <UnitQty>גרמים</UnitQty>
      <Quantity>150.00</Quantity>
      <UnitOfMeasure>100 גרם</UnitOfMeasure>
      <bIsWeighted>0</bIsWeighted>
      <QtyInPackage>1</QtyInPackage>
      <ItemPrice>17.90</ItemPrice>
      <UnitOfMeasurePrice>11.9333</UnitOfMeasurePrice>
      <AllowDiscount>1</AllowDiscount>
      <ItemStatus>1</ItemStatus>
      <ItemId>49326</ItemId>
    </Item>
    <Item>
      <PriceUpdateDate>2025-06-08 19:31:50</PriceUpdateDate>
      <ItemCode>7290006804907</ItemCode>
      <ItemType>1</ItemType>
      <ItemName>פיתה קלאסית 5 יח</ItemName>
      <ManufacturerName>,</ManufacturerName>
      <ManufactureCountry>לא ידוע</ManufactureCountry>
      <ManufacturerItemDescription>פיתה חמישייה</ManufacturerItemDescription>
      <UnitQty>Unknown </UnitQty>
      <Quantity>0.00</Quantity>
      <UnitOfMeasure>Unknown </UnitOfMeasure>
      <bIsWeighted>0</bIsWeighted>
      <QtyInPackage>50</QtyInPackage>
      <ItemPrice>8.90</ItemPrice>
      <UnitOfMeasurePrice>0.0000</UnitOfMeasurePrice>
      <AllowDiscount>1</AllowDiscount>
      <ItemStatus>1</ItemStatus>
      <ItemId>49450</ItemId>
    </Item>
    <Item>
      <PriceUpdateDate>2024-02-01 08:36:56</PriceUpdateDate>
      <ItemCode>7290006960153</ItemCode>
      <ItemType>1</ItemType>
      <ItemName>חרדל מאמא מרי 150 גר</ItemName>
      <ManufacturerName>,</ManufacturerName>
      <ManufactureCountry>לא ידוע</ManufactureCountry>
      <ManufacturerItemDescription>איקרה מינטאי</ManufacturerItemDescription>
      <UnitQty>גרמים</UnitQty>
      <Quantity>150.00</Quantity>
      <UnitOfMeasure>100 גרם</UnitOfMeasure>
      <bIsWeighted>0</bIsWeighted>
      <QtyInPackage>1</QtyInPackage>
      <ItemPrice>8.90</ItemPrice>
      <UnitOfMeasurePrice>5.9333</UnitOfMeasurePrice>
      <AllowDiscount>1</AllowDiscount>
      <ItemStatus>1</ItemStatus>
      <ItemId>49460</ItemId>
    </Item>
    <Item>
      <PriceUpdateDate>2025-04-08 18:06:45</PriceUpdateDate>
      <ItemCode>7290008175173</ItemCode>
      <ItemType>1</ItemType>
      <ItemName>חמאה מפינלנד 200 גר</ItemName>
      <ManufacturerName>ואליו</ManufacturerName>
      <ManufactureCountry>FI</ManufactureCountry>
      <ManufacturerItemDescription>חמאה "לורפק" ללא מלח</ManufacturerItemDescription>
      <UnitQty>גרמים</UnitQty>
      <Quantity>200.00</Quantity>
      <UnitOfMeasure>100 גרם</UnitOfMeasure>
      <bIsWeighted>0</bIsWeighted>
      <QtyInPackage>20</QtyInPackage>
      <ItemPrice>16.90</ItemPrice>
      <UnitOfMeasurePrice>8.4500</UnitOfMeasurePrice>
      <AllowDiscount>1</AllowDiscount>
      <ItemStatus>1</ItemStatus>
      <ItemId>49481</ItemId>
    </Item>
    <Item>
      <PriceUpdateDate>2023-12-31 12:48:18</PriceUpdateDate>
      <ItemCode>7290008175210</ItemCode>
      <ItemType>1</ItemType>
      <ItemName>גבינת פרמזן מגורדת 9</ItemName>
      <ManufacturerName>זנטי</ManufacturerName>
      <ManufactureCountry>לא ידוע</ManufactureCountry>
      <ManufacturerItemDescription>גבינת פרמזן מגורדת 9</ManufacturerItemDescription>
      <UnitQty>גרמים</UnitQty>
      <Quantity>90.00</Quantity>
      <UnitOfMeasure>100 גרם</UnitOfMeasure>
      <bIsWeighted>0</bIsWeighted>
      <QtyInPackage>1</QtyInPackage>
      <ItemPrice>19.90</ItemPrice>
      <UnitOfMeasurePrice>22.1111</UnitOfMeasurePrice>
      <AllowDiscount>1</AllowDiscount>
      <ItemStatus>1</ItemStatus>
      <ItemId>49482</ItemId>
    </Item>
    <Item>
      <PriceUpdateDate>2025-01-13 08:35:08</PriceUpdateDate>
      <ItemCode>7290008461238</ItemCode>
      <ItemType>1</ItemType>
      <ItemName>סרדין רוברט בשמן חמנ</ItemName>
      <ManufacturerName>קונסוורס</ManufacturerName>
      <ManufactureCountry>לא ידוע</ManufactureCountry>
      <ManufacturerItemDescription>סרדין "רוברט" בשמן ח</ManufacturerItemDescription>
      <UnitQty>גרמים</UnitQty>
      <Quantity>115.00</Quantity>
      <UnitOfMeasure>100 גרם</UnitOfMeasure>
      <bIsWeighted>0</bIsWeighted>
      <QtyInPackage>1</QtyInPackage>
      <ItemPrice>8.90</ItemPrice>
      <UnitOfMeasurePrice>7.7391</UnitOfMeasurePrice>
      <AllowDiscount>1</AllowDiscount>
      <ItemStatus>1</ItemStatus>
      <ItemId>49549</ItemId>
    </Item>
    <Item>
      <PriceUpdateDate>2024-11-11 14:58:38</PriceUpdateDate>
      <ItemCode>7290008961110</ItemCode>
      <ItemType>1</ItemType>
      <ItemName>בשר בקר במיץ טבעי 40</ItemName>
      <ManufacturerName>פרוטרי</ManufacturerName>
      <ManufactureCountry>לא ידוע</ManufactureCountry>
      <ManufacturerItemDescription>בשר בקר במיץ טבעי 40</ManufacturerItemDescription>
      <UnitQty>גרמים</UnitQty>
      <Quantity>400.00</Quantity>
      <UnitOfMeasure>100 גרם</UnitOfMeasure>
      <bIsWeighted>0</bIsWeighted>
      <QtyInPackage>1</QtyInPackage>
      <ItemPrice>25.90</ItemPrice>
      <UnitOfMeasurePrice>6.4750</UnitOfMeasurePrice>
      <AllowDiscount>1</AllowDiscount>
      <ItemStatus>1</ItemStatus>
      <ItemId>49768</ItemId>
    </Item>
    <Item>
      <PriceUpdateDate>2024-11-11 14:58:38</PriceUpdateDate>
      <ItemCode>7290008961561</ItemCode>
      <ItemType>1</ItemType>
      <ItemName>קוואקר 500 גר</ItemName>
      <ManufacturerName>פרוטרי</ManufacturerName>
      <ManufactureCountry>לא ידוע</ManufactureCountry>
      <ManufacturerItemDescription>קוואקר 500 ג"ר</ManufacturerItemDescription>
      <UnitQty>גרמים</UnitQty>
      <Quantity>500.00</Quantity>
      <UnitOfMeasure>100 גרם</UnitOfMeasure>
      <bIsWeighted>0</bIsWeighted>
      <QtyInPackage>1</QtyInPackage>
      <ItemPrice>8.90</ItemPrice>
      <UnitOfMeasurePrice>1.7800</UnitOfMeasurePrice>
      <AllowDiscount>1</AllowDiscount>
      <ItemStatus>1</ItemStatus>
      <ItemId>49775</ItemId>
    </Item>
    <Item>
      <PriceUpdateDate>2025-11-03 09:14:54</PriceUpdateDate>
      <ItemCode>7290010367009</ItemCode>
      <ItemType>1</ItemType>
      <ItemName>שמנת חמוצה 15% 500 ג</ItemName>
      <ManufacturerName>,</ManufacturerName>
      <ManufactureCountry>לא ידוע</ManufactureCountry>
      <ManufacturerItemDescription>שמנת גביע 0.5 ק"ג</ManufacturerItemDescription>
      <UnitQty>גרמים</UnitQty>
      <Quantity>500.00</Quantity>
      <UnitOfMeasure>100 גרם</UnitOfMeasure>
      <bIsWeighted>0</bIsWeighted>
      <QtyInPackage>1</QtyInPackage>
      <ItemPrice>17.90</ItemPrice>
      <UnitOfMeasurePrice>3.5800</UnitOfMeasurePrice>
      <AllowDiscount>1</AllowDiscount>
      <ItemStatus>1</ItemStatus>
      <ItemId>49887</ItemId>
    </Item>
    <Item>
      <PriceUpdateDate>2025-03-18 08:35:26</PriceUpdateDate>
      <ItemCode>7290010679010</ItemCode>
      <ItemType>1</ItemType>
      <ItemName>קוקטייל פירות ים 500</ItemName>
      <ManufacturerName>,</ManufacturerName>
      <ManufactureCountry>לא ידוע</ManufactureCountry>
      <ManufacturerItemDescription>קוקטייל פירות ים 500</ManufacturerItemDescription>
      <UnitQty>גרמים</UnitQty>
      <Quantity>500.00</Quantity>
      <UnitOfMeasure>100 גרם</UnitOfMeasure>
      <bIsWeighted>0</bIsWeighted>
      <QtyInPackage>1</QtyInPackage>
      <ItemPrice>27.90</ItemPrice>
      <UnitOfMeasurePrice>5.5800</UnitOfMeasurePrice>
      <AllowDiscount>1</AllowDiscount>
      <ItemStatus>1</ItemStatus>
      <ItemId>49917</ItemId>
    </Item>
    <Item>
      <PriceUpdateDate>2023-12-31 12:48:21</PriceUpdateDate>
      <ItemCode>7290010679027</ItemCode>
      <ItemType>1</ItemType>
      <ItemName>טבעות קלמרי 500 גר</ItemName>
      <ManufacturerName>,</ManufacturerName>
      <ManufactureCountry>לא ידוע</ManufactureCountry>
      <ManufacturerItemDescription>טבעות קלמרי 500 גר"</ManufacturerItemDescription>
      <UnitQty>גרמים</UnitQty>
      <Quantity>500.00</Quantity>
      <UnitOfMeasure>100 גרם</UnitOfMeasure>
      <bIsWeighted>0</bIsWeighted>
      <QtyInPackage>1</QtyInPackage>
      <ItemPrice>44.90</ItemPrice>
      <UnitOfMeasurePrice>8.9800</UnitOfMeasurePrice>
      <AllowDiscount>1</AllowDiscount>
      <ItemStatus>1</ItemStatus>
      <ItemId>49918</ItemId>
    </Item>
    <Item>
      <PriceUpdateDate>2024-08-04 09:47:08</PriceUpdateDate>
      <ItemCode>7290010679034</ItemCode>
      <ItemType>1</ItemType>
      <ItemName>בייבי שרימפס 500 גר</ItemName>
      <ManufacturerName>,</ManufacturerName>
      <ManufactureCountry>לא ידוע</ManufactureCountry>
      <ManufacturerItemDescription>בייבי שרימפס 500 גר"</ManufacturerItemDescription>
      <UnitQty>גרמים</UnitQty>
      <Quantity>500.00</Quantity>
      <UnitOfMeasure>100 גרם</UnitOfMeasure>
      <bIsWeighted>0</bIsWeighted>
      <QtyInPackage>1</QtyInPackage>
      <ItemPrice>34.90</ItemPrice>
      <UnitOfMeasurePrice>6.9800</UnitOfMeasurePrice>
      <AllowDiscount>1</AllowDiscount>
      <ItemStatus>1</ItemStatus>
      <ItemId>49919</ItemId>
    </Item>
    <Item>
      <PriceUpdateDate>2023-12-31 12:48:21</PriceUpdateDate>
      <ItemCode>7290010679140</ItemCode>
      <ItemType>1</ItemType>
      <ItemName>שרימפס טמפורה 250 גר</ItemName>
      <ManufacturerName>,</ManufacturerName>
      <ManufactureCountry>לא ידוע</ManufactureCountry>
      <ManufacturerItemDescription>שרימפס טמפורה 250 גר</ManufacturerItemDescription>
      <UnitQty>גרמים</UnitQty>
      <Quantity>250.00</Quantity>
      <UnitOfMeasure>100 גרם</UnitOfMeasure>
      <bIsWeighted>0</bIsWeighted>
      <QtyInPackage>1</QtyInPackage>
      <ItemPrice>29.90</ItemPrice>
      <UnitOfMeasurePrice>11.9600</UnitOfMeasurePrice>
      <AllowDiscount>1</AllowDiscount>
      <ItemStatus>1</ItemStatus>
      <ItemId>49922</ItemId>
    </Item>
    <Item>
      <PriceUpdateDate>2024-08-04 09:47:08</PriceUpdateDate>
      <ItemCode>7290010679393</ItemCode>
      <ItemType>1</ItemType>
      <ItemName>שרימפס טמפורה עם רוט</ItemName>
      <ManufacturerName>,</ManufacturerName>
      <ManufactureCountry>לא ידוע</ManufactureCountry>
      <ManufacturerItemDescription>שרימפס טמפורה עם רוטב 454גר</ManufacturerItemDescription>
      <UnitQty>גרמים</UnitQty>
      <Quantity>424.00</Quantity>
      <UnitOfMeasure>100 גרם</UnitOfMeasure>
      <bIsWeighted>0</bIsWeighted>
      <QtyInPackage>1</QtyInPackage>
      <ItemPrice>44.90</ItemPrice>
      <UnitOfMeasurePrice>10.5896</UnitOfMeasurePrice>
      <AllowDiscount>1</AllowDiscount>
      <ItemStatus>1</ItemStatus>
      <ItemId>49924</ItemId>
    </Item>
    <Item>
      <PriceUpdateDate>2024-09-02 10:58:02</PriceUpdateDate>
      <ItemCode>7290010679416</ItemCode>
      <ItemType>1</ItemType>
      <ItemName>שרימפס מקולף 41-50 5</ItemName>
      <ManufacturerName>,</ManufacturerName>
      <ManufactureCountry>לא ידוע</ManufactureCountry>
      <ManufacturerItemDescription>שרימפס מקולף 41-50 5</ManufacturerItemDescription>
      <UnitQty>גרמים</UnitQty>
      <Quantity>500.00</Quantity>
      <UnitOfMeasure>100 גרם</UnitOfMeasure>
      <bIsWeighted>0</bIsWeighted>
      <QtyInPackage>1</QtyInPackage>
      <ItemPrice>36.90</ItemPrice>
      <UnitOfMeasurePrice>7.3800</UnitOfMeasurePrice>
      <AllowDiscount>1</AllowDiscount>
      <ItemStatus>1</ItemStatus>
      <ItemId>49926</ItemId>
    </Item>
    <Item>
      <PriceUpdateDate>2024-08-04 09:47:08</PriceUpdateDate>
      <ItemCode>7290010679447</ItemCode>
      <ItemType>1</ItemType>
      <ItemName>הקאו שרימפס 240 גר</ItemName>
      <ManufacturerName>,</ManufacturerName>
      <ManufactureCountry>לא ידוע</ManufactureCountry>
      <ManufacturerItemDescription>הקאו שרימפס 240 גר</ManufacturerItemDescription>
      <UnitQty>גרמים</UnitQty>
      <Quantity>240.00</Quantity>
      <UnitOfMeasure>100 גרם</UnitOfMeasure>
      <bIsWeighted>0</bIsWeighted>
      <QtyInPackage>1</QtyInPackage>
      <ItemPrice>24.90</ItemPrice>
      <UnitOfMeasurePrice>10.3750</UnitOfMeasurePrice>
      <AllowDiscount>1</AllowDiscount>
      <ItemStatus>1</ItemStatus>
      <ItemId>49928</ItemId>
    </Item>
    <Item>
      <PriceUpdateDate>2023-12-31 12:48:21</PriceUpdateDate>
      <ItemCode>7290010679553</ItemCode>
      <ItemType>1</ItemType>
      <ItemName>שרימפס מבושל מקולף 4</ItemName>
      <ManufacturerName>,</ManufacturerName>
      <ManufactureCountry>לא ידוע</ManufactureCountry>
      <ManufacturerItemDescription>שרימפס מקולף ומבושל</ManufacturerItemDescription>
      <UnitQty>גרמים</UnitQty>
      <Quantity>500.00</Quantity>
      <UnitOfMeasure>100 גרם</UnitOfMeasure>
      <bIsWeighted>0</bIsWeighted>
      <QtyInPackage>1</QtyInPackage>
      <ItemPrice>54.90</ItemPrice>
      <UnitOfMeasurePrice>10.9800</UnitOfMeasurePrice>
      <AllowDiscount>1</AllowDiscount>
      <ItemStatus>1</ItemStatus>
      <ItemId>49929</ItemId>
    </Item>
    <Item>
      <PriceUpdateDate>2023-12-31 12:48:21</PriceUpdateDate>
      <ItemCode>7290010679560</ItemCode>
      <ItemType>1</ItemType>
      <ItemName>דים סאם פירות ים 200</ItemName>
      <ManufacturerName>,</ManufacturerName>
      <ManufactureCountry>לא ידוע</ManufactureCountry>
      <ManufacturerItemDescription>דים סאם פירות ים 200</ManufacturerItemDescription>
      <UnitQty>גרמים</UnitQty>
      <Quantity>200.00</Quantity>
      <UnitOfMeasure>100 גרם</UnitOfMeasure>
      <bIsWeighted>0</bIsWeighted>
      <QtyInPackage>1</QtyInPackage>
      <ItemPrice>19.90</ItemPrice>
      <UnitOfMeasurePrice>9.9500</UnitOfMeasurePrice>
      <AllowDiscount>1</AllowDiscount>
      <ItemStatus>1</ItemStatus>
      <ItemId>49930</ItemId>
    </Item>
    <Item>
      <PriceUpdateDate>2024-04-17 13:09:47</PriceUpdateDate>
      <ItemCode>7290010679621</ItemCode>
      <ItemType>1</ItemType>
      <ItemName>שרימפס מבושל מקולף 4</ItemName>
      <ManufacturerName>,</ManufacturerName>
      <ManufactureCountry>לא ידוע</ManufactureCountry>
      <ManufacturerItemDescription>שרימפס מבושל מקולף 4</ManufacturerItemDescription>
      <UnitQty>גרמים</UnitQty>
      <Quantity>1000.00</Quantity>
      <UnitOfMeasure>100 גרם</UnitOfMeasure>
      <bIsWeighted>0</bIsWeighted>
      <QtyInPackage>1</QtyInPackage>
      <ItemPrice>89.90</ItemPrice>
      <UnitOfMeasurePrice>8.9900</UnitOfMeasurePrice>
      <AllowDiscount>1</AllowDiscount>
      <ItemStatus>1</ItemStatus>
      <ItemId>49932</ItemId>
    </Item>
    <Item>
      <PriceUpdateDate>2023-12-31 12:48:21</PriceUpdateDate>
      <ItemCode>7290010679737</ItemCode>
      <ItemType>1</ItemType>
      <ItemName>שרימפס וויט 26-30 מק</ItemName>
      <ManufacturerName>,</ManufacturerName>
      <ManufactureCountry>לא ידוע</ManufactureCountry>
      <ManufacturerItemDescription>שרימפס וויט 26/30 מקולף 1 קג</ManufacturerItemDescription>
      <UnitQty>גרמים</UnitQty>
      <Quantity>1000.00</Quantity>
      <UnitOfMeasure>100 גרם</UnitOfMeasure>
      <bIsWeighted>0</bIsWeighted>
      <QtyInPackage>לא ידוע</QtyInPackage>
      <ItemPrice>79.90</ItemPrice>
      <UnitOfMeasurePrice>7.9900</UnitOfMeasurePrice>
      <AllowDiscount>1</AllowDiscount>
      <ItemStatus>1</ItemStatus>
      <ItemId>49933</ItemId>
    </Item>
    <Item>
      <PriceUpdateDate>2025-02-09 10:58:49</PriceUpdateDate>
      <ItemCode>7290010701353</ItemCode>
      <ItemType>1</ItemType>
      <ItemName>רגל קרושה 400 גר</ItemName>
      <ManufacturerName>,</ManufacturerName>
      <ManufactureCountry>לא ידוע</ManufactureCountry>
      <ManufacturerItemDescription>רגל קרושה 400 גר"</ManufacturerItemDescription>
      <UnitQty>גרמים</UnitQty>
      <Quantity>400.00</Quantity>
      <UnitOfMeasure>100 גרם</UnitOfMeasure>
      <bIsWeighted>0</bIsWeighted>
      <QtyInPackage>1</QtyInPackage>
      <ItemPrice>30.90</ItemPrice>
      <UnitOfMeasurePrice>7.7250</UnitOfMeasurePrice>
      <AllowDiscount>1</AllowDiscount>
      <ItemStatus>1</ItemStatus>
      <ItemId>49937</ItemId>
    </Item>
    <Item>
      <PriceUpdateDate>2025-02-09 10:58:49</PriceUpdateDate>
      <ItemCode>7290010701360</ItemCode>
      <ItemType>1</ItemType>
      <ItemName>עוף קרוש 400 גר</ItemName>
      <ManufacturerName>,</ManufacturerName>
      <ManufactureCountry>לא ידוע</ManufactureCountry>
      <ManufacturerItemDescription>עוף קרוש 400 גרי</ManufacturerItemDescription>
      <UnitQty>גרמים</UnitQty>
      <Quantity>400.00</Quantity>
      <UnitOfMeasure>100 גרם</UnitOfMeasure>
      <bIsWeighted>0</bIsWeighted>
      <QtyInPackage>1</QtyInPackage>
      <ItemPrice>30.90</ItemPrice>
      <UnitOfMeasurePrice>7.7250</UnitOfMeasurePrice>
      <AllowDiscount>1</AllowDiscount>
      <ItemStatus>1</ItemStatus>
      <ItemId>49938</ItemId>
    </Item>
    <Item>
      <PriceUpdateDate>2025-02-09 10:58:49</PriceUpdateDate>
      <ItemCode>7290010701384</ItemCode>
      <ItemType>1</ItemType>
      <ItemName>רגל קרושה מעורבת 400</ItemName>
      <ManufacturerName>,</ManufacturerName>
      <ManufactureCountry>לא ידוע</ManufactureCountry>
      <ManufacturerItemDescription>רגל קרושה מעורבת 400</ManufacturerItemDescription>
      <UnitQty>גרמים</UnitQty>
      <Quantity>400.00</Quantity>
      <UnitOfMeasure>100 גרם</UnitOfMeasure>
      <bIsWeighted>0</bIsWeighted>
      <QtyInPackage>1</QtyInPackage>
      <ItemPrice>30.90</ItemPrice>
      <UnitOfMeasurePrice>7.7250</UnitOfMeasurePrice>
      <AllowDiscount>1</AllowDiscount>
      <ItemStatus>1</ItemStatus>
      <ItemId>49940</ItemId>
    </Item>
    <Item>
      <PriceUpdateDate>2025-10-19 19:55:12</PriceUpdateDate>
      <ItemCode>8710448536956</ItemCode>
      <ItemType>1</ItemType>
      <ItemName>רוטב חרדל דבש 450 מל</ItemName>
      <ManufacturerName>וואן האוטן</ManufacturerName>
      <ManufactureCountry>לא ידוע</ManufactureCountry>
      <ManufacturerItemDescription>רוטב חרדל דבש 450 מל</ManufacturerItemDescription>
      <UnitQty>מיליליטרים</UnitQty>
      <Quantity>450.00</Quantity>
      <UnitOfMeasure>100 מ"ל</UnitOfMeasure>
      <bIsWeighted>0</bIsWeighted>
      <QtyInPackage>1</QtyInPackage>
      <ItemPrice>14.90</ItemPrice>
      <UnitOfMeasurePrice>3.3111</UnitOfMeasurePrice>
      <AllowDiscount>1</AllowDiscount>
      <ItemStatus>1</ItemStatus>
      <ItemId>96991</ItemId>
    </Item>
    <Item>
      <PriceUpdateDate>2025-02-25 14:20:58</PriceUpdateDate>
      <ItemCode>7290011131395</ItemCode>
      <ItemType>1</ItemType>
      <ItemName>תערובת דגנים מיזלי ק</ItemName>
      <ManufacturerName>גרין</ManufacturerName>
      <ManufactureCountry>לא ידוע</ManufactureCountry>
      <ManufacturerItemDescription>תערובת דגנים מיזלי קראנץ 30% פירות 1 ק"ג</ManufacturerItemDescription>
      <UnitQty>קילוגרמים</UnitQty>
      <Quantity>1.00</Quantity>
      <UnitOfMeasure>ק"ג     </UnitOfMeasure>
      <bIsWeighted>0</bIsWeighted>
      <QtyInPackage>10</QtyInPackage>
      <ItemPrice>29.90</ItemPrice>
      <UnitOfMeasurePrice>29.9000</UnitOfMeasurePrice>
      <AllowDiscount>1</AllowDiscount>
      <ItemStatus>1</ItemStatus>
      <ItemId>49998</ItemId>
    </Item>
    <Item>
      <PriceUpdateDate>2025-06-03 08:35:10</PriceUpdateDate>
      <ItemCode>7290011499129</ItemCode>
      <ItemType>1</ItemType>
      <ItemName>קוביות בולגרית 5% 20</ItemName>
      <ManufacturerName>,</ManufacturerName>
      <ManufactureCountry>לא ידוע</ManufactureCountry>
      <ManufacturerItemDescription>קוביות בולגרית 5% 200גר</ManufacturerItemDescription>
      <UnitQty>גרמים</UnitQty>
      <Quantity>200.00</Quantity>
      <UnitOfMeasure>100 גרם</UnitOfMeasure>
      <bIsWeighted>0</bIsWeighted>
      <QtyInPackage>1</QtyInPackage>
      <ItemPrice>25.90</ItemPrice>
      <UnitOfMeasurePrice>12.9500</UnitOfMeasurePrice>
      <AllowDiscount>1</AllowDiscount>
      <ItemStatus>1</ItemStatus>
      <ItemId>50074</ItemId>
    </Item>
    <Item>
      <PriceUpdateDate>2025-06-03 08:35:10</PriceUpdateDate>
      <ItemCode>7290011499419</ItemCode>
      <ItemType>1</ItemType>
      <ItemName>קרם שמנת טבעי ניו יו</ItemName>
      <ManufacturerName>,</ManufacturerName>
      <ManufactureCountry>לא ידוע</ManufactureCountry>
      <ManufacturerItemDescription>קרם שמנת טבעי ניו יורק 5% 200 גרם</ManufacturerItemDescription>
      <UnitQty>גרמים</UnitQty>
      <Quantity>200.00</Quantity>
      <UnitOfMeasure>100 גרם</UnitOfMeasure>
      <bIsWeighted>0</bIsWeighted>
      <QtyInPackage>1</QtyInPackage>
      <ItemPrice>14.90</ItemPrice>
      <UnitOfMeasurePrice>7.4500</UnitOfMeasurePrice>
      <AllowDiscount>1</AllowDiscount>
      <ItemStatus>1</ItemStatus>
      <ItemId>50082</ItemId>
    </Item>
    <Item>
      <PriceUpdateDate>2024-11-11 14:58:38</PriceUpdateDate>
      <ItemCode>7290008961127</ItemCode>
      <ItemType>1</ItemType>
      <ItemName>טושונקה רוסי 400 גר</ItemName>
      <ManufacturerName>גוד פוד ג'.א'.ג'י. ב</ManufacturerName>
      <ManufactureCountry>לא ידוע</ManufactureCountry>
      <ManufacturerItemDescription>טושונקה רוסי 400גר</ManufacturerItemDescription>
      <UnitQty>גרמים</UnitQty>
      <Quantity>400.00</Quantity>
      <UnitOfMeasure>100 גרם</UnitOfMeasure>
      <bIsWeighted>0</bIsWeighted>
      <QtyInPackage>1</QtyInPackage>
      <ItemPrice>25.90</ItemPrice>
      <UnitOfMeasurePrice>6.4750</UnitOfMeasurePrice>
      <AllowDiscount>1</AllowDiscount>
      <ItemStatus>1</ItemStatus>
      <ItemId>50120</ItemId>
    </Item>
    <Item>
      <PriceUpdateDate>2023-12-31 12:48:22</PriceUpdateDate>
      <ItemCode>3012999150496</ItemCode>
      <ItemType>1</ItemType>
      <ItemName>ליקר קרם קסיס 700 מל</ItemName>
      <ManufacturerName>ברדינה</ManufacturerName>
      <ManufactureCountry>לא ידוע</ManufactureCountry>
      <ManufacturerItemDescription>ברדינה קרם קסיס דיז"</ManufacturerItemDescription>
      <UnitQty>מיליליטרים</UnitQty>
      <Quantity>700.00</Quantity>
      <UnitOfMeasure>100 מ"ל</UnitOfMeasure>
      <bIsWeighted>0</bIsWeighted>
      <QtyInPackage>1</QtyInPackage>
      <ItemPrice>59.90</ItemPrice>
      <UnitOfMeasurePrice>8.5571</UnitOfMeasurePrice>
      <AllowDiscount>1</AllowDiscount>
      <ItemStatus>1</ItemStatus>
      <ItemId>50142</ItemId>
    </Item>
    <Item>
      <PriceUpdateDate>2024-10-21 16:27:29</PriceUpdateDate>
      <ItemCode>4005563194025</ItemCode>
      <ItemType>1</ItemType>
      <ItemName>ליקר פידג תאנים 700</ItemName>
      <ManufacturerName>,</ManufacturerName>
      <ManufactureCountry>לא ידוע</ManufactureCountry>
      <ManufacturerItemDescription>פידג" תאנים 0.7</ManufacturerItemDescription>
      <UnitQty>מיליליטרים</UnitQty>
      <Quantity>700.00</Quantity>
      <UnitOfMeasure>100 מ"ל</UnitOfMeasure>
      <bIsWeighted>0</bIsWeighted>
      <QtyInPackage>1</QtyInPackage>
      <ItemPrice>64.90</ItemPrice>
      <UnitOfMeasurePrice>9.2714</UnitOfMeasurePrice>
      <AllowDiscount>1</AllowDiscount>
      <ItemStatus>1</ItemStatus>
      <ItemId>50191</ItemId>
    </Item>
    <Item>
      <PriceUpdateDate>2025-11-02 11:30:18</PriceUpdateDate>
      <ItemCode>4013197767010</ItemCode>
      <ItemType>1</ItemType>
      <ItemName>סוכריות בטעם פירות 2</ItemName>
      <ManufacturerName>,</ManufacturerName>
      <ManufactureCountry>לא ידוע</ManufactureCountry>
      <ManufacturerItemDescription>סוכריות בטעם פירות פ</ManufacturerItemDescription>
      <UnitQty>גרמים</UnitQty>
      <Quantity>200.00</Quantity>
      <UnitOfMeasure>100 גרם</UnitOfMeasure>
      <bIsWeighted>0</bIsWeighted>
      <QtyInPackage>1</QtyInPackage>
      <ItemPrice>11.90</ItemPrice>
      <UnitOfMeasurePrice>5.9500</UnitOfMeasurePrice>
      <AllowDiscount>1</AllowDiscount>
      <ItemStatus>1</ItemStatus>
      <ItemId>50227</ItemId>
    </Item>
    <Item>
      <PriceUpdateDate>2025-11-02 11:30:18</PriceUpdateDate>
      <ItemCode>4013197767027</ItemCode>
      <ItemType>1</ItemType>
      <ItemName>סוכריות בטעם דובדבן</ItemName>
      <ManufacturerName>,</ManufacturerName>
      <ManufactureCountry>לא ידוע</ManufactureCountry>
      <ManufacturerItemDescription>סוכריות בטעם דובדבן</ManufacturerItemDescription>
      <UnitQty>גרמים</UnitQty>
      <Quantity>200.00</Quantity>
      <UnitOfMeasure>100 גרם</UnitOfMeasure>
      <bIsWeighted>0</bIsWeighted>
      <QtyInPackage>1</QtyInPackage>
      <ItemPrice>11.90</ItemPrice>
      <UnitOfMeasurePrice>5.9500</UnitOfMeasurePrice>
      <AllowDiscount>1</AllowDiscount>
      <ItemStatus>1</ItemStatus>
      <ItemId>50228</ItemId>
    </Item>
    <Item>
      <PriceUpdateDate>2025-11-02 11:30:18</PriceUpdateDate>
      <ItemCode>4013197767034</ItemCode>
      <ItemType>1</ItemType>
      <ItemName>סוכריות בטעם לימון ח</ItemName>
      <ManufacturerName>,</ManufacturerName>
      <ManufactureCountry>לא ידוע</ManufactureCountry>
      <ManufacturerItemDescription>סוכריות בטעם לימון ב</ManufacturerItemDescription>
      <UnitQty>גרמים</UnitQty>
      <Quantity>200.00</Quantity>
      <UnitOfMeasure>100 גרם</UnitOfMeasure>
      <bIsWeighted>0</bIsWeighted>
      <QtyInPackage>1</QtyInPackage>
      <ItemPrice>11.90</ItemPrice>
      <UnitOfMeasurePrice>5.9500</UnitOfMeasurePrice>
      <AllowDiscount>1</AllowDiscount>
      <ItemStatus>1</ItemStatus>
      <ItemId>50229</ItemId>
    </Item>
    <Item>
      <PriceUpdateDate>2025-11-02 11:30:18</PriceUpdateDate>
      <ItemCode>4013197767119</ItemCode>
      <ItemType>1</ItemType>
      <ItemName>סוכריות בטעם מנטה קל</ItemName>
      <ManufacturerName>,</ManufacturerName>
      <ManufactureCountry>לא ידוע</ManufactureCountry>
      <ManufacturerItemDescription>סוכריות בטעם מנטה קל</ManufacturerItemDescription>
      <UnitQty>גרמים</UnitQty>
      <Quantity>200.00</Quantity>
      <UnitOfMeasure>100 גרם</UnitOfMeasure>
      <bIsWeighted>0</bIsWeighted>
      <QtyInPackage>1</QtyInPackage>
      <ItemPrice>11.90</ItemPrice>
      <UnitOfMeasurePrice>5.9500</UnitOfMeasurePrice>
      <AllowDiscount>1</AllowDiscount>
      <ItemStatus>1</ItemStatus>
      <ItemId>50230</ItemId>
    </Item>
    <Item>
      <PriceUpdateDate>2025-04-01 17:47:38</PriceUpdateDate>
      <ItemCode>5000267014203</ItemCode>
      <ItemType>1</ItemType>
      <ItemName>ויסקי גוני ווקר אדום</ItemName>
      <ManufacturerName>,</ManufacturerName>
      <ManufactureCountry>לא ידוע</ManufactureCountry>
      <ManufacturerItemDescription>ויסקי JW</ManufacturerItemDescription>
      <UnitQty>מיליליטרים</UnitQty>
      <Quantity>700.00</Quantity>
      <UnitOfMeasure>100 מ"ל</UnitOfMeasure>
      <bIsWeighted>0</bIsWeighted>
      <QtyInPackage>1</QtyInPackage>
      <ItemPrice>89.90</ItemPrice>
      <UnitOfMeasurePrice>12.8429</UnitOfMeasurePrice>
      <AllowDiscount>1</AllowDiscount>
      <ItemStatus>1</ItemStatus>
      <ItemId>50250</ItemId>
    </Item>
    <Item>
      <PriceUpdateDate>2023-12-31 12:48:23</PriceUpdateDate>
      <ItemCode>5010327000046</ItemCode>
      <ItemType>1</ItemType>
      <ItemName>ויסקי גרנטס 700 מל ב</ItemName>
      <ManufacturerName>ויליאם גראנט</ManufacturerName>
      <ManufactureCountry>לא ידוע</ManufactureCountry>
      <ManufacturerItemDescription>וויסקי גרנטיס באריזת</ManufacturerItemDescription>
      <UnitQty>מיליליטרים</UnitQty>
      <Quantity>700.00</Quantity>
      <UnitOfMeasure>100 מ"ל</UnitOfMeasure>
      <bIsWeighted>0</bIsWeighted>
      <QtyInPackage>1</QtyInPackage>
      <ItemPrice>89.90</ItemPrice>
      <UnitOfMeasurePrice>12.8429</UnitOfMeasurePrice>
      <AllowDiscount>1</AllowDiscount>
      <ItemStatus>1</ItemStatus>
      <ItemId>50263</ItemId>
    </Item>
    <Item>
      <PriceUpdateDate>2023-12-31 12:48:23</PriceUpdateDate>
      <ItemCode>5010327000176</ItemCode>
      <ItemType>1</ItemType>
      <ItemName>ויסקי גלנפידיך 12 שנ</ItemName>
      <ManufacturerName>ויליאם גראנט</ManufacturerName>
      <ManufactureCountry>לא ידוע</ManufactureCountry>
      <ManufacturerItemDescription>ויסקי "גלנפידיך מולט</ManufacturerItemDescription>
      <UnitQty>מיליליטרים</UnitQty>
      <Quantity>700.00</Quantity>
      <UnitOfMeasure>100 מ"ל</UnitOfMeasure>
      <bIsWeighted>0</bIsWeighted>
      <QtyInPackage>1</QtyInPackage>
      <ItemPrice>199.90</ItemPrice>
      <UnitOfMeasurePrice>28.5571</UnitOfMeasurePrice>
      <AllowDiscount>1</AllowDiscount>
      <ItemStatus>1</ItemStatus>
      <ItemId>50264</ItemId>
    </Item>
    <Item>
      <PriceUpdateDate>2023-12-31 12:48:23</PriceUpdateDate>
      <ItemCode>5010677554398</ItemCode>
      <ItemType>1</ItemType>
      <ItemName>בקרדי בריזר אבטיח 27</ItemName>
      <ManufacturerName>,</ManufacturerName>
      <ManufactureCountry>לא ידוע</ManufactureCountry>
      <ManufacturerItemDescription>בקרדי בריזר אבטיח 27</ManufacturerItemDescription>
      <UnitQty>מיליליטרים</UnitQty>
      <Quantity>275.00</Quantity>
      <UnitOfMeasure>100 מ"ל</UnitOfMeasure>
      <bIsWeighted>0</bIsWeighted>
      <QtyInPackage>1</QtyInPackage>
      <ItemPrice>14.90</ItemPrice>
      <UnitOfMeasurePrice>5.4182</UnitOfMeasurePrice>
      <AllowDiscount>1</AllowDiscount>
      <ItemStatus>1</ItemStatus>
      <ItemId>50278</ItemId>
    </Item>
    <Item>
      <PriceUpdateDate>2024-06-23 08:35:19</PriceUpdateDate>
      <ItemCode>5011007003005</ItemCode>
      <ItemType>1</ItemType>
      <ItemName>ויסקי גיימסון 700 מל</ItemName>
      <ManufacturerName>,</ManufacturerName>
      <ManufactureCountry>לא ידוע</ManufactureCountry>
      <ManufacturerItemDescription>ויסקי ג"יימסון 0.7 ל</ManufacturerItemDescription>
      <UnitQty>מיליליטרים</UnitQty>
      <Quantity>700.00</Quantity>
      <UnitOfMeasure>100 מ"ל</UnitOfMeasure>
      <bIsWeighted>0</bIsWeighted>
      <QtyInPackage>1</QtyInPackage>
      <ItemPrice>109.90</ItemPrice>
      <UnitOfMeasurePrice>15.7000</UnitOfMeasurePrice>
      <AllowDiscount>1</AllowDiscount>
      <ItemStatus>1</ItemStatus>
      <ItemId>50280</ItemId>
    </Item>
    <Item>
      <PriceUpdateDate>2023-12-31 12:48:23</PriceUpdateDate>
      <ItemCode>5014271300429</ItemCode>
      <ItemType>1</ItemType>
      <ItemName>מעדן סנט דלפור משמש</ItemName>
      <ManufacturerName>סאנטדלפור</ManufacturerName>
      <ManufactureCountry>לא ידוע</ManufactureCountry>
      <ManufacturerItemDescription>מעדן "סנט דלפור" משמ</ManufacturerItemDescription>
      <UnitQty>גרמים</UnitQty>
      <Quantity>284.00</Quantity>
      <UnitOfMeasure>100 גרם</UnitOfMeasure>
      <bIsWeighted>0</bIsWeighted>
      <QtyInPackage>1</QtyInPackage>
      <ItemPrice>21.90</ItemPrice>
      <UnitOfMeasurePrice>7.7113</UnitOfMeasurePrice>
      <AllowDiscount>1</AllowDiscount>
      <ItemStatus>1</ItemStatus>
      <ItemId>50290</ItemId>
    </Item>
    <Item>
      <PriceUpdateDate>2023-12-31 12:48:23</PriceUpdateDate>
      <ItemCode>5014271310428</ItemCode>
      <ItemType>1</ItemType>
      <ItemName>מעדן סנט דלפור דובדב</ItemName>
      <ManufacturerName>סאנטדלפור</ManufacturerName>
      <ManufactureCountry>לא ידוע</ManufactureCountry>
      <ManufacturerItemDescription>מעדן "סנט דלפור" דוב</ManufacturerItemDescription>
      <UnitQty>גרמים</UnitQty>
      <Quantity>284.00</Quantity>
      <UnitOfMeasure>100 גרם</UnitOfMeasure>
      <bIsWeighted>0</bIsWeighted>
      <QtyInPackage>1</QtyInPackage>
      <ItemPrice>21.90</ItemPrice>
      <UnitOfMeasurePrice>7.7113</UnitOfMeasurePrice>
      <AllowDiscount>1</AllowDiscount>
      <ItemStatus>1</ItemStatus>
      <ItemId>50291</ItemId>
    </Item>
    <Item>
      <PriceUpdateDate>2024-11-11 14:58:38</PriceUpdateDate>
      <ItemCode>7290011644000</ItemCode>
      <ItemType>1</ItemType>
      <ItemName>מקלות תירס מתוקים 80</ItemName>
      <ManufacturerName>,</ManufacturerName>
      <ManufactureCountry>לא ידוע</ManufactureCountry>
      <ManufacturerItemDescription>מקלות תירס מתוקים 80</ManufacturerItemDescription>
      <UnitQty>גרמים</UnitQty>
      <Quantity>80.00</Quantity>
      <UnitOfMeasure>100 גרם</UnitOfMeasure>
      <bIsWeighted>0</bIsWeighted>
      <QtyInPackage>1</QtyInPackage>
      <ItemPrice>5.50</ItemPrice>
      <UnitOfMeasurePrice>6.8750</UnitOfMeasurePrice>
      <AllowDiscount>1</AllowDiscount>
      <ItemStatus>1</ItemStatus>
      <ItemId>50333</ItemId>
    </Item>
    <Item>
      <PriceUpdateDate>2023-12-31 12:48:24</PriceUpdateDate>
      <ItemCode>7290011996062</ItemCode>
      <ItemType>1</ItemType>
      <ItemName>אורז לסושי 1 קג</ItemName>
      <ManufacturerName>,</ManufacturerName>
      <ManufactureCountry>לא ידוע</ManufactureCountry>
      <ManufacturerItemDescription>אורז לסושי 1 קג</ManufacturerItemDescription>
      <UnitQty>קילוגרמים</UnitQty>
      <Quantity>1.00</Quantity>
      <UnitOfMeasure>ק"ג     </UnitOfMeasure>
      <bIsWeighted>0</bIsWeighted>
      <QtyInPackage>15</QtyInPackage>
      <ItemPrice>14.90</ItemPrice>
      <UnitOfMeasurePrice>14.9000</UnitOfMeasurePrice>
      <AllowDiscount>1</AllowDiscount>
      <ItemStatus>1</ItemStatus>
      <ItemId>50401</ItemId>
    </Item>
    <Item>
      <PriceUpdateDate>2023-12-31 12:48:24</PriceUpdateDate>
      <ItemCode>7290011996178</ItemCode>
      <ItemType>1</ItemType>
      <ItemName>רוטב סויה בסגנון יפנ</ItemName>
      <ManufacturerName>,</ManufacturerName>
      <ManufactureCountry>לא ידוע</ManufactureCountry>
      <ManufacturerItemDescription>רוטב סויה בסגנון יפני 300 מל</ManufacturerItemDescription>
      <UnitQty>מיליליטרים</UnitQty>
      <Quantity>300.00</Quantity>
      <UnitOfMeasure>100 מ"ל</UnitOfMeasure>
      <bIsWeighted>0</bIsWeighted>
      <QtyInPackage>12</QtyInPackage>
      <ItemPrice>14.90</ItemPrice>
      <UnitOfMeasurePrice>4.9667</UnitOfMeasurePrice>
      <AllowDiscount>1</AllowDiscount>
      <ItemStatus>1</ItemStatus>
      <ItemId>50405</ItemId>
    </Item>
    <Item>
      <PriceUpdateDate>2023-12-31 12:48:24</PriceUpdateDate>
      <ItemCode>7290011996499</ItemCode>
      <ItemType>1</ItemType>
      <ItemName>אטריות אורז דקות 400</ItemName>
      <ManufacturerName>,</ManufacturerName>
      <ManufactureCountry>לא ידוע</ManufactureCountry>
      <ManufacturerItemDescription>אטריות אורז דקות 400 גר</ManufacturerItemDescription>
      <UnitQty>גרמים</UnitQty>
      <Quantity>400.00</Quantity>
      <UnitOfMeasure>100 גרם</UnitOfMeasure>
      <bIsWeighted>0</bIsWeighted>
      <QtyInPackage>15</QtyInPackage>
      <ItemPrice>11.90</ItemPrice>
      <UnitOfMeasurePrice>2.9750</UnitOfMeasurePrice>
      <AllowDiscount>1</AllowDiscount>
      <ItemStatus>1</ItemStatus>
      <ItemId>50410</ItemId>
    </Item>
    <Item>
      <PriceUpdateDate>2023-12-31 12:48:24</PriceUpdateDate>
      <ItemCode>7290011996765</ItemCode>
      <ItemType>1</ItemType>
      <ItemName>משחת ואסאבי 43 גר</ItemName>
      <ManufacturerName>דאליאן טיאנפנג</ManufacturerName>
      <ManufactureCountry>לא ידוע</ManufactureCountry>
      <ManufacturerItemDescription>משחת ואסאבי 43 גר</ManufacturerItemDescription>
      <UnitQty>גרמים</UnitQty>
      <Quantity>43.00</Quantity>
      <UnitOfMeasure>100 גרם</UnitOfMeasure>
      <bIsWeighted>0</bIsWeighted>
      <QtyInPackage>10</QtyInPackage>
      <ItemPrice>14.90</ItemPrice>
      <UnitOfMeasurePrice>34.6512</UnitOfMeasurePrice>
      <AllowDiscount>1</AllowDiscount>
      <ItemStatus>1</ItemStatus>
      <ItemId>50411</ItemId>
    </Item>
    <Item>
      <PriceUpdateDate>2023-12-31 12:48:24</PriceUpdateDate>
      <ItemCode>7290011996789</ItemCode>
      <ItemType>1</ItemType>
      <ItemName>פירורי לחם פנקו 200</ItemName>
      <ManufacturerName>,</ManufacturerName>
      <ManufactureCountry>לא ידוע</ManufactureCountry>
      <ManufacturerItemDescription>פירורי לחם פנקו 200 גר</ManufacturerItemDescription>
      <UnitQty>גרמים</UnitQty>
      <Quantity>200.00</Quantity>
      <UnitOfMeasure>100 גרם</UnitOfMeasure>
      <bIsWeighted>0</bIsWeighted>
      <QtyInPackage>10</QtyInPackage>
      <ItemPrice>9.90</ItemPrice>
      <UnitOfMeasurePrice>4.9500</UnitOfMeasurePrice>
      <AllowDiscount>1</AllowDiscount>
      <ItemStatus>1</ItemStatus>
      <ItemId>50412</ItemId>
    </Item>
    <Item>
      <PriceUpdateDate>2023-12-31 12:48:24</PriceUpdateDate>
      <ItemCode>7290012159787</ItemCode>
      <ItemType>1</ItemType>
      <ItemName>קפיר דן 1 ל</ItemName>
      <ManufacturerName>,</ManufacturerName>
      <ManufactureCountry>לא ידוע</ManufactureCountry>
      <ManufacturerItemDescription>קפיר דן 1 ליטר</ManufacturerItemDescription>
      <UnitQty>ליטרים</UnitQty>
      <Quantity>1.00</Quantity>
      <UnitOfMeasure>ליטר    </UnitOfMeasure>
      <bIsWeighted>0</bIsWeighted>
      <QtyInPackage>1</QtyInPackage>
      <ItemPrice>15.90</ItemPrice>
      <UnitOfMeasurePrice>15.9000</UnitOfMeasurePrice>
      <AllowDiscount>1</AllowDiscount>
      <ItemStatus>1</ItemStatus>
      <ItemId>50457</ItemId>
    </Item>
    <Item>
      <PriceUpdateDate>2023-12-31 12:48:24</PriceUpdateDate>
      <ItemCode>7290012159794</ItemCode>
      <ItemType>1</ItemType>
      <ItemName>ריזנקה דן 1 ל</ItemName>
      <ManufacturerName>,</ManufacturerName>
      <ManufactureCountry>לא ידוע</ManufactureCountry>
      <ManufacturerItemDescription>ריאז"נקה דן 1 ליטר</ManufacturerItemDescription>
      <UnitQty>ליטרים</UnitQty>
      <Quantity>1.00</Quantity>
      <UnitOfMeasure>ליטר    </UnitOfMeasure>
      <bIsWeighted>0</bIsWeighted>
      <QtyInPackage>1</QtyInPackage>
      <ItemPrice>15.90</ItemPrice>
      <UnitOfMeasurePrice>15.9000</UnitOfMeasurePrice>
      <AllowDiscount>1</AllowDiscount>
      <ItemStatus>1</ItemStatus>
      <ItemId>50458</ItemId>
    </Item>
    <Item>
      <PriceUpdateDate>2023-12-31 12:48:24</PriceUpdateDate>
      <ItemCode>7290012159886</ItemCode>
      <ItemType>1</ItemType>
      <ItemName>תחליף גבינה מותכת דר</ItemName>
      <ManufacturerName>,</ManufacturerName>
      <ManufactureCountry>לא ידוע</ManufactureCountry>
      <ManufacturerItemDescription>תחליף גבינה מותכת דרוזבה 100 גר</ManufacturerItemDescription>
      <UnitQty>גרמים</UnitQty>
      <Quantity>100.00</Quantity>
      <UnitOfMeasure>100 גרם</UnitOfMeasure>
      <bIsWeighted>0</bIsWeighted>
      <QtyInPackage>1</QtyInPackage>
      <ItemPrice>4.00</ItemPrice>
      <UnitOfMeasurePrice>4.0000</UnitOfMeasurePrice>
      <AllowDiscount>1</AllowDiscount>
      <ItemStatus>1</ItemStatus>
      <ItemId>50461</ItemId>
    </Item>
    <Item>
      <PriceUpdateDate>2023-12-31 12:48:24</PriceUpdateDate>
      <ItemCode>7290012159893</ItemCode>
      <ItemType>1</ItemType>
      <ItemName>תחליף גבינה מותכת דר</ItemName>
      <ManufacturerName>,</ManufacturerName>
      <ManufactureCountry>לא ידוע</ManufactureCountry>
      <ManufacturerItemDescription>תחליף גבינה מותכת דרוזבה פטריות 100 גר</ManufacturerItemDescription>
      <UnitQty>גרמים</UnitQty>
      <Quantity>100.00</Quantity>
      <UnitOfMeasure>100 גרם</UnitOfMeasure>
      <bIsWeighted>0</bIsWeighted>
      <QtyInPackage>1</QtyInPackage>
      <ItemPrice>4.00</ItemPrice>
      <UnitOfMeasurePrice>4.0000</UnitOfMeasurePrice>
      <AllowDiscount>1</AllowDiscount>
      <ItemStatus>1</ItemStatus>
      <ItemId>50462</ItemId>
    </Item>
    <Item>
      <PriceUpdateDate>2023-12-31 12:48:24</PriceUpdateDate>
      <ItemCode>7290012159909</ItemCode>
      <ItemType>1</ItemType>
      <ItemName>תחליף גבינה מותכת ינ</ItemName>
      <ManufacturerName>,</ManufacturerName>
      <ManufactureCountry>לא ידוע</ManufactureCountry>
      <ManufacturerItemDescription>תחליף גבינה מותכת ינטאר 100 גר</ManufacturerItemDescription>
      <UnitQty>גרמים</UnitQty>
      <Quantity>100.00</Quantity>
      <UnitOfMeasure>100 גרם</UnitOfMeasure>
      <bIsWeighted>0</bIsWeighted>
      <QtyInPackage>1</QtyInPackage>
      <ItemPrice>4.00</ItemPrice>
      <UnitOfMeasurePrice>4.0000</UnitOfMeasurePrice>
      <AllowDiscount>1</AllowDiscount>
      <ItemStatus>1</ItemStatus>
      <ItemId>50463</ItemId>
    </Item>
    <Item>
      <PriceUpdateDate>2023-12-31 12:48:24</PriceUpdateDate>
      <ItemCode>7290012159916</ItemCode>
      <ItemType>1</ItemType>
      <ItemName>תחליף גבינה מותכת ינ</ItemName>
      <ManufacturerName>,</ManufacturerName>
      <ManufactureCountry>לא ידוע</ManufactureCountry>
      <ManufacturerItemDescription>תחליף גבינה מותכת ינטאר סלמון 100 גר</ManufacturerItemDescription>
      <UnitQty>גרמים</UnitQty>
      <Quantity>100.00</Quantity>
      <UnitOfMeasure>100 גרם</UnitOfMeasure>
      <bIsWeighted>0</bIsWeighted>
      <QtyInPackage>1</QtyInPackage>
      <ItemPrice>4.90</ItemPrice>
      <UnitOfMeasurePrice>4.9000</UnitOfMeasurePrice>
      <AllowDiscount>1</AllowDiscount>
      <ItemStatus>1</ItemStatus>
      <ItemId>50464</ItemId>
    </Item>
    <Item>
      <PriceUpdateDate>2025-10-31 09:54:17</PriceUpdateDate>
      <ItemCode>4605142053493</ItemCode>
      <ItemType>1</ItemType>
      <ItemName>סלבנקה אסורטי ליבושק</ItemName>
      <ManufacturerName>,</ManufacturerName>
      <ManufactureCountry>לא ידוע</ManufactureCountry>
      <ManufacturerItemDescription>סלבנקה אסורטי ליבושקה לילדים 177 גר</ManufacturerItemDescription>
      <UnitQty>גרמים</UnitQty>
      <Quantity>177.00</Quantity>
      <UnitOfMeasure>100 גרם</UnitOfMeasure>
      <bIsWeighted>0</bIsWeighted>
      <QtyInPackage>1</QtyInPackage>
      <ItemPrice>19.90</ItemPrice>
      <UnitOfMeasurePrice>11.2429</UnitOfMeasurePrice>
      <AllowDiscount>1</AllowDiscount>
      <ItemStatus>1</ItemStatus>
      <ItemId>102363</ItemId>
    </Item>
    <Item>
      <PriceUpdateDate>2025-11-12 09:07:57</PriceUpdateDate>
      <ItemCode>9002859131684</ItemCode>
      <ItemType>1</ItemType>
      <ItemName>גונץ אנשי שלג משוקול</ItemName>
      <ManufacturerName>,</ManufacturerName>
      <ManufactureCountry>לא ידוע</ManufactureCountry>
      <ManufacturerItemDescription>גונץ אנשי שלג משוקולד קרם חלב ברשת 85 גר</ManufacturerItemDescription>
      <UnitQty>גרמים</UnitQty>
      <Quantity>85.00</Quantity>
      <UnitOfMeasure>100 גרם</UnitOfMeasure>
      <bIsWeighted>0</bIsWeighted>
      <QtyInPackage>1</QtyInPackage>
      <ItemPrice>13.90</ItemPrice>
      <UnitOfMeasurePrice>16.3529</UnitOfMeasurePrice>
      <AllowDiscount>1</AllowDiscount>
      <ItemStatus>1</ItemStatus>
      <ItemId>102721</ItemId>
    </Item>
    <Item>
      <PriceUpdateDate>2023-12-31 12:48:28</PriceUpdateDate>
      <ItemCode>8001876550561</ItemCode>
      <ItemType>1</ItemType>
      <ItemName>חומץ בלסמי מדנה קולו</ItemName>
      <ManufacturerName>DE NIGRIS</ManufacturerName>
      <ManufactureCountry>איטליה</ManufactureCountry>
      <ManufacturerItemDescription>חומץ בלסמי "קולאויטה</ManufacturerItemDescription>
      <UnitQty>מיליליטרים</UnitQty>
      <Quantity>500.00</Quantity>
      <UnitOfMeasure>100 מ"ל</UnitOfMeasure>
      <bIsWeighted>0</bIsWeighted>
      <QtyInPackage>6</QtyInPackage>
      <ItemPrice>29.90</ItemPrice>
      <UnitOfMeasurePrice>5.9800</UnitOfMeasurePrice>
      <AllowDiscount>1</AllowDiscount>
      <ItemStatus>1</ItemStatus>
      <ItemId>50979</ItemId>
    </Item>
    <Item>
      <PriceUpdateDate>2024-03-01 08:56:53</PriceUpdateDate>
      <ItemCode>8002270015656</ItemCode>
      <ItemType>1</ItemType>
      <ItemName>מים מינרליים מוגזים</ItemName>
      <ManufacturerName>,</ManufacturerName>
      <ManufactureCountry>לא ידוע</ManufactureCountry>
      <ManufacturerItemDescription>סאן פלגרינו 750מ""ל</ManufacturerItemDescription>
      <UnitQty>מיליליטרים</UnitQty>
      <Quantity>750.00</Quantity>
      <UnitOfMeasure>100 מ"ל</UnitOfMeasure>
      <bIsWeighted>0</bIsWeighted>
      <QtyInPackage>1</QtyInPackage>
      <ItemPrice>11.90</ItemPrice>
      <UnitOfMeasurePrice>1.5867</UnitOfMeasurePrice>
      <AllowDiscount>1</AllowDiscount>
      <ItemStatus>1</ItemStatus>
      <ItemId>50986</ItemId>
    </Item>
    <Item>
      <PriceUpdateDate>2025-02-02 09:45:24</PriceUpdateDate>
      <ItemCode>8003340091280</ItemCode>
      <ItemType>1</ItemType>
      <ItemName>בונבוניירת לינדור מר</ItemName>
      <ManufacturerName>לינדט</ManufacturerName>
      <ManufactureCountry>לא ידוע</ManufactureCountry>
      <ManufacturerItemDescription>בונבוניירות לינדור 6</ManufacturerItemDescription>
      <UnitQty>גרמים</UnitQty>
      <Quantity>200.00</Quantity>
      <UnitOfMeasure>100 גרם</UnitOfMeasure>
      <bIsWeighted>0</bIsWeighted>
      <QtyInPackage>1</QtyInPackage>
      <ItemPrice>39.90</ItemPrice>
      <UnitOfMeasurePrice>19.9500</UnitOfMeasurePrice>
      <AllowDiscount>1</AllowDiscount>
      <ItemStatus>1</ItemStatus>
      <ItemId>51003</ItemId>
    </Item>
    <Item>
      <PriceUpdateDate>2025-11-09 14:54:18</PriceUpdateDate>
      <ItemCode>8003896080028</ItemCode>
      <ItemType>1</ItemType>
      <ItemName>פאנטונה סאנטאנגלו בק</ItemName>
      <ManufacturerName>SANTANGELO</ManufacturerName>
      <ManufactureCountry>לא ידוע</ManufactureCountry>
      <ManufacturerItemDescription>פאנטונה סאנטאנגלו בקופסא 500 גר</ManufacturerItemDescription>
      <UnitQty>גרמים</UnitQty>
      <Quantity>500.00</Quantity>
      <UnitOfMeasure>100 גרם</UnitOfMeasure>
      <bIsWeighted>0</bIsWeighted>
      <QtyInPackage>1</QtyInPackage>
      <ItemPrice>39.90</ItemPrice>
      <UnitOfMeasurePrice>7.9800</UnitOfMeasurePrice>
      <AllowDiscount>1</AllowDiscount>
      <ItemStatus>1</ItemStatus>
      <ItemId>51008</ItemId>
    </Item>
    <Item>
      <PriceUpdateDate>2025-03-06 19:02:08</PriceUpdateDate>
      <ItemCode>8008620009313</ItemCode>
      <ItemType>1</ItemType>
      <ItemName>קריץ קרקר מלוח 250 ג</ItemName>
      <ManufacturerName>,</ManufacturerName>
      <ManufactureCountry>לא ידוע</ManufactureCountry>
      <ManufacturerItemDescription>קרקר מלוח 250 גר</ManufacturerItemDescription>
      <UnitQty>גרמים</UnitQty>
      <Quantity>250.00</Quantity>
      <UnitOfMeasure>100 גרם</UnitOfMeasure>
      <bIsWeighted>0</bIsWeighted>
      <QtyInPackage>12</QtyInPackage>
      <ItemPrice>10.90</ItemPrice>
      <UnitOfMeasurePrice>4.3600</UnitOfMeasurePrice>
      <AllowDiscount>1</AllowDiscount>
      <ItemStatus>1</ItemStatus>
      <ItemId>51083</ItemId>
    </Item>
    <Item>
      <PriceUpdateDate>2025-03-06 19:02:08</PriceUpdateDate>
      <ItemCode>8008620009337</ItemCode>
      <ItemType>1</ItemType>
      <ItemName>קריץ קרקר חיטה מלאה</ItemName>
      <ManufacturerName>,</ManufacturerName>
      <ManufactureCountry>לא ידוע</ManufactureCountry>
      <ManufacturerItemDescription>קרקר חיטה מלאה 250גר</ManufacturerItemDescription>
      <UnitQty>גרמים</UnitQty>
      <Quantity>250.00</Quantity>
      <UnitOfMeasure>100 גרם</UnitOfMeasure>
      <bIsWeighted>0</bIsWeighted>
      <QtyInPackage>12</QtyInPackage>
      <ItemPrice>10.90</ItemPrice>
      <UnitOfMeasurePrice>4.3600</UnitOfMeasurePrice>
      <AllowDiscount>1</AllowDiscount>
      <ItemStatus>1</ItemStatus>
      <ItemId>51084</ItemId>
    </Item>
    <Item>
      <PriceUpdateDate>2024-05-06 19:50:15</PriceUpdateDate>
      <ItemCode>8008620063032</ItemCode>
      <ItemType>1</ItemType>
      <ItemName>קריץ קרקר שמן זית רו</ItemName>
      <ManufacturerName>,</ManufacturerName>
      <ManufactureCountry>לא ידוע</ManufactureCountry>
      <ManufacturerItemDescription>קרקרים עם שמן זית ור</ManufacturerItemDescription>
      <UnitQty>גרמים</UnitQty>
      <Quantity>250.00</Quantity>
      <UnitOfMeasure>100 גרם</UnitOfMeasure>
      <bIsWeighted>0</bIsWeighted>
      <QtyInPackage>12</QtyInPackage>
      <ItemPrice>11.90</ItemPrice>
      <UnitOfMeasurePrice>4.7600</UnitOfMeasurePrice>
      <AllowDiscount>1</AllowDiscount>
      <ItemStatus>1</ItemStatus>
      <ItemId>51088</ItemId>
    </Item>
    <Item>
      <PriceUpdateDate>2023-12-31 12:48:29</PriceUpdateDate>
      <ItemCode>80273561</ItemCode>
      <ItemType>1</ItemType>
      <ItemName>פלפל שחור במטחנה 45</ItemName>
      <ManufacturerName>,</ManufacturerName>
      <ManufactureCountry>לא ידוע</ManufactureCountry>
      <ManufacturerItemDescription>פלפל שחור במטחנה 45 גר</ManufacturerItemDescription>
      <UnitQty>גרמים</UnitQty>
      <Quantity>45.00</Quantity>
      <UnitOfMeasure>100 גרם</UnitOfMeasure>
      <bIsWeighted>0</bIsWeighted>
      <QtyInPackage>1</QtyInPackage>
      <ItemPrice>16.90</ItemPrice>
      <UnitOfMeasurePrice>37.5556</UnitOfMeasurePrice>
      <AllowDiscount>1</AllowDiscount>
      <ItemStatus>1</ItemStatus>
      <ItemId>51102</ItemId>
    </Item>
    <Item>
      <PriceUpdateDate>2023-12-31 12:48:29</PriceUpdateDate>
      <ItemCode>80273639</ItemCode>
      <ItemType>1</ItemType>
      <ItemName>מלח ים במטחנה 90 גר</ItemName>
      <ManufacturerName>,</ManufacturerName>
      <ManufactureCountry>לא ידוע</ManufactureCountry>
      <ManufacturerItemDescription>מלח ים במטחנה 90 גר</ManufacturerItemDescription>
      <UnitQty>גרמים</UnitQty>
      <Quantity>90.00</Quantity>
      <UnitOfMeasure>100 גרם</UnitOfMeasure>
      <bIsWeighted>0</bIsWeighted>
      <QtyInPackage>1</QtyInPackage>
      <ItemPrice>16.90</ItemPrice>
      <UnitOfMeasurePrice>18.7778</UnitOfMeasurePrice>
      <AllowDiscount>1</AllowDiscount>
      <ItemStatus>1</ItemStatus>
      <ItemId>51104</ItemId>
    </Item>
    <Item>
      <PriceUpdateDate>2023-12-31 12:48:29</PriceUpdateDate>
      <ItemCode>9002859018800</ItemCode>
      <ItemType>1</ItemType>
      <ItemName>מיץ בטעם לימון 200 מ</ItemName>
      <ManufacturerName>GUNZ WARENHANDELS</ManufacturerName>
      <ManufactureCountry>לא ידוע</ManufactureCountry>
      <ManufacturerItemDescription>מיץ לימון ליים (צהוב</ManufacturerItemDescription>
      <UnitQty>מיליליטרים</UnitQty>
      <Quantity>200.00</Quantity>
      <UnitOfMeasure>100 מ"ל</UnitOfMeasure>
      <bIsWeighted>0</bIsWeighted>
      <QtyInPackage>1</QtyInPackage>
      <ItemPrice>7.90</ItemPrice>
      <UnitOfMeasurePrice>3.9500</UnitOfMeasurePrice>
      <AllowDiscount>1</AllowDiscount>
      <ItemStatus>1</ItemStatus>
      <ItemId>51124</ItemId>
    </Item>
    <Item>
      <PriceUpdateDate>2023-12-31 12:48:29</PriceUpdateDate>
      <ItemCode>9002859038419</ItemCode>
      <ItemType>1</ItemType>
      <ItemName>קרקרים בתוספת שמן זי</ItemName>
      <ManufacturerName>GUNZ WARENHANDELS</ManufacturerName>
      <ManufactureCountry>לא ידוע</ManufactureCountry>
      <ManufacturerItemDescription>קרקרים עם שמן זית ור</ManufacturerItemDescription>
      <UnitQty>גרמים</UnitQty>
      <Quantity>250.00</Quantity>
      <UnitOfMeasure>100 גרם</UnitOfMeasure>
      <bIsWeighted>0</bIsWeighted>
      <QtyInPackage>1</QtyInPackage>
      <ItemPrice>11.90</ItemPrice>
      <UnitOfMeasurePrice>4.7600</UnitOfMeasurePrice>
      <AllowDiscount>1</AllowDiscount>
      <ItemStatus>1</ItemStatus>
      <ItemId>51129</ItemId>
    </Item>
    <Item>
      <PriceUpdateDate>2023-12-31 12:48:29</PriceUpdateDate>
      <ItemCode>29801025203</ItemCode>
      <ItemType>1</ItemType>
      <ItemName>עוגיות חמאה קריספי ב</ItemName>
      <ManufacturerName>HAMLET NV</ManufacturerName>
      <ManufactureCountry>לא ידוע</ManufactureCountry>
      <ManufacturerItemDescription>עוגיות חמאה קריספי 2</ManufacturerItemDescription>
      <UnitQty>גרמים</UnitQty>
      <Quantity>200.00</Quantity>
      <UnitOfMeasure>100 גרם</UnitOfMeasure>
      <bIsWeighted>0</bIsWeighted>
      <QtyInPackage>1</QtyInPackage>
      <ItemPrice>19.90</ItemPrice>
      <UnitOfMeasurePrice>9.9500</UnitOfMeasurePrice>
      <AllowDiscount>1</AllowDiscount>
      <ItemStatus>1</ItemStatus>
      <ItemId>51175</ItemId>
    </Item>
    <Item>
      <PriceUpdateDate>2025-02-25 14:20:52</PriceUpdateDate>
      <ItemCode>3046920028004</ItemCode>
      <ItemType>1</ItemType>
      <ItemName>שוקולד לינדט אקסלנס</ItemName>
      <ManufacturerName>לינדט</ManufacturerName>
      <ManufactureCountry>לא ידוע</ManufactureCountry>
      <ManufacturerItemDescription>שוקולד לינדט אקסלנס 70% 100 גר</ManufacturerItemDescription>
      <UnitQty>גרמים</UnitQty>
      <Quantity>100.00</Quantity>
      <UnitOfMeasure>100 גרם</UnitOfMeasure>
      <bIsWeighted>0</bIsWeighted>
      <QtyInPackage>1</QtyInPackage>
      <ItemPrice>22.90</ItemPrice>
      <UnitOfMeasurePrice>22.9000</UnitOfMeasurePrice>
      <AllowDiscount>1</AllowDiscount>
      <ItemStatus>1</ItemStatus>
      <ItemId>51183</ItemId>
    </Item>
    <Item>
      <PriceUpdateDate>2025-02-25 14:20:53</PriceUpdateDate>
      <ItemCode>3046920028363</ItemCode>
      <ItemType>1</ItemType>
      <ItemName>שוקולד מריר 85% לינד</ItemName>
      <ManufacturerName>לינדט</ManufacturerName>
      <ManufactureCountry>לא ידוע</ManufactureCountry>
      <ManufacturerItemDescription>שוקולד מריר 85% לינדט אקסלנס 100 גר</ManufacturerItemDescription>
      <UnitQty>גרמים</UnitQty>
      <Quantity>100.00</Quantity>
      <UnitOfMeasure>100 גרם</UnitOfMeasure>
      <bIsWeighted>0</bIsWeighted>
      <QtyInPackage>1</QtyInPackage>
      <ItemPrice>22.90</ItemPrice>
      <UnitOfMeasurePrice>22.9000</UnitOfMeasurePrice>
      <AllowDiscount>1</AllowDiscount>
      <ItemStatus>1</ItemStatus>
      <ItemId>51184</ItemId>
    </Item>
    <Item>
      <PriceUpdateDate>2025-02-25 14:20:53</PriceUpdateDate>
      <ItemCode>3046920028752</ItemCode>
      <ItemType>1</ItemType>
      <ItemName>שוקולד מריר עם מנטה</ItemName>
      <ManufacturerName>לינדט</ManufacturerName>
      <ManufactureCountry>לא ידוע</ManufactureCountry>
      <ManufacturerItemDescription>שוקולד "לינדט אקסלנס</ManufacturerItemDescription>
      <UnitQty>גרמים</UnitQty>
      <Quantity>100.00</Quantity>
      <UnitOfMeasure>100 גרם</UnitOfMeasure>
      <bIsWeighted>0</bIsWeighted>
      <QtyInPackage>1</QtyInPackage>
      <ItemPrice>22.90</ItemPrice>
      <UnitOfMeasurePrice>22.9000</UnitOfMeasurePrice>
      <AllowDiscount>1</AllowDiscount>
      <ItemStatus>1</ItemStatus>
      <ItemId>51185</ItemId>
    </Item>
    <Item>
      <PriceUpdateDate>2023-12-31 12:48:29</PriceUpdateDate>
      <ItemCode>308910525744</ItemCode>
      <ItemType>1</ItemType>
      <ItemName>אטריות אורז דקות 454</ItemName>
      <ManufacturerName>Oriental food co. lt</ManufacturerName>
      <ManufactureCountry>לא ידוע</ManufactureCountry>
      <ManufacturerItemDescription>אטריות אורז דקות 454 גר</ManufacturerItemDescription>
      <UnitQty>גרמים</UnitQty>
      <Quantity>454.00</Quantity>
      <UnitOfMeasure>100 גרם</UnitOfMeasure>
      <bIsWeighted>0</bIsWeighted>
      <QtyInPackage>1</QtyInPackage>
      <ItemPrice>11.90</ItemPrice>
      <UnitOfMeasurePrice>2.6211</UnitOfMeasurePrice>
      <AllowDiscount>1</AllowDiscount>
      <ItemStatus>1</ItemStatus>
      <ItemId>51194</ItemId>
    </Item>
    <Item>
      <PriceUpdateDate>2024-05-02 16:06:50</PriceUpdateDate>
      <ItemCode>3147690045908</ItemCode>
      <ItemType>1</ItemType>
      <ItemName>ארמניאק דה לה מזייר</ItemName>
      <ManufacturerName>לה מזייר</ManufacturerName>
      <ManufactureCountry>לא ידוע</ManufactureCountry>
      <ManufacturerItemDescription>ארמניאק דה לה מזייר</ManufacturerItemDescription>
      <UnitQty>מיליליטרים</UnitQty>
      <Quantity>750.00</Quantity>
      <UnitOfMeasure>100 מ"ל</UnitOfMeasure>
      <bIsWeighted>0</bIsWeighted>
      <QtyInPackage>1</QtyInPackage>
      <ItemPrice>129.90</ItemPrice>
      <UnitOfMeasurePrice>17.3200</UnitOfMeasurePrice>
      <AllowDiscount>1</AllowDiscount>
      <ItemStatus>1</ItemStatus>
      <ItemId>51199</ItemId>
    </Item>
    <Item>
      <PriceUpdateDate>2025-01-13 08:35:08</PriceUpdateDate>
      <ItemCode>3161911229199</ItemCode>
      <ItemType>1</ItemType>
      <ItemName>חמאה רכה אלוויר 250</ItemName>
      <ManufacturerName>אלוויר</ManufacturerName>
      <ManufactureCountry>לא ידוע</ManufactureCountry>
      <ManufacturerItemDescription>חמאה רכה "אלוויר"</ManufacturerItemDescription>
      <UnitQty>גרמים</UnitQty>
      <Quantity>250.00</Quantity>
      <UnitOfMeasure>100 גרם</UnitOfMeasure>
      <bIsWeighted>0</bIsWeighted>
      <QtyInPackage>1</QtyInPackage>
      <ItemPrice>29.90</ItemPrice>
      <UnitOfMeasurePrice>11.9600</UnitOfMeasurePrice>
      <AllowDiscount>1</AllowDiscount>
      <ItemStatus>1</ItemStatus>
      <ItemId>51202</ItemId>
    </Item>
    <Item>
      <PriceUpdateDate>2023-12-31 12:48:29</PriceUpdateDate>
      <ItemCode>3175460000062</ItemCode>
      <ItemType>1</ItemType>
      <ItemName>גבינה בורסן פלפל 150</ItemName>
      <ManufacturerName>בל</ManufacturerName>
      <ManufactureCountry>לא ידוע</ManufactureCountry>
      <ManufacturerItemDescription>בורסן פלפל</ManufacturerItemDescription>
      <UnitQty>גרמים</UnitQty>
      <Quantity>150.00</Quantity>
      <UnitOfMeasure>100 גרם</UnitOfMeasure>
      <bIsWeighted>0</bIsWeighted>
      <QtyInPackage>1</QtyInPackage>
      <ItemPrice>21.90</ItemPrice>
      <UnitOfMeasurePrice>14.6000</UnitOfMeasurePrice>
      <AllowDiscount>1</AllowDiscount>
      <ItemStatus>1</ItemStatus>
      <ItemId>51204</ItemId>
    </Item>
    <Item>
      <PriceUpdateDate>2025-08-03 13:12:26</PriceUpdateDate>
      <ItemCode>3184030003570</ItemCode>
      <ItemType>1</ItemType>
      <ItemName>קממבר צרפתי אריזת עץ</ItemName>
      <ManufacturerName>,</ManufacturerName>
      <ManufactureCountry>לא ידוע</ManufactureCountry>
      <ManufacturerItemDescription>קממבר צרפתי אריזת עץ</ManufacturerItemDescription>
      <UnitQty>גרמים</UnitQty>
      <Quantity>250.00</Quantity>
      <UnitOfMeasure>100 גרם</UnitOfMeasure>
      <bIsWeighted>0</bIsWeighted>
      <QtyInPackage>1</QtyInPackage>
      <ItemPrice>44.90</ItemPrice>
      <UnitOfMeasurePrice>17.9600</UnitOfMeasurePrice>
      <AllowDiscount>1</AllowDiscount>
      <ItemStatus>1</ItemStatus>
      <ItemId>51210</ItemId>
    </Item>
    <Item>
      <PriceUpdateDate>2025-08-03 13:12:26</PriceUpdateDate>
      <ItemCode>3256760106408</ItemCode>
      <ItemType>1</ItemType>
      <ItemName>פלשארד בסגנון פטה קו</ItemName>
      <ManufacturerName>,</ManufacturerName>
      <ManufactureCountry>לא ידוע</ManufactureCountry>
      <ManufacturerItemDescription>פלשארד קרטונית מנות</ManufacturerItemDescription>
      <UnitQty>גרמים</UnitQty>
      <Quantity>500.00</Quantity>
      <UnitOfMeasure>100 גרם</UnitOfMeasure>
      <bIsWeighted>0</bIsWeighted>
      <QtyInPackage>1</QtyInPackage>
      <ItemPrice>15.90</ItemPrice>
      <UnitOfMeasurePrice>3.1800</UnitOfMeasurePrice>
      <AllowDiscount>1</AllowDiscount>
      <ItemStatus>1</ItemStatus>
      <ItemId>51215</ItemId>
    </Item>
    <Item>
      <PriceUpdateDate>2025-08-03 13:12:26</PriceUpdateDate>
      <ItemCode>3256761201003</ItemCode>
      <ItemType>1</ItemType>
      <ItemName>תחליף גבינה פטה פלשא</ItemName>
      <ManufacturerName>,</ManufacturerName>
      <ManufactureCountry>לא ידוע</ManufactureCountry>
      <ManufacturerItemDescription>גבינה פטה "פלשארד" ב</ManufacturerItemDescription>
      <UnitQty>גרמים</UnitQty>
      <Quantity>500.00</Quantity>
      <UnitOfMeasure>100 גרם</UnitOfMeasure>
      <bIsWeighted>0</bIsWeighted>
      <QtyInPackage>1</QtyInPackage>
      <ItemPrice>15.90</ItemPrice>
      <UnitOfMeasurePrice>3.1800</UnitOfMeasurePrice>
      <AllowDiscount>1</AllowDiscount>
      <ItemStatus>1</ItemStatus>
      <ItemId>51216</ItemId>
    </Item>
    <Item>
      <PriceUpdateDate>2024-02-01 08:38:22</PriceUpdateDate>
      <ItemCode>33617322616</ItemCode>
      <ItemType>1</ItemType>
      <ItemName>ואזה קלה מקמח שיפון</ItemName>
      <ManufacturerName>,</ManufacturerName>
      <ManufactureCountry>לא ידוע</ManufactureCountry>
      <ManufacturerItemDescription>ואזה קלה מקמח שיפון 270 גר</ManufacturerItemDescription>
      <UnitQty>גרמים</UnitQty>
      <Quantity>270.00</Quantity>
      <UnitOfMeasure>100 גרם</UnitOfMeasure>
      <bIsWeighted>0</bIsWeighted>
      <QtyInPackage>1</QtyInPackage>
      <ItemPrice>14.90</ItemPrice>
      <UnitOfMeasurePrice>5.5185</UnitOfMeasurePrice>
      <AllowDiscount>1</AllowDiscount>
      <ItemStatus>1</ItemStatus>
      <ItemId>51222</ItemId>
    </Item>
    <Item>
      <PriceUpdateDate>2024-02-01 08:38:22</PriceUpdateDate>
      <ItemCode>33617340610</ItemCode>
      <ItemType>1</ItemType>
      <ItemName>ואזה מקמח שיפון 275</ItemName>
      <ManufacturerName>,</ManufacturerName>
      <ManufactureCountry>לא ידוע</ManufactureCountry>
      <ManufacturerItemDescription>ואזה מקמח שיפון 275 גר</ManufacturerItemDescription>
      <UnitQty>גרמים</UnitQty>
      <Quantity>275.00</Quantity>
      <UnitOfMeasure>100 גרם</UnitOfMeasure>
      <bIsWeighted>0</bIsWeighted>
      <QtyInPackage>1</QtyInPackage>
      <ItemPrice>14.90</ItemPrice>
      <UnitOfMeasurePrice>5.4182</UnitOfMeasurePrice>
      <AllowDiscount>1</AllowDiscount>
      <ItemStatus>1</ItemStatus>
      <ItemId>51223</ItemId>
    </Item>
    <Item>
      <PriceUpdateDate>2025-08-03 13:12:26</PriceUpdateDate>
      <ItemCode>3412290023640</ItemCode>
      <ItemType>1</ItemType>
      <ItemName>אמנטל צרפתי 250 גר</ItemName>
      <ManufacturerName>,</ManufacturerName>
      <ManufactureCountry>לא ידוע</ManufactureCountry>
      <ManufacturerItemDescription>אמנטל צרפתי 250 גר"</ManufacturerItemDescription>
      <UnitQty>גרמים</UnitQty>
      <Quantity>250.00</Quantity>
      <UnitOfMeasure>100 גרם</UnitOfMeasure>
      <bIsWeighted>0</bIsWeighted>
      <QtyInPackage>1</QtyInPackage>
      <ItemPrice>37.90</ItemPrice>
      <UnitOfMeasurePrice>15.1600</UnitOfMeasurePrice>
      <AllowDiscount>1</AllowDiscount>
      <ItemStatus>1</ItemStatus>
      <ItemId>51228</ItemId>
    </Item>
    <Item>
      <PriceUpdateDate>2025-07-02 09:18:32</PriceUpdateDate>
      <ItemCode>4019400440657</ItemCode>
      <ItemType>1</ItemType>
      <ItemName>דפדפי שוקולד הלורן ב</ItemName>
      <ManufacturerName>,</ManufacturerName>
      <ManufactureCountry>לא ידוע</ManufactureCountry>
      <ManufacturerItemDescription>דפדפי שוקולד הלורן בטעם מנטה 200 גר</ManufacturerItemDescription>
      <UnitQty>גרמים</UnitQty>
      <Quantity>200.00</Quantity>
      <UnitOfMeasure>100 גרם</UnitOfMeasure>
      <bIsWeighted>0</bIsWeighted>
      <QtyInPackage>1</QtyInPackage>
      <ItemPrice>21.90</ItemPrice>
      <UnitOfMeasurePrice>10.9500</UnitOfMeasurePrice>
      <AllowDiscount>1</AllowDiscount>
      <ItemStatus>1</ItemStatus>
      <ItemId>51269</ItemId>
    </Item>
    <Item>
      <PriceUpdateDate>2024-03-03 08:49:08</PriceUpdateDate>
      <ItemCode>4022025000137</ItemCode>
      <ItemType>1</ItemType>
      <ItemName>יין בלו נאן גוורטצטר</ItemName>
      <ManufacturerName>,</ManufacturerName>
      <ManufactureCountry>לא ידוע</ManufactureCountry>
      <ManufacturerItemDescription>יין "בלו נאן" גוורטצ</ManufacturerItemDescription>
      <UnitQty>מיליליטרים</UnitQty>
      <Quantity>750.00</Quantity>
      <UnitOfMeasure>100 מ"ל</UnitOfMeasure>
      <bIsWeighted>0</bIsWeighted>
      <QtyInPackage>1</QtyInPackage>
      <ItemPrice>49.90</ItemPrice>
      <UnitOfMeasurePrice>6.6533</UnitOfMeasurePrice>
      <AllowDiscount>1</AllowDiscount>
      <ItemStatus>1</ItemStatus>
      <ItemId>51271</ItemId>
    </Item>
    <Item>
      <PriceUpdateDate>2024-07-23 17:23:58</PriceUpdateDate>
      <ItemCode>4037719657290</ItemCode>
      <ItemType>1</ItemType>
      <ItemName>סוכריות בצנצנת 300 ג</ItemName>
      <ManufacturerName>,</ManufacturerName>
      <ManufactureCountry>לא ידוע</ManufactureCountry>
      <ManufacturerItemDescription>סוכריות בצנצנת 300 ג</ManufacturerItemDescription>
      <UnitQty>גרמים</UnitQty>
      <Quantity>300.00</Quantity>
      <UnitOfMeasure>100 גרם</UnitOfMeasure>
      <bIsWeighted>0</bIsWeighted>
      <QtyInPackage>1</QtyInPackage>
      <ItemPrice>21.90</ItemPrice>
      <UnitOfMeasurePrice>7.3000</UnitOfMeasurePrice>
      <AllowDiscount>1</AllowDiscount>
      <ItemStatus>1</ItemStatus>
      <ItemId>51297</ItemId>
    </Item>
    <Item>
      <PriceUpdateDate>2023-12-31 12:48:30</PriceUpdateDate>
      <ItemCode>4072700001188</ItemCode>
      <ItemType>1</ItemType>
      <ItemName>בירה פרנסיסקנר כהה ב</ItemName>
      <ManufacturerName>Franziskaner</ManufacturerName>
      <ManufactureCountry>לא ידוע</ManufactureCountry>
      <ManufacturerItemDescription>בירה פרנסיסקנר דנקל 500 מ"ל</ManufacturerItemDescription>
      <UnitQty>מיליליטרים</UnitQty>
      <Quantity>500.00</Quantity>
      <UnitOfMeasure>100 מ"ל</UnitOfMeasure>
      <bIsWeighted>0</bIsWeighted>
      <QtyInPackage>1</QtyInPackage>
      <ItemPrice>12.90</ItemPrice>
      <UnitOfMeasurePrice>2.5800</UnitOfMeasurePrice>
      <AllowDiscount>1</AllowDiscount>
      <ItemStatus>1</ItemStatus>
      <ItemId>51304</ItemId>
    </Item>
    <Item>
      <PriceUpdateDate>2025-08-12 12:29:42</PriceUpdateDate>
      <ItemCode>4600300000739</ItemCode>
      <ItemType>1</ItemType>
      <ItemName>קקאו זולוטוי ירליק 1</ItemName>
      <ManufacturerName>קרסניי אוקטברי</ManufacturerName>
      <ManufactureCountry>לא ידוע</ManufactureCountry>
      <ManufacturerItemDescription>קקאו "זולוטוי ירליק" 100 גר</ManufacturerItemDescription>
      <UnitQty>גרמים</UnitQty>
      <Quantity>100.00</Quantity>
      <UnitOfMeasure>100 גרם</UnitOfMeasure>
      <bIsWeighted>0</bIsWeighted>
      <QtyInPackage>1</QtyInPackage>
      <ItemPrice>15.90</ItemPrice>
      <UnitOfMeasurePrice>15.9000</UnitOfMeasurePrice>
      <AllowDiscount>1</AllowDiscount>
      <ItemStatus>1</ItemStatus>
      <ItemId>51323</ItemId>
    </Item>
    <Item>
      <PriceUpdateDate>2024-06-20 17:50:58</PriceUpdateDate>
      <ItemCode>4600659010854</ItemCode>
      <ItemType>1</ItemType>
      <ItemName>וודקה סטולי אדום 700</ItemName>
      <ManufacturerName>אס פי אי</ManufacturerName>
      <ManufactureCountry>לא ידוע</ManufactureCountry>
      <ManufacturerItemDescription>וודקה סטולי אדום 700</ManufacturerItemDescription>
      <UnitQty>מיליליטרים</UnitQty>
      <Quantity>700.00</Quantity>
      <UnitOfMeasure>100 מ"ל</UnitOfMeasure>
      <bIsWeighted>0</bIsWeighted>
      <QtyInPackage>1</QtyInPackage>
      <ItemPrice>64.90</ItemPrice>
      <UnitOfMeasurePrice>9.2714</UnitOfMeasurePrice>
      <AllowDiscount>1</AllowDiscount>
      <ItemStatus>1</ItemStatus>
      <ItemId>51341</ItemId>
    </Item>
    <Item>
      <PriceUpdateDate>2024-11-27 12:43:18</PriceUpdateDate>
      <ItemCode>4601780002572</ItemCode>
      <ItemType>1</ItemType>
      <ItemName>קמח חיטה 1 קג</ItemName>
      <ManufacturerName>מקפה</ManufacturerName>
      <ManufactureCountry>לא ידוע</ManufactureCountry>
      <ManufacturerItemDescription>קמח חיטה 1 ק"ג</ManufacturerItemDescription>
      <UnitQty>קילוגרמים</UnitQty>
      <Quantity>1.00</Quantity>
      <UnitOfMeasure>ק"ג     </UnitOfMeasure>
      <bIsWeighted>0</bIsWeighted>
      <QtyInPackage>1</QtyInPackage>
      <ItemPrice>12.90</ItemPrice>
      <UnitOfMeasurePrice>12.9000</UnitOfMeasurePrice>
      <AllowDiscount>1</AllowDiscount>
      <ItemStatus>1</ItemStatus>
      <ItemId>51382</ItemId>
    </Item>
    <Item>
      <PriceUpdateDate>2024-11-22 08:30:13</PriceUpdateDate>
      <ItemCode>4601780005399</ItemCode>
      <ItemType>1</ItemType>
      <ItemName>כוסמת להכנה מהירה 80</ItemName>
      <ManufacturerName>מקפה</ManufacturerName>
      <ManufactureCountry>לא ידוע</ManufactureCountry>
      <ManufacturerItemDescription>כוסמת להכנה מהירה 800 גר</ManufacturerItemDescription>
      <UnitQty>גרמים</UnitQty>
      <Quantity>800.00</Quantity>
      <UnitOfMeasure>100 גרם</UnitOfMeasure>
      <bIsWeighted>0</bIsWeighted>
      <QtyInPackage>1</QtyInPackage>
      <ItemPrice>17.90</ItemPrice>
      <UnitOfMeasurePrice>2.2375</UnitOfMeasurePrice>
      <AllowDiscount>1</AllowDiscount>
      <ItemStatus>1</ItemStatus>
      <ItemId>51383</ItemId>
    </Item>
    <Item>
      <PriceUpdateDate>2024-11-22 08:30:13</PriceUpdateDate>
      <ItemCode>4601780010003</ItemCode>
      <ItemType>1</ItemType>
      <ItemName>כוסמת 400 גר</ItemName>
      <ManufacturerName>מקפה</ManufacturerName>
      <ManufactureCountry>לא ידוע</ManufactureCountry>
      <ManufacturerItemDescription>כוסמת 400 גר</ManufacturerItemDescription>
      <UnitQty>גרמים</UnitQty>
      <Quantity>400.00</Quantity>
      <UnitOfMeasure>100 גרם</UnitOfMeasure>
      <bIsWeighted>0</bIsWeighted>
      <QtyInPackage>1</QtyInPackage>
      <ItemPrice>11.90</ItemPrice>
      <UnitOfMeasurePrice>2.9750</UnitOfMeasurePrice>
      <AllowDiscount>1</AllowDiscount>
      <ItemStatus>1</ItemStatus>
      <ItemId>51388</ItemId>
    </Item>
    <Item>
      <PriceUpdateDate>2023-12-31 12:48:30</PriceUpdateDate>
      <ItemCode>4601780010126</ItemCode>
      <ItemType>1</ItemType>
      <ItemName>גריסי חיטה פולטבסקיה</ItemName>
      <ManufacturerName>מקפה</ManufacturerName>
      <ManufactureCountry>לא ידוע</ManufactureCountry>
      <ManufacturerItemDescription>גריסי חיטה פולטבסקיה 80 גר חמישייה</ManufacturerItemDescription>
      <UnitQty>גרמים</UnitQty>
      <Quantity>400.00</Quantity>
      <UnitOfMeasure>100 גרם</UnitOfMeasure>
      <bIsWeighted>0</bIsWeighted>
      <QtyInPackage>1</QtyInPackage>
      <ItemPrice>8.90</ItemPrice>
      <UnitOfMeasurePrice>2.2250</UnitOfMeasurePrice>
      <AllowDiscount>1</AllowDiscount>
      <ItemStatus>1</ItemStatus>
      <ItemId>51391</ItemId>
    </Item>
    <Item>
      <PriceUpdateDate>2023-12-31 12:48:30</PriceUpdateDate>
      <ItemCode>4603134002252</ItemCode>
      <ItemType>1</ItemType>
      <ItemName>תערובת דגנים 5 סוגים</ItemName>
      <ManufacturerName>סויוזפישפרום</ManufacturerName>
      <ManufactureCountry>לא ידוע</ManufactureCountry>
      <ManufacturerItemDescription>תערובת דגנים 5 סוגים</ManufacturerItemDescription>
      <UnitQty>גרמים</UnitQty>
      <Quantity>400.00</Quantity>
      <UnitOfMeasure>100 גרם</UnitOfMeasure>
      <bIsWeighted>0</bIsWeighted>
      <QtyInPackage>1</QtyInPackage>
      <ItemPrice>11.90</ItemPrice>
      <UnitOfMeasurePrice>2.9750</UnitOfMeasurePrice>
      <AllowDiscount>1</AllowDiscount>
      <ItemStatus>1</ItemStatus>
      <ItemId>51393</ItemId>
    </Item>
    <Item>
      <PriceUpdateDate>2023-12-31 12:48:30</PriceUpdateDate>
      <ItemCode>4603134002467</ItemCode>
      <ItemType>1</ItemType>
      <ItemName>תערובת צאר 6 דגנים 4</ItemName>
      <ManufacturerName>סיוז פישפרום</ManufacturerName>
      <ManufactureCountry>לא ידוע</ManufactureCountry>
      <ManufacturerItemDescription>תערובת צאר 6 דגנים 400 גר</ManufacturerItemDescription>
      <UnitQty>גרמים</UnitQty>
      <Quantity>400.00</Quantity>
      <UnitOfMeasure>100 גרם</UnitOfMeasure>
      <bIsWeighted>0</bIsWeighted>
      <QtyInPackage>1</QtyInPackage>
      <ItemPrice>12.90</ItemPrice>
      <UnitOfMeasurePrice>3.2250</UnitOfMeasurePrice>
      <AllowDiscount>1</AllowDiscount>
      <ItemStatus>1</ItemStatus>
      <ItemId>51394</ItemId>
    </Item>
    <Item>
      <PriceUpdateDate>2025-07-17 13:16:50</PriceUpdateDate>
      <ItemCode>4603400000043</ItemCode>
      <ItemType>1</ItemType>
      <ItemName>וודקה רוסקי סטנדרט 7</ItemName>
      <ManufacturerName>RUSSIAN STANDART</ManufacturerName>
      <ManufactureCountry>לא ידוע</ManufactureCountry>
      <ManufacturerItemDescription>וודקה רוסקי סטנדרט 700 מל</ManufacturerItemDescription>
      <UnitQty>מיליליטרים</UnitQty>
      <Quantity>700.00</Quantity>
      <UnitOfMeasure>100 מ"ל</UnitOfMeasure>
      <bIsWeighted>0</bIsWeighted>
      <QtyInPackage>6</QtyInPackage>
      <ItemPrice>74.90</ItemPrice>
      <UnitOfMeasurePrice>10.7000</UnitOfMeasurePrice>
      <AllowDiscount>1</AllowDiscount>
      <ItemStatus>1</ItemStatus>
      <ItemId>51396</ItemId>
    </Item>
    <Item>
      <PriceUpdateDate>2023-12-31 12:48:30</PriceUpdateDate>
      <ItemCode>4604075016797</ItemCode>
      <ItemType>1</ItemType>
      <ItemName>רוטב בטעם שום ובצל ר</ItemName>
      <ManufacturerName>,</ManufacturerName>
      <ManufactureCountry>רוסיה</ManufactureCountry>
      <ManufacturerItemDescription>רוטב "מיסטר ריקו" עם שום 210 גר</ManufacturerItemDescription>
      <UnitQty>גרמים</UnitQty>
      <Quantity>210.00</Quantity>
      <UnitOfMeasure>100 גרם</UnitOfMeasure>
      <bIsWeighted>0</bIsWeighted>
      <QtyInPackage>16</QtyInPackage>
      <ItemPrice>11.90</ItemPrice>
      <UnitOfMeasurePrice>5.6667</UnitOfMeasurePrice>
      <AllowDiscount>1</AllowDiscount>
      <ItemStatus>1</ItemStatus>
      <ItemId>51405</ItemId>
    </Item>
    <Item>
      <PriceUpdateDate>2023-12-31 12:48:30</PriceUpdateDate>
      <ItemCode>4604075016810</ItemCode>
      <ItemType>1</ItemType>
      <ItemName>רוטב פטריות ריקו 210</ItemName>
      <ManufacturerName>,</ManufacturerName>
      <ManufactureCountry>רוסיה</ManufactureCountry>
      <ManufacturerItemDescription>רוטב "מיסטר ריקו" עם פטריות 210 גר</ManufacturerItemDescription>
      <UnitQty>גרמים</UnitQty>
      <Quantity>210.00</Quantity>
      <UnitOfMeasure>100 גרם</UnitOfMeasure>
      <bIsWeighted>0</bIsWeighted>
      <QtyInPackage>16</QtyInPackage>
      <ItemPrice>11.90</ItemPrice>
      <UnitOfMeasurePrice>5.6667</UnitOfMeasurePrice>
      <AllowDiscount>1</AllowDiscount>
      <ItemStatus>1</ItemStatus>
      <ItemId>51406</ItemId>
    </Item>
    <Item>
      <PriceUpdateDate>2023-12-31 12:48:30</PriceUpdateDate>
      <ItemCode>4604248000103</ItemCode>
      <ItemType>1</ItemType>
      <ItemName>רוטב לסלט בטעם זיתים</ItemName>
      <ManufacturerName>אסן פרודקשן</ManufacturerName>
      <ManufactureCountry>לא ידוע</ManufactureCountry>
      <ManufacturerItemDescription>מיונז "מחייב" זיתים</ManufacturerItemDescription>
      <UnitQty>מיליליטרים</UnitQty>
      <Quantity>800.00</Quantity>
      <UnitOfMeasure>100 מ"ל</UnitOfMeasure>
      <bIsWeighted>0</bIsWeighted>
      <QtyInPackage>1</QtyInPackage>
      <ItemPrice>20.90</ItemPrice>
      <UnitOfMeasurePrice>2.6125</UnitOfMeasurePrice>
      <AllowDiscount>1</AllowDiscount>
      <ItemStatus>1</ItemStatus>
      <ItemId>51407</ItemId>
    </Item>
    <Item>
      <PriceUpdateDate>2023-12-31 12:48:30</PriceUpdateDate>
      <ItemCode>4604248000349</ItemCode>
      <ItemType>1</ItemType>
      <ItemName>רוטב לסלט פרובנסל 38</ItemName>
      <ManufacturerName>אסן פרודקשן</ManufacturerName>
      <ManufactureCountry>לא ידוע</ManufactureCountry>
      <ManufacturerItemDescription>מיונז "מחייב" פרובנס</ManufacturerItemDescription>
      <UnitQty>גרמים</UnitQty>
      <Quantity>380.00</Quantity>
      <UnitOfMeasure>100 גרם</UnitOfMeasure>
      <bIsWeighted>0</bIsWeighted>
      <QtyInPackage>1</QtyInPackage>
      <ItemPrice>11.90</ItemPrice>
      <UnitOfMeasurePrice>3.1316</UnitOfMeasurePrice>
      <AllowDiscount>1</AllowDiscount>
      <ItemStatus>1</ItemStatus>
      <ItemId>51409</ItemId>
    </Item>
    <Item>
      <PriceUpdateDate>2023-12-31 12:48:30</PriceUpdateDate>
      <ItemCode>4604248000554</ItemCode>
      <ItemType>1</ItemType>
      <ItemName>רוטב לסלט פרובנסל מח</ItemName>
      <ManufacturerName>אסן פרודקשן</ManufacturerName>
      <ManufactureCountry>לא ידוע</ManufactureCountry>
      <ManufacturerItemDescription>מיונז "מחייב" פרובנס</ManufacturerItemDescription>
      <UnitQty>גרמים</UnitQty>
      <Quantity>800.00</Quantity>
      <UnitOfMeasure>100 גרם</UnitOfMeasure>
      <bIsWeighted>0</bIsWeighted>
      <QtyInPackage>1</QtyInPackage>
      <ItemPrice>20.90</ItemPrice>
      <UnitOfMeasurePrice>2.6125</UnitOfMeasurePrice>
      <AllowDiscount>1</AllowDiscount>
      <ItemStatus>1</ItemStatus>
      <ItemId>51410</ItemId>
    </Item>
    <Item>
      <PriceUpdateDate>2023-12-31 12:48:30</PriceUpdateDate>
      <ItemCode>4604248000844</ItemCode>
      <ItemType>1</ItemType>
      <ItemName>מיונז עם שמן זית מחי</ItemName>
      <ManufacturerName>אסן פרודקשן</ManufacturerName>
      <ManufactureCountry>לא ידוע</ManufactureCountry>
      <ManufacturerItemDescription>מיונז "מחייב" עם זיתים 380 גר</ManufacturerItemDescription>
      <UnitQty>גרמים</UnitQty>
      <Quantity>380.00</Quantity>
      <UnitOfMeasure>100 גרם</UnitOfMeasure>
      <bIsWeighted>0</bIsWeighted>
      <QtyInPackage>1</QtyInPackage>
      <ItemPrice>11.90</ItemPrice>
      <UnitOfMeasurePrice>3.1316</UnitOfMeasurePrice>
      <AllowDiscount>1</AllowDiscount>
      <ItemStatus>1</ItemStatus>
      <ItemId>51411</ItemId>
    </Item>
    <Item>
      <PriceUpdateDate>2023-12-31 12:48:30</PriceUpdateDate>
      <ItemCode>4604248000851</ItemCode>
      <ItemType>1</ItemType>
      <ItemName>מיונז פרובנסל עם מיץ</ItemName>
      <ManufacturerName>אסן פרודקשן</ManufacturerName>
      <ManufactureCountry>לא ידוע</ManufactureCountry>
      <ManufacturerItemDescription>מיונז "מחייב" עם לימון 380 גר"</ManufacturerItemDescription>
      <UnitQty>גרמים</UnitQty>
      <Quantity>380.00</Quantity>
      <UnitOfMeasure>100 גרם</UnitOfMeasure>
      <bIsWeighted>0</bIsWeighted>
      <QtyInPackage>1</QtyInPackage>
      <ItemPrice>11.90</ItemPrice>
      <UnitOfMeasurePrice>3.1316</UnitOfMeasurePrice>
      <AllowDiscount>1</AllowDiscount>
      <ItemStatus>1</ItemStatus>
      <ItemId>51412</ItemId>
    </Item>
    <Item>
      <PriceUpdateDate>2023-12-31 12:48:30</PriceUpdateDate>
      <ItemCode>4604248003043</ItemCode>
      <ItemType>1</ItemType>
      <ItemName>קטשופ שישליק 500 גר</ItemName>
      <ManufacturerName>אסן פרודקשן</ManufacturerName>
      <ManufactureCountry>לא ידוע</ManufactureCountry>
      <ManufacturerItemDescription>קטשופ שישליק 500גרם</ManufacturerItemDescription>
      <UnitQty>גרמים</UnitQty>
      <Quantity>500.00</Quantity>
      <UnitOfMeasure>100 גרם</UnitOfMeasure>
      <bIsWeighted>0</bIsWeighted>
      <QtyInPackage>1</QtyInPackage>
      <ItemPrice>14.90</ItemPrice>
      <UnitOfMeasurePrice>2.9800</UnitOfMeasurePrice>
      <AllowDiscount>1</AllowDiscount>
      <ItemStatus>1</ItemStatus>
      <ItemId>51416</ItemId>
    </Item>
    <Item>
      <PriceUpdateDate>2024-11-22 08:30:10</PriceUpdateDate>
      <ItemCode>4604248003050</ItemCode>
      <ItemType>1</ItemType>
      <ItemName>קטשופ צילי 500 גר</ItemName>
      <ManufacturerName>PRODEX</ManufacturerName>
      <ManufactureCountry>לא ידוע</ManufactureCountry>
      <ManufacturerItemDescription>קטשופ צילי 500 גרם</ManufacturerItemDescription>
      <UnitQty>גרמים</UnitQty>
      <Quantity>500.00</Quantity>
      <UnitOfMeasure>100 גרם</UnitOfMeasure>
      <bIsWeighted>0</bIsWeighted>
      <QtyInPackage>1</QtyInPackage>
      <ItemPrice>15.90</ItemPrice>
      <UnitOfMeasurePrice>3.1800</UnitOfMeasurePrice>
      <AllowDiscount>1</AllowDiscount>
      <ItemStatus>1</ItemStatus>
      <ItemId>51417</ItemId>
    </Item>
    <Item>
      <PriceUpdateDate>2023-12-31 12:48:30</PriceUpdateDate>
      <ItemCode>4604248003081</ItemCode>
      <ItemType>1</ItemType>
      <ItemName>רוטב לסלט עם ביצת של</ItemName>
      <ManufacturerName>אסן פרודקשן</ManufacturerName>
      <ManufactureCountry>לא ידוע</ManufactureCountry>
      <ManufacturerItemDescription>מיונז "מחייב" על ביצ</ManufacturerItemDescription>
      <UnitQty>גרמים</UnitQty>
      <Quantity>380.00</Quantity>
      <UnitOfMeasure>100 גרם</UnitOfMeasure>
      <bIsWeighted>0</bIsWeighted>
      <QtyInPackage>1</QtyInPackage>
      <ItemPrice>11.90</ItemPrice>
      <UnitOfMeasurePrice>3.1316</UnitOfMeasurePrice>
      <AllowDiscount>1</AllowDiscount>
      <ItemStatus>1</ItemStatus>
      <ItemId>51418</ItemId>
    </Item>
    <Item>
      <PriceUpdateDate>2025-01-16 09:03:51</PriceUpdateDate>
      <ItemCode>4604248003517</ItemCode>
      <ItemType>1</ItemType>
      <ItemName>חרדל רוסקיה 140 גר</ItemName>
      <ManufacturerName>אסן פרודקשן</ManufacturerName>
      <ManufactureCountry>לא ידוע</ManufactureCountry>
      <ManufacturerItemDescription>חרדל "רוסקיה" 140 גר</ManufacturerItemDescription>
      <UnitQty>גרמים</UnitQty>
      <Quantity>140.00</Quantity>
      <UnitOfMeasure>100 גרם</UnitOfMeasure>
      <bIsWeighted>0</bIsWeighted>
      <QtyInPackage>1</QtyInPackage>
      <ItemPrice>5.90</ItemPrice>
      <UnitOfMeasurePrice>4.2143</UnitOfMeasurePrice>
      <AllowDiscount>1</AllowDiscount>
      <ItemStatus>1</ItemStatus>
      <ItemId>51420</ItemId>
    </Item>
    <Item>
      <PriceUpdateDate>2025-08-12 12:29:42</PriceUpdateDate>
      <ItemCode>4605246006289</ItemCode>
      <ItemType>1</ItemType>
      <ItemName>קפה נמס מיובש בהקפאה</ItemName>
      <ManufacturerName>אורימי</ManufacturerName>
      <ManufactureCountry>לא ידוע</ManufactureCountry>
      <ManufacturerItemDescription>קפה נמס מיובש בהקפאה זרדין קילימנגרו 95</ManufacturerItemDescription>
      <UnitQty>גרמים</UnitQty>
      <Quantity>95.00</Quantity>
      <UnitOfMeasure>100 גרם</UnitOfMeasure>
      <bIsWeighted>0</bIsWeighted>
      <QtyInPackage>1</QtyInPackage>
      <ItemPrice>25.90</ItemPrice>
      <UnitOfMeasurePrice>27.2632</UnitOfMeasurePrice>
      <AllowDiscount>1</AllowDiscount>
      <ItemStatus>1</ItemStatus>
      <ItemId>51434</ItemId>
    </Item>
    <Item>
      <PriceUpdateDate>2025-08-12 12:29:42</PriceUpdateDate>
      <ItemCode>4605246006296</ItemCode>
      <ItemType>1</ItemType>
      <ItemName>קפה נמס מיובש בהקפאה</ItemName>
      <ManufacturerName>אורימי</ManufacturerName>
      <ManufactureCountry>לא ידוע</ManufactureCountry>
      <ManufacturerItemDescription>קפה נמס מיובש בהקפאה זרדין גואטמלה אטיטל</ManufacturerItemDescription>
      <UnitQty>גרמים</UnitQty>
      <Quantity>95.00</Quantity>
      <UnitOfMeasure>100 גרם</UnitOfMeasure>
      <bIsWeighted>0</bIsWeighted>
      <QtyInPackage>1</QtyInPackage>
      <ItemPrice>25.90</ItemPrice>
      <UnitOfMeasurePrice>27.2632</UnitOfMeasurePrice>
      <AllowDiscount>1</AllowDiscount>
      <ItemStatus>1</ItemStatus>
      <ItemId>51435</ItemId>
    </Item>
    <Item>
      <PriceUpdateDate>2024-11-19 15:32:32</PriceUpdateDate>
      <ItemCode>4605246007880</ItemCode>
      <ItemType>1</ItemType>
      <ItemName>תה ירוק טס גינגר מוח</ItemName>
      <ManufacturerName>,</ManufacturerName>
      <ManufactureCountry>לא ידוע</ManufactureCountry>
      <ManufacturerItemDescription>תה ירוק "טס" גינגר מוחיטו 20 שק</ManufacturerItemDescription>
      <UnitQty>Unknown </UnitQty>
      <Quantity>0.00</Quantity>
      <UnitOfMeasure>Unknown </UnitOfMeasure>
      <bIsWeighted>0</bIsWeighted>
      <QtyInPackage>1</QtyInPackage>
      <ItemPrice>9.90</ItemPrice>
      <UnitOfMeasurePrice>0.0000</UnitOfMeasurePrice>
      <AllowDiscount>1</AllowDiscount>
      <ItemStatus>1</ItemStatus>
      <ItemId>51441</ItemId>
    </Item>
    <Item>
      <PriceUpdateDate>2023-12-31 12:48:30</PriceUpdateDate>
      <ItemCode>4605504513382</ItemCode>
      <ItemType>1</ItemType>
      <ItemName>זפיר וניל אקסטרה 280</ItemName>
      <ManufacturerName>סורמובסקי</ManufacturerName>
      <ManufactureCountry>לא ידוע</ManufactureCountry>
      <ManufacturerItemDescription>זפיר וניל אקסטרה 280 גר</ManufacturerItemDescription>
      <UnitQty>גרמים</UnitQty>
      <Quantity>280.00</Quantity>
      <UnitOfMeasure>100 גרם</UnitOfMeasure>
      <bIsWeighted>0</bIsWeighted>
      <QtyInPackage>1</QtyInPackage>
      <ItemPrice>11.90</ItemPrice>
      <UnitOfMeasurePrice>4.2500</UnitOfMeasurePrice>
      <AllowDiscount>1</AllowDiscount>
      <ItemStatus>1</ItemStatus>
      <ItemId>51453</ItemId>
    </Item>
    <Item>
      <PriceUpdateDate>2023-12-31 12:48:30</PriceUpdateDate>
      <ItemCode>4605504513856</ItemCode>
      <ItemType>1</ItemType>
      <ItemName>זפיר קפה עם חלב אובו</ItemName>
      <ManufacturerName>סורמובסקי</ManufacturerName>
      <ManufactureCountry>לא ידוע</ManufactureCountry>
      <ManufacturerItemDescription>זפיר קפה עם חלב אקסט</ManufacturerItemDescription>
      <UnitQty>גרמים</UnitQty>
      <Quantity>280.00</Quantity>
      <UnitOfMeasure>100 גרם</UnitOfMeasure>
      <bIsWeighted>0</bIsWeighted>
      <QtyInPackage>1</QtyInPackage>
      <ItemPrice>11.90</ItemPrice>
      <UnitOfMeasurePrice>4.2500</UnitOfMeasurePrice>
      <AllowDiscount>1</AllowDiscount>
      <ItemStatus>1</ItemStatus>
      <ItemId>51454</ItemId>
    </Item>
    <Item>
      <PriceUpdateDate>2023-12-31 12:48:30</PriceUpdateDate>
      <ItemCode>4605504518646</ItemCode>
      <ItemType>1</ItemType>
      <ItemName>זפיר וניל ורוד אקסטר</ItemName>
      <ManufacturerName>סורמובסקי</ManufacturerName>
      <ManufactureCountry>לא ידוע</ManufactureCountry>
      <ManufacturerItemDescription>זפיר וניל ורוד אקסטרה 280 גר</ManufacturerItemDescription>
      <UnitQty>גרמים</UnitQty>
      <Quantity>280.00</Quantity>
      <UnitOfMeasure>100 גרם</UnitOfMeasure>
      <bIsWeighted>0</bIsWeighted>
      <QtyInPackage>1</QtyInPackage>
      <ItemPrice>11.90</ItemPrice>
      <UnitOfMeasurePrice>4.2500</UnitOfMeasurePrice>
      <AllowDiscount>1</AllowDiscount>
      <ItemStatus>1</ItemStatus>
      <ItemId>51455</ItemId>
    </Item>
    <Item>
      <PriceUpdateDate>2023-12-31 12:48:31</PriceUpdateDate>
      <ItemCode>4606598001465</ItemCode>
      <ItemType>1</ItemType>
      <ItemName>תבלין לבשר לבן מגיה</ItemName>
      <ManufacturerName>,</ManufacturerName>
      <ManufactureCountry>לא ידוע</ManufactureCountry>
      <ManufacturerItemDescription>תבלין "מגיה ווסטוקה"</ManufacturerItemDescription>
      <UnitQty>גרמים</UnitQty>
      <Quantity>15.00</Quantity>
      <UnitOfMeasure>100 גרם</UnitOfMeasure>
      <bIsWeighted>0</bIsWeighted>
      <QtyInPackage>1</QtyInPackage>
      <ItemPrice>2.90</ItemPrice>
      <UnitOfMeasurePrice>19.3333</UnitOfMeasurePrice>
      <AllowDiscount>1</AllowDiscount>
      <ItemStatus>1</ItemStatus>
      <ItemId>51467</ItemId>
    </Item>
    <Item>
      <PriceUpdateDate>2023-12-31 12:48:31</PriceUpdateDate>
      <ItemCode>4606598002660</ItemCode>
      <ItemType>1</ItemType>
      <ItemName>תערובת תיבול להכנת ר</ItemName>
      <ManufacturerName>PROFAGROTECHNIKA</ManufacturerName>
      <ManufactureCountry>לא ידוע</ManufactureCountry>
      <ManufacturerItemDescription>תערובת תיבול להכנת רגל כרושה 20 גר</ManufacturerItemDescription>
      <UnitQty>גרמים</UnitQty>
      <Quantity>20.00</Quantity>
      <UnitOfMeasure>100 גרם</UnitOfMeasure>
      <bIsWeighted>0</bIsWeighted>
      <QtyInPackage>1</QtyInPackage>
      <ItemPrice>2.90</ItemPrice>
      <UnitOfMeasurePrice>14.5000</UnitOfMeasurePrice>
      <AllowDiscount>1</AllowDiscount>
      <ItemStatus>1</ItemStatus>
      <ItemId>51473</ItemId>
    </Item>
    <Item>
      <PriceUpdateDate>2023-12-31 12:48:31</PriceUpdateDate>
      <ItemCode>4607016240374</ItemCode>
      <ItemType>1</ItemType>
      <ItemName>גריסים פנינה 800 גר</ItemName>
      <ManufacturerName>אובלקה</ManufacturerName>
      <ManufactureCountry>לא ידוע</ManufactureCountry>
      <ManufacturerItemDescription>גריסים פנינה 800 גר</ManufacturerItemDescription>
      <UnitQty>גרמים</UnitQty>
      <Quantity>800.00</Quantity>
      <UnitOfMeasure>100 גרם</UnitOfMeasure>
      <bIsWeighted>0</bIsWeighted>
      <QtyInPackage>1</QtyInPackage>
      <ItemPrice>9.90</ItemPrice>
      <UnitOfMeasurePrice>1.2375</UnitOfMeasurePrice>
      <AllowDiscount>1</AllowDiscount>
      <ItemStatus>1</ItemStatus>
      <ItemId>51506</ItemId>
    </Item>
    <Item>
      <PriceUpdateDate>2024-11-06 16:48:19</PriceUpdateDate>
      <ItemCode>4607016240893</ItemCode>
      <ItemType>1</ItemType>
      <ItemName>כוסמת 800 גר</ItemName>
      <ManufacturerName>אובלקה</ManufacturerName>
      <ManufactureCountry>לא ידוע</ManufactureCountry>
      <ManufacturerItemDescription>כוסמת 800 גר</ManufacturerItemDescription>
      <UnitQty>גרמים</UnitQty>
      <Quantity>800.00</Quantity>
      <UnitOfMeasure>100 גרם</UnitOfMeasure>
      <bIsWeighted>0</bIsWeighted>
      <QtyInPackage>1</QtyInPackage>
      <ItemPrice>11.90</ItemPrice>
      <UnitOfMeasurePrice>1.4875</UnitOfMeasurePrice>
      <AllowDiscount>1</AllowDiscount>
      <ItemStatus>1</ItemStatus>
      <ItemId>51509</ItemId>
    </Item>
    <Item>
      <PriceUpdateDate>2023-12-31 12:48:31</PriceUpdateDate>
      <ItemCode>4607016243139</ItemCode>
      <ItemType>1</ItemType>
      <ItemName>שיבולת שועל עם פטל 2</ItemName>
      <ManufacturerName>אובלקה</ManufacturerName>
      <ManufactureCountry>לא ידוע</ManufactureCountry>
      <ManufacturerItemDescription>שיבולת שועל עם פטל 200 גר</ManufacturerItemDescription>
      <UnitQty>גרמים</UnitQty>
      <Quantity>200.00</Quantity>
      <UnitOfMeasure>100 גרם</UnitOfMeasure>
      <bIsWeighted>0</bIsWeighted>
      <QtyInPackage>1</QtyInPackage>
      <ItemPrice>13.90</ItemPrice>
      <UnitOfMeasurePrice>6.9500</UnitOfMeasurePrice>
      <AllowDiscount>1</AllowDiscount>
      <ItemStatus>1</ItemStatus>
      <ItemId>51519</ItemId>
    </Item>
    <Item>
      <PriceUpdateDate>2023-12-31 12:48:31</PriceUpdateDate>
      <ItemCode>4607016243221</ItemCode>
      <ItemType>1</ItemType>
      <ItemName>שיבולת שועל עם תפוח</ItemName>
      <ManufacturerName>אובלקה</ManufacturerName>
      <ManufactureCountry>לא ידוע</ManufactureCountry>
      <ManufacturerItemDescription>שיבולתשועל עם תפוח 200 גר</ManufacturerItemDescription>
      <UnitQty>גרמים</UnitQty>
      <Quantity>200.00</Quantity>
      <UnitOfMeasure>100 גרם</UnitOfMeasure>
      <bIsWeighted>0</bIsWeighted>
      <QtyInPackage>1</QtyInPackage>
      <ItemPrice>13.90</ItemPrice>
      <UnitOfMeasurePrice>6.9500</UnitOfMeasurePrice>
      <AllowDiscount>1</AllowDiscount>
      <ItemStatus>1</ItemStatus>
      <ItemId>51522</ItemId>
    </Item>
    <Item>
      <PriceUpdateDate>2023-12-31 12:48:31</PriceUpdateDate>
      <ItemCode>4607023791029</ItemCode>
      <ItemType>1</ItemType>
      <ItemName>קוויאר אדום 95 גר</ItemName>
      <ManufacturerName>א.ר.ד.י.ו</ManufacturerName>
      <ManufactureCountry>לא ידוע</ManufactureCountry>
      <ManufacturerItemDescription>קוויאר פחיות 95 גרם</ManufacturerItemDescription>
      <UnitQty>גרמים</UnitQty>
      <Quantity>95.00</Quantity>
      <UnitOfMeasure>100 גרם</UnitOfMeasure>
      <bIsWeighted>0</bIsWeighted>
      <QtyInPackage>1</QtyInPackage>
      <ItemPrice>39.90</ItemPrice>
      <UnitOfMeasurePrice>42.0000</UnitOfMeasurePrice>
      <AllowDiscount>1</AllowDiscount>
      <ItemStatus>1</ItemStatus>
      <ItemId>51525</ItemId>
    </Item>
    <Item>
      <PriceUpdateDate>2024-11-06 16:48:28</PriceUpdateDate>
      <ItemCode>4607025280026</ItemCode>
      <ItemType>1</ItemType>
      <ItemName>קמח חיטה 1 קג</ItemName>
      <ManufacturerName>אובלקה</ManufacturerName>
      <ManufactureCountry>לא ידוע</ManufactureCountry>
      <ManufacturerItemDescription>קמח חיטה 1 ק"ג</ManufacturerItemDescription>
      <UnitQty>גרמים</UnitQty>
      <Quantity>1000.00</Quantity>
      <UnitOfMeasure>100 גרם</UnitOfMeasure>
      <bIsWeighted>0</bIsWeighted>
      <QtyInPackage>1</QtyInPackage>
      <ItemPrice>11.90</ItemPrice>
      <UnitOfMeasurePrice>1.1900</UnitOfMeasurePrice>
      <AllowDiscount>1</AllowDiscount>
      <ItemStatus>1</ItemStatus>
      <ItemId>51527</ItemId>
    </Item>
    <Item>
      <PriceUpdateDate>2025-08-12 12:29:42</PriceUpdateDate>
      <ItemCode>4607037431188</ItemCode>
      <ItemType>1</ItemType>
      <ItemName>זפיר לאנז מצופה שוקו</ItemName>
      <ManufacturerName>NEVA</ManufacturerName>
      <ManufactureCountry>לא ידוע</ManufactureCountry>
      <ManufacturerItemDescription>זפיר מצופה שוקולד 45</ManufacturerItemDescription>
      <UnitQty>גרמים</UnitQty>
      <Quantity>450.00</Quantity>
      <UnitOfMeasure>100 גרם</UnitOfMeasure>
      <bIsWeighted>0</bIsWeighted>
      <QtyInPackage>1</QtyInPackage>
      <ItemPrice>24.90</ItemPrice>
      <UnitOfMeasurePrice>5.5333</UnitOfMeasurePrice>
      <AllowDiscount>1</AllowDiscount>
      <ItemStatus>1</ItemStatus>
      <ItemId>51534</ItemId>
    </Item>
    <Item>
      <PriceUpdateDate>2025-08-12 12:29:42</PriceUpdateDate>
      <ItemCode>4607037431225</ItemCode>
      <ItemType>1</ItemType>
      <ItemName>זפיר ורוד לבן 420 גר</ItemName>
      <ManufacturerName>NEVA</ManufacturerName>
      <ManufactureCountry>לא ידוע</ManufactureCountry>
      <ManufacturerItemDescription>זפיר ורוד לבן 420 ג"</ManufacturerItemDescription>
      <UnitQty>גרמים</UnitQty>
      <Quantity>420.00</Quantity>
      <UnitOfMeasure>100 גרם</UnitOfMeasure>
      <bIsWeighted>0</bIsWeighted>
      <QtyInPackage>9</QtyInPackage>
      <ItemPrice>18.90</ItemPrice>
      <UnitOfMeasurePrice>4.5000</UnitOfMeasurePrice>
      <AllowDiscount>1</AllowDiscount>
      <ItemStatus>1</ItemStatus>
      <ItemId>51536</ItemId>
    </Item>
    <Item>
      <PriceUpdateDate>2025-08-12 12:29:42</PriceUpdateDate>
      <ItemCode>4607037431300</ItemCode>
      <ItemType>1</ItemType>
      <ItemName>זפיר וניל 420 גר</ItemName>
      <ManufacturerName>NEVA</ManufacturerName>
      <ManufactureCountry>לא ידוע</ManufactureCountry>
      <ManufacturerItemDescription>זפיר וניל 420 גר</ManufacturerItemDescription>
      <UnitQty>גרמים</UnitQty>
      <Quantity>420.00</Quantity>
      <UnitOfMeasure>100 גרם</UnitOfMeasure>
      <bIsWeighted>0</bIsWeighted>
      <QtyInPackage>1</QtyInPackage>
      <ItemPrice>18.90</ItemPrice>
      <UnitOfMeasurePrice>4.5000</UnitOfMeasurePrice>
      <AllowDiscount>1</AllowDiscount>
      <ItemStatus>1</ItemStatus>
      <ItemId>51537</ItemId>
    </Item>
    <Item>
      <PriceUpdateDate>2025-04-24 18:04:26</PriceUpdateDate>
      <ItemCode>4607044600027</ItemCode>
      <ItemType>1</ItemType>
      <ItemName>תמצית חומר טעם וריח</ItemName>
      <ManufacturerName>,</ManufacturerName>
      <ManufactureCountry>לא ידוע</ManufactureCountry>
      <ManufacturerItemDescription>תמצית חומר טעם וריח עשן 330 גר</ManufacturerItemDescription>
      <UnitQty>גרמים</UnitQty>
      <Quantity>330.00</Quantity>
      <UnitOfMeasure>100 גרם</UnitOfMeasure>
      <bIsWeighted>0</bIsWeighted>
      <QtyInPackage>1</QtyInPackage>
      <ItemPrice>17.90</ItemPrice>
      <UnitOfMeasurePrice>5.4242</UnitOfMeasurePrice>
      <AllowDiscount>1</AllowDiscount>
      <ItemStatus>1</ItemStatus>
      <ItemId>51544</ItemId>
    </Item>
    <Item>
      <PriceUpdateDate>2023-12-31 12:48:31</PriceUpdateDate>
      <ItemCode>4607097074769</ItemCode>
      <ItemType>1</ItemType>
      <ItemName>כוסמת אלטייסקיה סקאז</ItemName>
      <ManufacturerName>מלניצ'ני קומפלקס</ManufacturerName>
      <ManufactureCountry>לא ידוע</ManufactureCountry>
      <ManufacturerItemDescription>כוסמת "אלטייסקיה סקא</ManufacturerItemDescription>
      <UnitQty>גרמים</UnitQty>
      <Quantity>800.00</Quantity>
      <UnitOfMeasure>100 גרם</UnitOfMeasure>
      <bIsWeighted>0</bIsWeighted>
      <QtyInPackage>1</QtyInPackage>
      <ItemPrice>14.90</ItemPrice>
      <UnitOfMeasurePrice>1.8625</UnitOfMeasurePrice>
      <AllowDiscount>1</AllowDiscount>
      <ItemStatus>1</ItemStatus>
      <ItemId>51577</ItemId>
    </Item>
    <Item>
      <PriceUpdateDate>2023-12-31 12:48:32</PriceUpdateDate>
      <ItemCode>5014271350424</ItemCode>
      <ItemType>1</ItemType>
      <ItemName>מעדן סנט דלפור ארבע</ItemName>
      <ManufacturerName>סאנטדלפור</ManufacturerName>
      <ManufactureCountry>לא ידוע</ManufactureCountry>
      <ManufacturerItemDescription>מעדן "סנט דלפור" ארב</ManufacturerItemDescription>
      <UnitQty>גרמים</UnitQty>
      <Quantity>284.00</Quantity>
      <UnitOfMeasure>100 גרם</UnitOfMeasure>
      <bIsWeighted>0</bIsWeighted>
      <QtyInPackage>1</QtyInPackage>
      <ItemPrice>21.90</ItemPrice>
      <UnitOfMeasurePrice>7.7113</UnitOfMeasurePrice>
      <AllowDiscount>1</AllowDiscount>
      <ItemStatus>1</ItemStatus>
      <ItemId>51601</ItemId>
    </Item>
    <Item>
      <PriceUpdateDate>2023-12-31 12:48:32</PriceUpdateDate>
      <ItemCode>5014271400426</ItemCode>
      <ItemType>1</ItemType>
      <ItemName>מעדן סנדלפור תות 284</ItemName>
      <ManufacturerName>סאנטדלפור</ManufacturerName>
      <ManufactureCountry>לא ידוע</ManufactureCountry>
      <ManufacturerItemDescription>מעדן סנדלפור תות 284 גר</ManufacturerItemDescription>
      <UnitQty>גרמים</UnitQty>
      <Quantity>284.00</Quantity>
      <UnitOfMeasure>100 גרם</UnitOfMeasure>
      <bIsWeighted>0</bIsWeighted>
      <QtyInPackage>1</QtyInPackage>
      <ItemPrice>21.90</ItemPrice>
      <UnitOfMeasurePrice>7.7113</UnitOfMeasurePrice>
      <AllowDiscount>1</AllowDiscount>
      <ItemStatus>1</ItemStatus>
      <ItemId>51605</ItemId>
    </Item>
    <Item>
      <PriceUpdateDate>2024-05-02 16:06:50</PriceUpdateDate>
      <ItemCode>5202795120054</ItemCode>
      <ItemType>1</ItemType>
      <ItemName>ברנדי יווני מטאקסה 5</ItemName>
      <ManufacturerName>רמי קואנטרו</ManufacturerName>
      <ManufactureCountry>לא ידוע</ManufactureCountry>
      <ManufacturerItemDescription>ברנדי יווני "מטאקסה"</ManufacturerItemDescription>
      <UnitQty>מיליליטרים</UnitQty>
      <Quantity>700.00</Quantity>
      <UnitOfMeasure>100 מ"ל</UnitOfMeasure>
      <bIsWeighted>0</bIsWeighted>
      <QtyInPackage>1</QtyInPackage>
      <ItemPrice>109.90</ItemPrice>
      <UnitOfMeasurePrice>15.7000</UnitOfMeasurePrice>
      <AllowDiscount>1</AllowDiscount>
      <ItemStatus>1</ItemStatus>
      <ItemId>51661</ItemId>
    </Item>
    <Item>
      <PriceUpdateDate>2023-12-31 12:48:32</PriceUpdateDate>
      <ItemCode>5400265024349</ItemCode>
      <ItemType>1</ItemType>
      <ItemName>המלט מאפה בצק עלים מ</ItemName>
      <ManufacturerName>HAMLET NV</ManufacturerName>
      <ManufactureCountry>לא ידוע</ManufactureCountry>
      <ManufacturerItemDescription>המלט-מאפה בצק עלים מ</ManufacturerItemDescription>
      <UnitQty>גרמים</UnitQty>
      <Quantity>250.00</Quantity>
      <UnitOfMeasure>100 גרם</UnitOfMeasure>
      <bIsWeighted>0</bIsWeighted>
      <QtyInPackage>1</QtyInPackage>
      <ItemPrice>13.90</ItemPrice>
      <UnitOfMeasurePrice>5.5600</UnitOfMeasurePrice>
      <AllowDiscount>1</AllowDiscount>
      <ItemStatus>1</ItemStatus>
      <ItemId>51690</ItemId>
    </Item>
    <Item>
      <PriceUpdateDate>2025-03-06 19:02:14</PriceUpdateDate>
      <ItemCode>5413121355082</ItemCode>
      <ItemType>1</ItemType>
      <ItemName>שוקולד בלגי פרסטיז מ</ItemName>
      <ManufacturerName>BCG</ManufacturerName>
      <ManufactureCountry>לא ידוע</ManufactureCountry>
      <ManufacturerItemDescription>פרסטיז" שוקולד בלגי</ManufacturerItemDescription>
      <UnitQty>גרמים</UnitQty>
      <Quantity>100.00</Quantity>
      <UnitOfMeasure>100 גרם</UnitOfMeasure>
      <bIsWeighted>0</bIsWeighted>
      <QtyInPackage>1</QtyInPackage>
      <ItemPrice>17.90</ItemPrice>
      <UnitOfMeasurePrice>17.9000</UnitOfMeasurePrice>
      <AllowDiscount>1</AllowDiscount>
      <ItemStatus>1</ItemStatus>
      <ItemId>51722</ItemId>
    </Item>
    <Item>
      <PriceUpdateDate>2025-03-06 19:02:14</PriceUpdateDate>
      <ItemCode>5413121355105</ItemCode>
      <ItemType>1</ItemType>
      <ItemName>שוקולד בלגי פרסטיז ח</ItemName>
      <ManufacturerName>BCG</ManufacturerName>
      <ManufactureCountry>לא ידוע</ManufactureCountry>
      <ManufacturerItemDescription>פרסטיז" שוקולד בלגי</ManufacturerItemDescription>
      <UnitQty>גרמים</UnitQty>
      <Quantity>100.00</Quantity>
      <UnitOfMeasure>100 גרם</UnitOfMeasure>
      <bIsWeighted>0</bIsWeighted>
      <QtyInPackage>1</QtyInPackage>
      <ItemPrice>17.90</ItemPrice>
      <UnitOfMeasurePrice>17.9000</UnitOfMeasurePrice>
      <AllowDiscount>1</AllowDiscount>
      <ItemStatus>1</ItemStatus>
      <ItemId>51724</ItemId>
    </Item>
    <Item>
      <PriceUpdateDate>2025-03-06 19:02:14</PriceUpdateDate>
      <ItemCode>5413121355143</ItemCode>
      <ItemType>1</ItemType>
      <ItemName>שוקולד בלגי לבן משוב</ItemName>
      <ManufacturerName>BCG</ManufacturerName>
      <ManufactureCountry>לא ידוע</ManufactureCountry>
      <ManufacturerItemDescription>פרסטיז" שוקולד בלגי</ManufacturerItemDescription>
      <UnitQty>גרמים</UnitQty>
      <Quantity>100.00</Quantity>
      <UnitOfMeasure>100 גרם</UnitOfMeasure>
      <bIsWeighted>0</bIsWeighted>
      <QtyInPackage>1</QtyInPackage>
      <ItemPrice>17.90</ItemPrice>
      <UnitOfMeasurePrice>17.9000</UnitOfMeasurePrice>
      <AllowDiscount>1</AllowDiscount>
      <ItemStatus>1</ItemStatus>
      <ItemId>51725</ItemId>
    </Item>
    <Item>
      <PriceUpdateDate>2025-03-06 19:02:14</PriceUpdateDate>
      <ItemCode>5413121356737</ItemCode>
      <ItemType>1</ItemType>
      <ItemName>שוקולד מריר בלגי ללא</ItemName>
      <ManufacturerName>BCG</ManufacturerName>
      <ManufactureCountry>לא ידוע</ManufactureCountry>
      <ManufacturerItemDescription>בלג"יאן שוקולד בלגי</ManufacturerItemDescription>
      <UnitQty>גרמים</UnitQty>
      <Quantity>100.00</Quantity>
      <UnitOfMeasure>100 גרם</UnitOfMeasure>
      <bIsWeighted>0</bIsWeighted>
      <QtyInPackage>1</QtyInPackage>
      <ItemPrice>22.90</ItemPrice>
      <UnitOfMeasurePrice>22.9000</UnitOfMeasurePrice>
      <AllowDiscount>1</AllowDiscount>
      <ItemStatus>1</ItemStatus>
      <ItemId>51726</ItemId>
    </Item>
    <Item>
      <PriceUpdateDate>2025-03-06 19:02:08</PriceUpdateDate>
      <ItemCode>5413121359769</ItemCode>
      <ItemType>1</ItemType>
      <ItemName>בונ צדפי שוקולד בלגי</ItemName>
      <ManufacturerName>BCG</ManufacturerName>
      <ManufactureCountry>לא ידוע</ManufactureCountry>
      <ManufacturerItemDescription>צדפי שוקולד בלגי "בל</ManufacturerItemDescription>
      <UnitQty>גרמים</UnitQty>
      <Quantity>195.00</Quantity>
      <UnitOfMeasure>100 גרם</UnitOfMeasure>
      <bIsWeighted>0</bIsWeighted>
      <QtyInPackage>1</QtyInPackage>
      <ItemPrice>23.90</ItemPrice>
      <UnitOfMeasurePrice>12.2564</UnitOfMeasurePrice>
      <AllowDiscount>1</AllowDiscount>
      <ItemStatus>1</ItemStatus>
      <ItemId>51731</ItemId>
    </Item>
    <Item>
      <PriceUpdateDate>2023-12-31 12:48:32</PriceUpdateDate>
      <ItemCode>6411401072666</ItemCode>
      <ItemType>1</ItemType>
      <ItemName>פייזר פרליני שוקולד</ItemName>
      <ManufacturerName>,</ManufacturerName>
      <ManufactureCountry>לא ידוע</ManufactureCountry>
      <ManufacturerItemDescription>בונ" "פייזר ליקר" 15</ManufacturerItemDescription>
      <UnitQty>גרמים</UnitQty>
      <Quantity>150.00</Quantity>
      <UnitOfMeasure>100 גרם</UnitOfMeasure>
      <bIsWeighted>0</bIsWeighted>
      <QtyInPackage>12</QtyInPackage>
      <ItemPrice>21.90</ItemPrice>
      <UnitOfMeasurePrice>14.6000</UnitOfMeasurePrice>
      <AllowDiscount>1</AllowDiscount>
      <ItemStatus>1</ItemStatus>
      <ItemId>51764</ItemId>
    </Item>
    <Item>
      <PriceUpdateDate>2023-12-31 12:48:33</PriceUpdateDate>
      <ItemCode>6569513465316</ItemCode>
      <ItemType>1</ItemType>
      <ItemName>פטריות אופיטה בחומץ</ItemName>
      <ManufacturerName>china port</ManufacturerName>
      <ManufactureCountry>לא ידוע</ManufactureCountry>
      <ManufacturerItemDescription>פטריות אופיטה בחומץ</ManufacturerItemDescription>
      <UnitQty>מיליליטרים</UnitQty>
      <Quantity>530.00</Quantity>
      <UnitOfMeasure>100 מ"ל</UnitOfMeasure>
      <bIsWeighted>0</bIsWeighted>
      <QtyInPackage>1</QtyInPackage>
      <ItemPrice>14.90</ItemPrice>
      <UnitOfMeasurePrice>2.8113</UnitOfMeasurePrice>
      <AllowDiscount>1</AllowDiscount>
      <ItemStatus>1</ItemStatus>
      <ItemId>51784</ItemId>
    </Item>
    <Item>
      <PriceUpdateDate>2023-12-31 12:48:33</PriceUpdateDate>
      <ItemCode>6569513465323</ItemCode>
      <ItemType>1</ItemType>
      <ItemName>פטריות מסליאטה בחומץ</ItemName>
      <ManufacturerName>china port</ManufacturerName>
      <ManufactureCountry>לא ידוע</ManufactureCountry>
      <ManufacturerItemDescription>פטריות מסליאטה בחומץ</ManufacturerItemDescription>
      <UnitQty>מיליליטרים</UnitQty>
      <Quantity>530.00</Quantity>
      <UnitOfMeasure>100 מ"ל</UnitOfMeasure>
      <bIsWeighted>0</bIsWeighted>
      <QtyInPackage>1</QtyInPackage>
      <ItemPrice>14.90</ItemPrice>
      <UnitOfMeasurePrice>2.8113</UnitOfMeasurePrice>
      <AllowDiscount>1</AllowDiscount>
      <ItemStatus>1</ItemStatus>
      <ItemId>51785</ItemId>
    </Item>
    <Item>
      <PriceUpdateDate>2023-12-31 12:48:33</PriceUpdateDate>
      <ItemCode>6569513465330</ItemCode>
      <ItemType>1</ItemType>
      <ItemName>פטריות שיאיטקה בחומץ</ItemName>
      <ManufacturerName>china port</ManufacturerName>
      <ManufactureCountry>לא ידוע</ManufactureCountry>
      <ManufacturerItemDescription>פטריות שיאיטקה בחומץ</ManufacturerItemDescription>
      <UnitQty>מיליליטרים</UnitQty>
      <Quantity>530.00</Quantity>
      <UnitOfMeasure>100 מ"ל</UnitOfMeasure>
      <bIsWeighted>0</bIsWeighted>
      <QtyInPackage>1</QtyInPackage>
      <ItemPrice>14.90</ItemPrice>
      <UnitOfMeasurePrice>2.8113</UnitOfMeasurePrice>
      <AllowDiscount>1</AllowDiscount>
      <ItemStatus>1</ItemStatus>
      <ItemId>51786</ItemId>
    </Item>
    <Item>
      <PriceUpdateDate>2023-12-31 12:48:33</PriceUpdateDate>
      <ItemCode>6569513465361</ItemCode>
      <ItemType>1</ItemType>
      <ItemName>פטריות אסורטי במרינד</ItemName>
      <ManufacturerName>china port</ManufacturerName>
      <ManufactureCountry>לא ידוע</ManufactureCountry>
      <ManufacturerItemDescription>פטריות אסורטי במרינד 530 גר</ManufacturerItemDescription>
      <UnitQty>גרמים</UnitQty>
      <Quantity>530.00</Quantity>
      <UnitOfMeasure>100 גרם</UnitOfMeasure>
      <bIsWeighted>0</bIsWeighted>
      <QtyInPackage>1</QtyInPackage>
      <ItemPrice>15.90</ItemPrice>
      <UnitOfMeasurePrice>3.0000</UnitOfMeasurePrice>
      <AllowDiscount>1</AllowDiscount>
      <ItemStatus>1</ItemStatus>
      <ItemId>51788</ItemId>
    </Item>
    <Item>
      <PriceUpdateDate>2025-02-25 14:20:53</PriceUpdateDate>
      <ItemCode>7610400010481</ItemCode>
      <ItemType>1</ItemType>
      <ItemName>שוקולד לינדט אקסלנס</ItemName>
      <ManufacturerName>לינדט</ManufacturerName>
      <ManufactureCountry>צרפת</ManufactureCountry>
      <ManufacturerItemDescription>שוקולד "לינדט אקסלנס</ManufacturerItemDescription>
      <UnitQty>גרמים</UnitQty>
      <Quantity>100.00</Quantity>
      <UnitOfMeasure>100 גרם</UnitOfMeasure>
      <bIsWeighted>0</bIsWeighted>
      <QtyInPackage>20</QtyInPackage>
      <ItemPrice>22.90</ItemPrice>
      <UnitOfMeasurePrice>22.9000</UnitOfMeasurePrice>
      <AllowDiscount>1</AllowDiscount>
      <ItemStatus>1</ItemStatus>
      <ItemId>51808</ItemId>
    </Item>
    <Item>
      <PriceUpdateDate>2025-02-02 07:38:06</PriceUpdateDate>
      <ItemCode>7610400068505</ItemCode>
      <ItemType>1</ItemType>
      <ItemName>בונבוניירה לינדור מי</ItemName>
      <ManufacturerName>לינדט</ManufacturerName>
      <ManufactureCountry>לא ידוע</ManufactureCountry>
      <ManufacturerItemDescription>בונבוניירות לינדור</ManufacturerItemDescription>
      <UnitQty>גרמים</UnitQty>
      <Quantity>200.00</Quantity>
      <UnitOfMeasure>100 גרם</UnitOfMeasure>
      <bIsWeighted>0</bIsWeighted>
      <QtyInPackage>1</QtyInPackage>
      <ItemPrice>39.90</ItemPrice>
      <UnitOfMeasurePrice>19.9500</UnitOfMeasurePrice>
      <AllowDiscount>1</AllowDiscount>
      <ItemStatus>1</ItemStatus>
      <ItemId>51813</ItemId>
    </Item>
    <Item>
      <PriceUpdateDate>2025-02-02 07:38:06</PriceUpdateDate>
      <ItemCode>7610400068529</ItemCode>
      <ItemType>1</ItemType>
      <ItemName>בונבוניירות אסורטד ל</ItemName>
      <ManufacturerName>לינדט</ManufacturerName>
      <ManufactureCountry>לא ידוע</ManufactureCountry>
      <ManufacturerItemDescription>בונבוניירות "לינדור"</ManufacturerItemDescription>
      <UnitQty>גרמים</UnitQty>
      <Quantity>200.00</Quantity>
      <UnitOfMeasure>100 גרם</UnitOfMeasure>
      <bIsWeighted>0</bIsWeighted>
      <QtyInPackage>1</QtyInPackage>
      <ItemPrice>39.90</ItemPrice>
      <UnitOfMeasurePrice>19.9500</UnitOfMeasurePrice>
      <AllowDiscount>1</AllowDiscount>
      <ItemStatus>1</ItemStatus>
      <ItemId>51814</ItemId>
    </Item>
    <Item>
      <PriceUpdateDate>2025-02-02 09:45:24</PriceUpdateDate>
      <ItemCode>7610400075787</ItemCode>
      <ItemType>1</ItemType>
      <ItemName>שוקולד לינדט לגרנד 1</ItemName>
      <ManufacturerName>לינדט</ManufacturerName>
      <ManufactureCountry>לא ידוע</ManufactureCountry>
      <ManufacturerItemDescription>שוקולד "לינדט" לה גרנד 150 גר</ManufacturerItemDescription>
      <UnitQty>גרמים</UnitQty>
      <Quantity>150.00</Quantity>
      <UnitOfMeasure>100 גרם</UnitOfMeasure>
      <bIsWeighted>0</bIsWeighted>
      <QtyInPackage>1</QtyInPackage>
      <ItemPrice>34.90</ItemPrice>
      <UnitOfMeasurePrice>23.2667</UnitOfMeasurePrice>
      <AllowDiscount>1</AllowDiscount>
      <ItemStatus>1</ItemStatus>
      <ItemId>51817</ItemId>
    </Item>
    <Item>
      <PriceUpdateDate>2025-11-02 11:30:18</PriceUpdateDate>
      <ItemCode>7610700607077</ItemCode>
      <ItemType>1</ItemType>
      <ItemName>סוכריות ללא סוכר תפו</ItemName>
      <ManufacturerName>,</ManufacturerName>
      <ManufactureCountry>לא ידוע</ManufactureCountry>
      <ManufacturerItemDescription>סוכריות "ריקולה" ללא</ManufacturerItemDescription>
      <UnitQty>גרמים</UnitQty>
      <Quantity>50.00</Quantity>
      <UnitOfMeasure>100 גרם</UnitOfMeasure>
      <bIsWeighted>0</bIsWeighted>
      <QtyInPackage>1</QtyInPackage>
      <ItemPrice>13.90</ItemPrice>
      <UnitOfMeasurePrice>27.8000</UnitOfMeasurePrice>
      <AllowDiscount>1</AllowDiscount>
      <ItemStatus>1</ItemStatus>
      <ItemId>51822</ItemId>
    </Item>
    <Item>
      <PriceUpdateDate>2024-11-19 15:33:12</PriceUpdateDate>
      <ItemCode>8413664511447</ItemCode>
      <ItemType>1</ItemType>
      <ItemName>פאפאס ארגנטה ברוסקטה</ItemName>
      <ManufacturerName>,</ManufacturerName>
      <ManufactureCountry>לא ידוע</ManufactureCountry>
      <ManufacturerItemDescription>פאפאס ארגנטה ברוסקטה שום ופטרוזיליה</ManufacturerItemDescription>
      <UnitQty>גרמים</UnitQty>
      <Quantity>150.00</Quantity>
      <UnitOfMeasure>100 גרם</UnitOfMeasure>
      <bIsWeighted>0</bIsWeighted>
      <QtyInPackage>12</QtyInPackage>
      <ItemPrice>14.90</ItemPrice>
      <UnitOfMeasurePrice>9.9333</UnitOfMeasurePrice>
      <AllowDiscount>1</AllowDiscount>
      <ItemStatus>1</ItemStatus>
      <ItemId>51922</ItemId>
    </Item>
    <Item>
      <PriceUpdateDate>2024-11-19 15:33:12</PriceUpdateDate>
      <ItemCode>8413664511706</ItemCode>
      <ItemType>1</ItemType>
      <ItemName>פאפאס ארגנטה ברוסקטה</ItemName>
      <ManufacturerName>,</ManufacturerName>
      <ManufactureCountry>לא ידוע</ManufactureCountry>
      <ManufacturerItemDescription>פאפאס ארגנטה ברוסקטה עגבניות ואורגנו</ManufacturerItemDescription>
      <UnitQty>גרמים</UnitQty>
      <Quantity>150.00</Quantity>
      <UnitOfMeasure>100 גרם</UnitOfMeasure>
      <bIsWeighted>0</bIsWeighted>
      <QtyInPackage>12</QtyInPackage>
      <ItemPrice>14.90</ItemPrice>
      <UnitOfMeasurePrice>9.9333</UnitOfMeasurePrice>
      <AllowDiscount>1</AllowDiscount>
      <ItemStatus>1</ItemStatus>
      <ItemId>51923</ItemId>
    </Item>
    <Item>
      <PriceUpdateDate>2023-12-31 12:48:33</PriceUpdateDate>
      <ItemCode>8413831140326</ItemCode>
      <ItemType>1</ItemType>
      <ItemName>יין מבעבע קאווה פריו</ItemName>
      <ManufacturerName>קסניוס</ManufacturerName>
      <ManufactureCountry>לא ידוע</ManufactureCountry>
      <ManufacturerItemDescription>יין מבעבע קאווה פריול ברוט</ManufacturerItemDescription>
      <UnitQty>מיליליטרים</UnitQty>
      <Quantity>750.00</Quantity>
      <UnitOfMeasure>100 מ"ל</UnitOfMeasure>
      <bIsWeighted>0</bIsWeighted>
      <QtyInPackage>1</QtyInPackage>
      <ItemPrice>34.90</ItemPrice>
      <UnitOfMeasurePrice>4.6533</UnitOfMeasurePrice>
      <AllowDiscount>1</AllowDiscount>
      <ItemStatus>1</ItemStatus>
      <ItemId>51924</ItemId>
    </Item>
    <Item>
      <PriceUpdateDate>2023-12-31 12:48:34</PriceUpdateDate>
      <ItemCode>9414897010904</ItemCode>
      <ItemType>1</ItemType>
      <ItemName>מול ניו זילנדי על חצ</ItemName>
      <ManufacturerName>,</ManufacturerName>
      <ManufactureCountry>לא ידוע</ManufactureCountry>
      <ManufacturerItemDescription>מול ניו זילנדי על חצי צדף 1 קג</ManufacturerItemDescription>
      <UnitQty>קילוגרמים</UnitQty>
      <Quantity>1.00</Quantity>
      <UnitOfMeasure>ק"ג     </UnitOfMeasure>
      <bIsWeighted>0</bIsWeighted>
      <QtyInPackage>1</QtyInPackage>
      <ItemPrice>69.90</ItemPrice>
      <UnitOfMeasurePrice>69.9000</UnitOfMeasurePrice>
      <AllowDiscount>1</AllowDiscount>
      <ItemStatus>1</ItemStatus>
      <ItemId>51972</ItemId>
    </Item>
    <Item>
      <PriceUpdateDate>2024-11-22 08:30:10</PriceUpdateDate>
      <ItemCode>3800065781114</ItemCode>
      <ItemType>1</ItemType>
      <ItemName>עוגת וופל במילוי קרם</ItemName>
      <ManufacturerName>זרחני איזדליה ורנה (</ManufacturerName>
      <ManufactureCountry>לא ידוע</ManufactureCountry>
      <ManufacturerItemDescription>עוגת ועוגת וופל במילוי קרם קקאו ובוטנים 250 גר</ManufacturerItemDescription>
      <UnitQty>גרמים</UnitQty>
      <Quantity>250.00</Quantity>
      <UnitOfMeasure>100 גרם</UnitOfMeasure>
      <bIsWeighted>0</bIsWeighted>
      <QtyInPackage>1</QtyInPackage>
      <ItemPrice>13.90</ItemPrice>
      <UnitOfMeasurePrice>5.5600</UnitOfMeasurePrice>
      <AllowDiscount>1</AllowDiscount>
      <ItemStatus>1</ItemStatus>
      <ItemId>51979</ItemId>
    </Item>
    <Item>
      <PriceUpdateDate>2025-11-24 11:35:29</PriceUpdateDate>
      <ItemCode>4750001818734</ItemCode>
      <ItemType>1</ItemType>
      <ItemName>בונ אסורטי סנטה 470</ItemName>
      <ManufacturerName>LAIMA</ManufacturerName>
      <ManufactureCountry>לא ידוע</ManufactureCountry>
      <ManufacturerItemDescription>בונ" "אסורטי" סנטה 470 גר</ManufacturerItemDescription>
      <UnitQty>גרמים</UnitQty>
      <Quantity>470.00</Quantity>
      <UnitOfMeasure>100 גרם</UnitOfMeasure>
      <bIsWeighted>0</bIsWeighted>
      <QtyInPackage>1</QtyInPackage>
      <ItemPrice>74.90</ItemPrice>
      <UnitOfMeasurePrice>15.9362</UnitOfMeasurePrice>
      <AllowDiscount>1</AllowDiscount>
      <ItemStatus>1</ItemStatus>
      <ItemId>52006</ItemId>
    </Item>
    <Item>
      <PriceUpdateDate>2023-12-31 12:48:34</PriceUpdateDate>
      <ItemCode>4750021538377</ItemCode>
      <ItemType>1</ItemType>
      <ItemName>בלזאם ריגה בלאק דומד</ItemName>
      <ManufacturerName>אס פי אי</ManufacturerName>
      <ManufactureCountry>לא ידוע</ManufactureCountry>
      <ManufacturerItemDescription>בלזאם שחור עם דומדמניות 0.7 ל</ManufacturerItemDescription>
      <UnitQty>מיליליטרים</UnitQty>
      <Quantity>700.00</Quantity>
      <UnitOfMeasure>100 מ"ל</UnitOfMeasure>
      <bIsWeighted>0</bIsWeighted>
      <QtyInPackage>1</QtyInPackage>
      <ItemPrice>89.90</ItemPrice>
      <UnitOfMeasurePrice>12.8429</UnitOfMeasurePrice>
      <AllowDiscount>1</AllowDiscount>
      <ItemStatus>1</ItemStatus>
      <ItemId>52015</ItemId>
    </Item>
    <Item>
      <PriceUpdateDate>2023-12-31 12:48:34</PriceUpdateDate>
      <ItemCode>4750050526000</ItemCode>
      <ItemType>1</ItemType>
      <ItemName>גבינה מותכת דזינטרס</ItemName>
      <ManufacturerName>,</ManufacturerName>
      <ManufactureCountry>לא ידוע</ManufactureCountry>
      <ManufacturerItemDescription>גבינה מותכת "דזינטרס</ManufacturerItemDescription>
      <UnitQty>גרמים</UnitQty>
      <Quantity>200.00</Quantity>
      <UnitOfMeasure>100 גרם</UnitOfMeasure>
      <bIsWeighted>0</bIsWeighted>
      <QtyInPackage>20</QtyInPackage>
      <ItemPrice>21.90</ItemPrice>
      <UnitOfMeasurePrice>10.9500</UnitOfMeasurePrice>
      <AllowDiscount>1</AllowDiscount>
      <ItemStatus>1</ItemStatus>
      <ItemId>52024</ItemId>
    </Item>
    <Item>
      <PriceUpdateDate>2023-12-31 12:48:34</PriceUpdateDate>
      <ItemCode>4751007732833</ItemCode>
      <ItemType>1</ItemType>
      <ItemName>פילה סלומון ברוטב עג</ItemName>
      <ManufacturerName>KARAVELA</ManufacturerName>
      <ManufactureCountry>לא ידוע</ManufactureCountry>
      <ManufacturerItemDescription>פילה סלומון ברוטב עגבניות</ManufacturerItemDescription>
      <UnitQty>גרמים</UnitQty>
      <Quantity>170.00</Quantity>
      <UnitOfMeasure>100 גרם</UnitOfMeasure>
      <bIsWeighted>0</bIsWeighted>
      <QtyInPackage>1</QtyInPackage>
      <ItemPrice>14.90</ItemPrice>
      <UnitOfMeasurePrice>8.7647</UnitOfMeasurePrice>
      <AllowDiscount>1</AllowDiscount>
      <ItemStatus>1</ItemStatus>
      <ItemId>52041</ItemId>
    </Item>
    <Item>
      <PriceUpdateDate>2023-12-31 12:48:34</PriceUpdateDate>
      <ItemCode>4751007732840</ItemCode>
      <ItemType>1</ItemType>
      <ItemName>פילה סלמון 170 גר</ItemName>
      <ManufacturerName>KARAVELA</ManufacturerName>
      <ManufactureCountry>לא ידוע</ManufactureCountry>
      <ManufacturerItemDescription>פילה סלומון</ManufacturerItemDescription>
      <UnitQty>גרמים</UnitQty>
      <Quantity>170.00</Quantity>
      <UnitOfMeasure>100 גרם</UnitOfMeasure>
      <bIsWeighted>0</bIsWeighted>
      <QtyInPackage>1</QtyInPackage>
      <ItemPrice>14.90</ItemPrice>
      <UnitOfMeasurePrice>8.7647</UnitOfMeasurePrice>
      <AllowDiscount>1</AllowDiscount>
      <ItemStatus>1</ItemStatus>
      <ItemId>52042</ItemId>
    </Item>
    <Item>
      <PriceUpdateDate>2023-12-31 12:48:34</PriceUpdateDate>
      <ItemCode>4751007734004</ItemCode>
      <ItemType>1</ItemType>
      <ItemName>פילה סלומון במיץ טבע</ItemName>
      <ManufacturerName>KARAVELA</ManufacturerName>
      <ManufactureCountry>לא ידוע</ManufactureCountry>
      <ManufacturerItemDescription>פילה סלומון במיץ טבע</ManufacturerItemDescription>
      <UnitQty>גרמים</UnitQty>
      <Quantity>170.00</Quantity>
      <UnitOfMeasure>100 גרם</UnitOfMeasure>
      <bIsWeighted>0</bIsWeighted>
      <QtyInPackage>1</QtyInPackage>
      <ItemPrice>14.90</ItemPrice>
      <UnitOfMeasurePrice>8.7647</UnitOfMeasurePrice>
      <AllowDiscount>1</AllowDiscount>
      <ItemStatus>1</ItemStatus>
      <ItemId>52047</ItemId>
    </Item>
    <Item>
      <PriceUpdateDate>2025-03-06 18:27:25</PriceUpdateDate>
      <ItemCode>4770237049290</ItemCode>
      <ItemType>1</ItemType>
      <ItemName>גלידה אסקימו פלומביר</ItemName>
      <ManufacturerName>,</ManufacturerName>
      <ManufactureCountry>לא ידוע</ManufactureCountry>
      <ManufacturerItemDescription>גלידה אסקימו פלומביר 58 גר</ManufacturerItemDescription>
      <UnitQty>גרמים</UnitQty>
      <Quantity>58.00</Quantity>
      <UnitOfMeasure>100 גרם</UnitOfMeasure>
      <bIsWeighted>0</bIsWeighted>
      <QtyInPackage>1</QtyInPackage>
      <ItemPrice>6.90</ItemPrice>
      <UnitOfMeasurePrice>11.8966</UnitOfMeasurePrice>
      <AllowDiscount>1</AllowDiscount>
      <ItemStatus>1</ItemStatus>
      <ItemId>52067</ItemId>
    </Item>
    <Item>
      <PriceUpdateDate>2025-03-06 18:27:25</PriceUpdateDate>
      <ItemCode>4770237049313</ItemCode>
      <ItemType>1</ItemType>
      <ItemName>גלידה אסקימו פלומביר</ItemName>
      <ManufacturerName>,</ManufacturerName>
      <ManufactureCountry>לא ידוע</ManufactureCountry>
      <ManufacturerItemDescription>גלידה אסקימו פלומביר עם שקדים 63 גר</ManufacturerItemDescription>
      <UnitQty>גרמים</UnitQty>
      <Quantity>63.00</Quantity>
      <UnitOfMeasure>100 גרם</UnitOfMeasure>
      <bIsWeighted>0</bIsWeighted>
      <QtyInPackage>1</QtyInPackage>
      <ItemPrice>6.90</ItemPrice>
      <UnitOfMeasurePrice>10.9524</UnitOfMeasurePrice>
      <AllowDiscount>1</AllowDiscount>
      <ItemStatus>1</ItemStatus>
      <ItemId>52068</ItemId>
    </Item>
    <Item>
      <PriceUpdateDate>2023-12-31 12:48:34</PriceUpdateDate>
      <ItemCode>4770299047890</ItemCode>
      <ItemType>1</ItemType>
      <ItemName>גבינת פרמזן ברונזה 1</ItemName>
      <ManufacturerName>,</ManufacturerName>
      <ManufactureCountry>לא ידוע</ManufactureCountry>
      <ManufacturerItemDescription>גבינת פרמזן ברונזה 1</ManufacturerItemDescription>
      <UnitQty>גרמים</UnitQty>
      <Quantity>180.00</Quantity>
      <UnitOfMeasure>100 גרם</UnitOfMeasure>
      <bIsWeighted>0</bIsWeighted>
      <QtyInPackage>1</QtyInPackage>
      <ItemPrice>24.90</ItemPrice>
      <UnitOfMeasurePrice>13.8333</UnitOfMeasurePrice>
      <AllowDiscount>1</AllowDiscount>
      <ItemStatus>1</ItemStatus>
      <ItemId>52072</ItemId>
    </Item>
    <Item>
      <PriceUpdateDate>2025-01-07 18:45:59</PriceUpdateDate>
      <ItemCode>4770350141499</ItemCode>
      <ItemType>1</ItemType>
      <ItemName>פת פריכה מקמח שיפון</ItemName>
      <ManufacturerName>,</ManufacturerName>
      <ManufactureCountry>לא ידוע</ManufactureCountry>
      <ManufacturerItemDescription>פת פריכה מקמח שיפון בטעם סלמי 120 גר</ManufacturerItemDescription>
      <UnitQty>גרמים</UnitQty>
      <Quantity>120.00</Quantity>
      <UnitOfMeasure>100 גרם</UnitOfMeasure>
      <bIsWeighted>0</bIsWeighted>
      <QtyInPackage>1</QtyInPackage>
      <ItemPrice>10.90</ItemPrice>
      <UnitOfMeasurePrice>9.0833</UnitOfMeasurePrice>
      <AllowDiscount>1</AllowDiscount>
      <ItemStatus>1</ItemStatus>
      <ItemId>52076</ItemId>
    </Item>
    <Item>
      <PriceUpdateDate>2025-01-07 18:47:18</PriceUpdateDate>
      <ItemCode>4791021008248</ItemCode>
      <ItemType>1</ItemType>
      <ItemName>תה ירוק 250 גר</ItemName>
      <ManufacturerName>IMPRA</ManufacturerName>
      <ManufactureCountry>לא ידוע</ManufactureCountry>
      <ManufacturerItemDescription>תה ירוק 250 ג"ר</ManufacturerItemDescription>
      <UnitQty>גרמים</UnitQty>
      <Quantity>250.00</Quantity>
      <UnitOfMeasure>100 גרם</UnitOfMeasure>
      <bIsWeighted>0</bIsWeighted>
      <QtyInPackage>1</QtyInPackage>
      <ItemPrice>46.90</ItemPrice>
      <UnitOfMeasurePrice>18.7600</UnitOfMeasurePrice>
      <AllowDiscount>1</AllowDiscount>
      <ItemStatus>1</ItemStatus>
      <ItemId>52100</ItemId>
    </Item>
    <Item>
      <PriceUpdateDate>2025-11-06 09:07:21</PriceUpdateDate>
      <ItemCode>4823105818839</ItemCode>
      <ItemType>1</ItemType>
      <ItemName>מארז מתנה פעמון לקרי</ItemName>
      <ManufacturerName>,</ManufacturerName>
      <ManufactureCountry>לא ידוע</ManufactureCountry>
      <ManufacturerItemDescription>מארז מתנה פעמון לקריסמיס מס 1 200 גר</ManufacturerItemDescription>
      <UnitQty>גרמים</UnitQty>
      <Quantity>200.00</Quantity>
      <UnitOfMeasure>100 גרם</UnitOfMeasure>
      <bIsWeighted>0</bIsWeighted>
      <QtyInPackage>1</QtyInPackage>
      <ItemPrice>41.90</ItemPrice>
      <UnitOfMeasurePrice>20.9500</UnitOfMeasurePrice>
      <AllowDiscount>1</AllowDiscount>
      <ItemStatus>1</ItemStatus>
      <ItemId>102582</ItemId>
    </Item>
    <Item>
      <PriceUpdateDate>2024-11-03 13:30:28</PriceUpdateDate>
      <ItemCode>4810168000011</ItemCode>
      <ItemType>1</ItemType>
      <ItemName>פילה דג הרינג מלוח מ</ItemName>
      <ManufacturerName>,</ManufacturerName>
      <ManufactureCountry>לא ידוע</ManufactureCountry>
      <ManufacturerItemDescription>פילה דג הרינג מלוח מצונן 250 גר</ManufacturerItemDescription>
      <UnitQty>גרמים</UnitQty>
      <Quantity>250.00</Quantity>
      <UnitOfMeasure>100 גרם</UnitOfMeasure>
      <bIsWeighted>0</bIsWeighted>
      <QtyInPackage>1</QtyInPackage>
      <ItemPrice>17.90</ItemPrice>
      <UnitOfMeasurePrice>7.1600</UnitOfMeasurePrice>
      <AllowDiscount>1</AllowDiscount>
      <ItemStatus>1</ItemStatus>
      <ItemId>52133</ItemId>
    </Item>
    <Item>
      <PriceUpdateDate>2024-11-03 13:30:28</PriceUpdateDate>
      <ItemCode>4810168000998</ItemCode>
      <ItemType>1</ItemType>
      <ItemName>חתיכות פילה דג הרינג</ItemName>
      <ManufacturerName>,</ManufacturerName>
      <ManufactureCountry>לא ידוע</ManufactureCountry>
      <ManufacturerItemDescription>חתיכות פילה דג הרינג מלוח מצונן עם בצל</ManufacturerItemDescription>
      <UnitQty>גרמים</UnitQty>
      <Quantity>260.00</Quantity>
      <UnitOfMeasure>100 גרם</UnitOfMeasure>
      <bIsWeighted>0</bIsWeighted>
      <QtyInPackage>1</QtyInPackage>
      <ItemPrice>21.90</ItemPrice>
      <UnitOfMeasurePrice>8.4231</UnitOfMeasurePrice>
      <AllowDiscount>1</AllowDiscount>
      <ItemStatus>1</ItemStatus>
      <ItemId>52135</ItemId>
    </Item>
    <Item>
      <PriceUpdateDate>2024-11-22 08:30:10</PriceUpdateDate>
      <ItemCode>4820002302058</ItemCode>
      <ItemType>1</ItemType>
      <ItemName>קרקר עדין 400 גר</ItemName>
      <ManufacturerName>חרקוב בסקוויט</ManufacturerName>
      <ManufactureCountry>לא ידוע</ManufactureCountry>
      <ManufacturerItemDescription>קרקר עדין 400 ג"ר</ManufacturerItemDescription>
      <UnitQty>גרמים</UnitQty>
      <Quantity>400.00</Quantity>
      <UnitOfMeasure>100 גרם</UnitOfMeasure>
      <bIsWeighted>0</bIsWeighted>
      <QtyInPackage>1</QtyInPackage>
      <ItemPrice>13.90</ItemPrice>
      <UnitOfMeasurePrice>3.4750</UnitOfMeasurePrice>
      <AllowDiscount>1</AllowDiscount>
      <ItemStatus>1</ItemStatus>
      <ItemId>52176</ItemId>
    </Item>
    <Item>
      <PriceUpdateDate>2025-06-20 08:31:12</PriceUpdateDate>
      <ItemCode>4820005192946</ItemCode>
      <ItemType>1</ItemType>
      <ItemName>שוקולד חלב מילניום ג</ItemName>
      <ManufacturerName>מלבי</ManufacturerName>
      <ManufactureCountry>לא ידוע</ManufactureCountry>
      <ManufacturerItemDescription>שוקולד "מילניום גולד</ManufacturerItemDescription>
      <UnitQty>גרמים</UnitQty>
      <Quantity>100.00</Quantity>
      <UnitOfMeasure>100 גרם</UnitOfMeasure>
      <bIsWeighted>0</bIsWeighted>
      <QtyInPackage>1</QtyInPackage>
      <ItemPrice>10.90</ItemPrice>
      <UnitOfMeasurePrice>10.9000</UnitOfMeasurePrice>
      <AllowDiscount>1</AllowDiscount>
      <ItemStatus>1</ItemStatus>
      <ItemId>52192</ItemId>
    </Item>
    <Item>
      <PriceUpdateDate>2025-06-20 08:31:12</PriceUpdateDate>
      <ItemCode>4820005193059</ItemCode>
      <ItemType>1</ItemType>
      <ItemName>שוקולד חלב מילניום ג</ItemName>
      <ManufacturerName>מלבי</ManufacturerName>
      <ManufactureCountry>לא ידוע</ManufactureCountry>
      <ManufacturerItemDescription>שוקולד עם אגוזים</ManufacturerItemDescription>
      <UnitQty>גרמים</UnitQty>
      <Quantity>100.00</Quantity>
      <UnitOfMeasure>100 גרם</UnitOfMeasure>
      <bIsWeighted>0</bIsWeighted>
      <QtyInPackage>1</QtyInPackage>
      <ItemPrice>10.90</ItemPrice>
      <UnitOfMeasurePrice>10.9000</UnitOfMeasurePrice>
      <AllowDiscount>1</AllowDiscount>
      <ItemStatus>1</ItemStatus>
      <ItemId>52193</ItemId>
    </Item>
    <Item>
      <PriceUpdateDate>2025-06-20 08:31:12</PriceUpdateDate>
      <ItemCode>4820005193073</ItemCode>
      <ItemType>1</ItemType>
      <ItemName>שוקולד מלניום גולד מ</ItemName>
      <ManufacturerName>מלבי</ManufacturerName>
      <ManufactureCountry>לא ידוע</ManufactureCountry>
      <ManufacturerItemDescription>שוקולד "מילניום גולד</ManufacturerItemDescription>
      <UnitQty>גרמים</UnitQty>
      <Quantity>100.00</Quantity>
      <UnitOfMeasure>100 גרם</UnitOfMeasure>
      <bIsWeighted>0</bIsWeighted>
      <QtyInPackage>1</QtyInPackage>
      <ItemPrice>11.90</ItemPrice>
      <UnitOfMeasurePrice>11.9000</UnitOfMeasurePrice>
      <AllowDiscount>1</AllowDiscount>
      <ItemStatus>1</ItemStatus>
      <ItemId>52194</ItemId>
    </Item>
    <Item>
      <PriceUpdateDate>2025-06-20 08:31:13</PriceUpdateDate>
      <ItemCode>4820005194124</ItemCode>
      <ItemType>1</ItemType>
      <ItemName>שוקולד מילניום חלב ע</ItemName>
      <ManufacturerName>מלבי</ManufacturerName>
      <ManufactureCountry>לא ידוע</ManufactureCountry>
      <ManufacturerItemDescription>שוקולד מילניום חלב עם שקדים 100 גר</ManufacturerItemDescription>
      <UnitQty>גרמים</UnitQty>
      <Quantity>100.00</Quantity>
      <UnitOfMeasure>100 גרם</UnitOfMeasure>
      <bIsWeighted>0</bIsWeighted>
      <QtyInPackage>1</QtyInPackage>
      <ItemPrice>10.90</ItemPrice>
      <UnitOfMeasurePrice>10.9000</UnitOfMeasurePrice>
      <AllowDiscount>1</AllowDiscount>
      <ItemStatus>1</ItemStatus>
      <ItemId>52196</ItemId>
    </Item>
    <Item>
      <PriceUpdateDate>2025-06-20 08:31:13</PriceUpdateDate>
      <ItemCode>4820005198597</ItemCode>
      <ItemType>1</ItemType>
      <ItemName>שוקולד מריר מילניום</ItemName>
      <ManufacturerName>מלבי</ManufacturerName>
      <ManufactureCountry>לא ידוע</ManufactureCountry>
      <ManufacturerItemDescription>שוקולד "מילניום פאבו</ManufacturerItemDescription>
      <UnitQty>גרמים</UnitQty>
      <Quantity>100.00</Quantity>
      <UnitOfMeasure>100 גרם</UnitOfMeasure>
      <bIsWeighted>0</bIsWeighted>
      <QtyInPackage>1</QtyInPackage>
      <ItemPrice>14.90</ItemPrice>
      <UnitOfMeasurePrice>14.9000</UnitOfMeasurePrice>
      <AllowDiscount>1</AllowDiscount>
      <ItemStatus>1</ItemStatus>
      <ItemId>52197</ItemId>
    </Item>
    <Item>
      <PriceUpdateDate>2024-11-22 08:30:10</PriceUpdateDate>
      <ItemCode>4820026670195</ItemCode>
      <ItemType>1</ItemType>
      <ItemName>חתיכות לימון 265 גר</ItemName>
      <ManufacturerName>חרקוב בסקוויט</ManufacturerName>
      <ManufactureCountry>לא ידוע</ManufactureCountry>
      <ManufacturerItemDescription>חתיכות לימון 265 ג"ר</ManufacturerItemDescription>
      <UnitQty>גרמים</UnitQty>
      <Quantity>265.00</Quantity>
      <UnitOfMeasure>100 גרם</UnitOfMeasure>
      <bIsWeighted>0</bIsWeighted>
      <QtyInPackage>1</QtyInPackage>
      <ItemPrice>15.90</ItemPrice>
      <UnitOfMeasurePrice>6.0000</UnitOfMeasurePrice>
      <AllowDiscount>1</AllowDiscount>
      <ItemStatus>1</ItemStatus>
      <ItemId>52204</ItemId>
    </Item>
    <Item>
      <PriceUpdateDate>2024-11-22 08:30:10</PriceUpdateDate>
      <ItemCode>4820026670201</ItemCode>
      <ItemType>1</ItemType>
      <ItemName>חתיכות תפוז 265 גר</ItemName>
      <ManufacturerName>חרקוב בסקוויט</ManufacturerName>
      <ManufactureCountry>לא ידוע</ManufactureCountry>
      <ManufacturerItemDescription>חתיכות תפוז 265 ג"ר</ManufacturerItemDescription>
      <UnitQty>גרמים</UnitQty>
      <Quantity>265.00</Quantity>
      <UnitOfMeasure>100 גרם</UnitOfMeasure>
      <bIsWeighted>0</bIsWeighted>
      <QtyInPackage>1</QtyInPackage>
      <ItemPrice>15.90</ItemPrice>
      <UnitOfMeasurePrice>6.0000</UnitOfMeasurePrice>
      <AllowDiscount>1</AllowDiscount>
      <ItemStatus>1</ItemStatus>
      <ItemId>52205</ItemId>
    </Item>
    <Item>
      <PriceUpdateDate>2024-11-25 08:43:26</PriceUpdateDate>
      <ItemCode>4820026674148</ItemCode>
      <ItemType>1</ItemType>
      <ItemName>עוגת וופל דליס 500 ג</ItemName>
      <ManufacturerName>חרקוב בסקוויט</ManufacturerName>
      <ManufactureCountry>לא ידוע</ManufactureCountry>
      <ManufacturerItemDescription>עוגת וופל "דליס" 500</ManufacturerItemDescription>
      <UnitQty>גרמים</UnitQty>
      <Quantity>500.00</Quantity>
      <UnitOfMeasure>100 גרם</UnitOfMeasure>
      <bIsWeighted>0</bIsWeighted>
      <QtyInPackage>1</QtyInPackage>
      <ItemPrice>39.90</ItemPrice>
      <UnitOfMeasurePrice>7.9800</UnitOfMeasurePrice>
      <AllowDiscount>1</AllowDiscount>
      <ItemStatus>1</ItemStatus>
      <ItemId>52212</ItemId>
    </Item>
    <Item>
      <PriceUpdateDate>2024-11-22 08:30:10</PriceUpdateDate>
      <ItemCode>4820088350028</ItemCode>
      <ItemType>1</ItemType>
      <ItemName>עלי וופל משושה לקורנ</ItemName>
      <ManufacturerName>לקורנה</ManufacturerName>
      <ManufactureCountry>לא ידוע</ManufactureCountry>
      <ManufacturerItemDescription>עלי וופל משושה לקורנה 50 גר</ManufacturerItemDescription>
      <UnitQty>גרמים</UnitQty>
      <Quantity>50.00</Quantity>
      <UnitOfMeasure>100 גרם</UnitOfMeasure>
      <bIsWeighted>0</bIsWeighted>
      <QtyInPackage>1</QtyInPackage>
      <ItemPrice>7.90</ItemPrice>
      <UnitOfMeasurePrice>15.8000</UnitOfMeasurePrice>
      <AllowDiscount>1</AllowDiscount>
      <ItemStatus>1</ItemStatus>
      <ItemId>52267</ItemId>
    </Item>
    <Item>
      <PriceUpdateDate>2023-12-31 12:48:35</PriceUpdateDate>
      <ItemCode>4820143330019</ItemCode>
      <ItemType>1</ItemType>
      <ItemName>עלי וופל עגולים לקור</ItemName>
      <ManufacturerName>לקורנה</ManufacturerName>
      <ManufactureCountry>לא ידוע</ManufactureCountry>
      <ManufacturerItemDescription>עלי וופל עגולים לקורנה 90 גר</ManufacturerItemDescription>
      <UnitQty>גרמים</UnitQty>
      <Quantity>90.00</Quantity>
      <UnitOfMeasure>100 גרם</UnitOfMeasure>
      <bIsWeighted>0</bIsWeighted>
      <QtyInPackage>1</QtyInPackage>
      <ItemPrice>9.90</ItemPrice>
      <UnitOfMeasurePrice>11.0000</UnitOfMeasurePrice>
      <AllowDiscount>1</AllowDiscount>
      <ItemStatus>1</ItemStatus>
      <ItemId>52271</ItemId>
    </Item>
    <Item>
      <PriceUpdateDate>2025-09-01 14:08:09</PriceUpdateDate>
      <ItemCode>4823006801435</ItemCode>
      <ItemType>1</ItemType>
      <ItemName>לצו 450 גר</ItemName>
      <ManufacturerName>NEZHIN</ManufacturerName>
      <ManufactureCountry>לא ידוע</ManufactureCountry>
      <ManufacturerItemDescription>לצ"ו 450 גר"</ManufacturerItemDescription>
      <UnitQty>גרמים</UnitQty>
      <Quantity>450.00</Quantity>
      <UnitOfMeasure>100 גרם</UnitOfMeasure>
      <bIsWeighted>0</bIsWeighted>
      <QtyInPackage>1</QtyInPackage>
      <ItemPrice>18.90</ItemPrice>
      <UnitOfMeasurePrice>4.2000</UnitOfMeasurePrice>
      <AllowDiscount>1</AllowDiscount>
      <ItemStatus>1</ItemStatus>
      <ItemId>52277</ItemId>
    </Item>
    <Item>
      <PriceUpdateDate>2025-09-01 14:08:09</PriceUpdateDate>
      <ItemCode>4823006801862</ItemCode>
      <ItemType>1</ItemType>
      <ItemName>איקרה קישואים 450 גר</ItemName>
      <ManufacturerName>NEZHIN</ManufacturerName>
      <ManufactureCountry>לא ידוע</ManufactureCountry>
      <ManufacturerItemDescription>איקרה קישואים 450 גר</ManufacturerItemDescription>
      <UnitQty>גרמים</UnitQty>
      <Quantity>450.00</Quantity>
      <UnitOfMeasure>100 גרם</UnitOfMeasure>
      <bIsWeighted>0</bIsWeighted>
      <QtyInPackage>1</QtyInPackage>
      <ItemPrice>18.90</ItemPrice>
      <UnitOfMeasurePrice>4.2000</UnitOfMeasurePrice>
      <AllowDiscount>1</AllowDiscount>
      <ItemStatus>1</ItemStatus>
      <ItemId>52279</ItemId>
    </Item>
    <Item>
      <PriceUpdateDate>2023-12-31 12:48:35</PriceUpdateDate>
      <ItemCode>4840013000217</ItemCode>
      <ItemType>1</ItemType>
      <ItemName>יין מבעבע קריקובה חצ</ItemName>
      <ManufacturerName>קריקובה</ManufacturerName>
      <ManufactureCountry>מולדובה</ManufactureCountry>
      <ManufacturerItemDescription>שמפניה קריקובה חצי מ</ManufacturerItemDescription>
      <UnitQty>מיליליטרים</UnitQty>
      <Quantity>750.00</Quantity>
      <UnitOfMeasure>100 מ"ל</UnitOfMeasure>
      <bIsWeighted>0</bIsWeighted>
      <QtyInPackage>12</QtyInPackage>
      <ItemPrice>39.90</ItemPrice>
      <UnitOfMeasurePrice>5.3200</UnitOfMeasurePrice>
      <AllowDiscount>1</AllowDiscount>
      <ItemStatus>1</ItemStatus>
      <ItemId>52291</ItemId>
    </Item>
    <Item>
      <PriceUpdateDate>2023-12-31 12:48:35</PriceUpdateDate>
      <ItemCode>4840013000248</ItemCode>
      <ItemType>1</ItemType>
      <ItemName>יין מבעבע קריקובה חצ</ItemName>
      <ManufacturerName>קריקובה</ManufacturerName>
      <ManufactureCountry>מולדובה</ManufactureCountry>
      <ManufacturerItemDescription>שמפניה קריקובה חצי י</ManufacturerItemDescription>
      <UnitQty>מיליליטרים</UnitQty>
      <Quantity>750.00</Quantity>
      <UnitOfMeasure>100 מ"ל</UnitOfMeasure>
      <bIsWeighted>0</bIsWeighted>
      <QtyInPackage>12</QtyInPackage>
      <ItemPrice>39.90</ItemPrice>
      <UnitOfMeasurePrice>5.3200</UnitOfMeasurePrice>
      <AllowDiscount>1</AllowDiscount>
      <ItemStatus>1</ItemStatus>
      <ItemId>52292</ItemId>
    </Item>
    <Item>
      <PriceUpdateDate>2023-12-31 12:48:35</PriceUpdateDate>
      <ItemCode>4840013001054</ItemCode>
      <ItemType>1</ItemType>
      <ItemName>יין מבעבע קריקובה מו</ItemName>
      <ManufacturerName>קריקובה</ManufacturerName>
      <ManufactureCountry>מולדובה</ManufactureCountry>
      <ManufacturerItemDescription>שמפניה קריקובה מוסקט</ManufacturerItemDescription>
      <UnitQty>מיליליטרים</UnitQty>
      <Quantity>750.00</Quantity>
      <UnitOfMeasure>100 מ"ל</UnitOfMeasure>
      <bIsWeighted>0</bIsWeighted>
      <QtyInPackage>12</QtyInPackage>
      <ItemPrice>39.90</ItemPrice>
      <UnitOfMeasurePrice>5.3200</UnitOfMeasurePrice>
      <AllowDiscount>1</AllowDiscount>
      <ItemStatus>1</ItemStatus>
      <ItemId>52294</ItemId>
    </Item>
    <Item>
      <PriceUpdateDate>2024-09-05 14:05:41</PriceUpdateDate>
      <ItemCode>4840472005532</ItemCode>
      <ItemType>1</ItemType>
      <ItemName>יין פורקרי מרלו 750</ItemName>
      <ManufacturerName>,</ManufacturerName>
      <ManufactureCountry>לא ידוע</ManufactureCountry>
      <ManufacturerItemDescription>יין פורקרי מרלו 750 מל</ManufacturerItemDescription>
      <UnitQty>מיליליטרים</UnitQty>
      <Quantity>750.00</Quantity>
      <UnitOfMeasure>100 מ"ל</UnitOfMeasure>
      <bIsWeighted>0</bIsWeighted>
      <QtyInPackage>1</QtyInPackage>
      <ItemPrice>59.90</ItemPrice>
      <UnitOfMeasurePrice>7.9867</UnitOfMeasurePrice>
      <AllowDiscount>1</AllowDiscount>
      <ItemStatus>1</ItemStatus>
      <ItemId>52308</ItemId>
    </Item>
    <Item>
      <PriceUpdateDate>2024-09-05 14:05:41</PriceUpdateDate>
      <ItemCode>4840472005556</ItemCode>
      <ItemType>1</ItemType>
      <ItemName>יין פורקרי פינו נואר</ItemName>
      <ManufacturerName>,</ManufacturerName>
      <ManufactureCountry>לא ידוע</ManufactureCountry>
      <ManufacturerItemDescription>יין "פורקארו" פינות</ManufacturerItemDescription>
      <UnitQty>מיליליטרים</UnitQty>
      <Quantity>750.00</Quantity>
      <UnitOfMeasure>100 מ"ל</UnitOfMeasure>
      <bIsWeighted>0</bIsWeighted>
      <QtyInPackage>6</QtyInPackage>
      <ItemPrice>59.90</ItemPrice>
      <UnitOfMeasurePrice>7.9867</UnitOfMeasurePrice>
      <AllowDiscount>1</AllowDiscount>
      <ItemStatus>1</ItemStatus>
      <ItemId>52310</ItemId>
    </Item>
    <Item>
      <PriceUpdateDate>2024-09-05 14:05:41</PriceUpdateDate>
      <ItemCode>4840472005563</ItemCode>
      <ItemType>1</ItemType>
      <ItemName>יין פורקרי שרדונה 75</ItemName>
      <ManufacturerName>,</ManufacturerName>
      <ManufactureCountry>לא ידוע</ManufactureCountry>
      <ManufacturerItemDescription>יין "פורקארו" שרדונה</ManufacturerItemDescription>
      <UnitQty>מיליליטרים</UnitQty>
      <Quantity>750.00</Quantity>
      <UnitOfMeasure>100 מ"ל</UnitOfMeasure>
      <bIsWeighted>0</bIsWeighted>
      <QtyInPackage>6</QtyInPackage>
      <ItemPrice>59.90</ItemPrice>
      <UnitOfMeasurePrice>7.9867</UnitOfMeasurePrice>
      <AllowDiscount>1</AllowDiscount>
      <ItemStatus>1</ItemStatus>
      <ItemId>52311</ItemId>
    </Item>
    <Item>
      <PriceUpdateDate>2024-09-05 14:05:41</PriceUpdateDate>
      <ItemCode>4840472005570</ItemCode>
      <ItemType>1</ItemType>
      <ItemName>יין פורקרי סוביניון</ItemName>
      <ManufacturerName>,</ManufacturerName>
      <ManufactureCountry>לא ידוע</ManufactureCountry>
      <ManufacturerItemDescription>יין "פורקארו" סביון</ManufacturerItemDescription>
      <UnitQty>מיליליטרים</UnitQty>
      <Quantity>750.00</Quantity>
      <UnitOfMeasure>100 מ"ל</UnitOfMeasure>
      <bIsWeighted>0</bIsWeighted>
      <QtyInPackage>6</QtyInPackage>
      <ItemPrice>59.90</ItemPrice>
      <UnitOfMeasurePrice>7.9867</UnitOfMeasurePrice>
      <AllowDiscount>1</AllowDiscount>
      <ItemStatus>1</ItemStatus>
      <ItemId>52312</ItemId>
    </Item>
    <Item>
      <PriceUpdateDate>2024-09-05 14:05:41</PriceUpdateDate>
      <ItemCode>4840472005587</ItemCode>
      <ItemType>1</ItemType>
      <ItemName>יין פורקרי פסטורל 75</ItemName>
      <ManufacturerName>,</ManufacturerName>
      <ManufactureCountry>לא ידוע</ManufactureCountry>
      <ManufacturerItemDescription>יין פורקרי פסטורל 750 מל</ManufacturerItemDescription>
      <UnitQty>מיליליטרים</UnitQty>
      <Quantity>750.00</Quantity>
      <UnitOfMeasure>100 מ"ל</UnitOfMeasure>
      <bIsWeighted>0</bIsWeighted>
      <QtyInPackage>1</QtyInPackage>
      <ItemPrice>59.90</ItemPrice>
      <UnitOfMeasurePrice>7.9867</UnitOfMeasurePrice>
      <AllowDiscount>1</AllowDiscount>
      <ItemStatus>1</ItemStatus>
      <ItemId>52313</ItemId>
    </Item>
    <Item>
      <PriceUpdateDate>2024-03-03 08:54:23</PriceUpdateDate>
      <ItemCode>4860019001346</ItemCode>
      <ItemType>1</ItemType>
      <ItemName>מים מינרליים בורזומי</ItemName>
      <ManufacturerName>BORJOMI</ManufacturerName>
      <ManufactureCountry>לא ידוע</ManufactureCountry>
      <ManufacturerItemDescription>מים מינרליים "בורג"ו</ManufacturerItemDescription>
      <UnitQty>מיליליטרים</UnitQty>
      <Quantity>500.00</Quantity>
      <UnitOfMeasure>100 מ"ל</UnitOfMeasure>
      <bIsWeighted>0</bIsWeighted>
      <QtyInPackage>1</QtyInPackage>
      <ItemPrice>8.90</ItemPrice>
      <UnitOfMeasurePrice>1.7800</UnitOfMeasurePrice>
      <AllowDiscount>1</AllowDiscount>
      <ItemStatus>1</ItemStatus>
      <ItemId>52321</ItemId>
    </Item>
    <Item>
      <PriceUpdateDate>2023-12-31 12:48:35</PriceUpdateDate>
      <ItemCode>4860065010071</ItemCode>
      <ItemType>1</ItemType>
      <ItemName>יין קינדזמאראולי מגא</ItemName>
      <ManufacturerName>תליאני וולי</ManufacturerName>
      <ManufactureCountry>לא ידוע</ManufactureCountry>
      <ManufacturerItemDescription>יין קינזמראולי קרמיק</ManufacturerItemDescription>
      <UnitQty>מיליליטרים</UnitQty>
      <Quantity>750.00</Quantity>
      <UnitOfMeasure>100 מ"ל</UnitOfMeasure>
      <bIsWeighted>0</bIsWeighted>
      <QtyInPackage>6</QtyInPackage>
      <ItemPrice>49.90</ItemPrice>
      <UnitOfMeasurePrice>6.6533</UnitOfMeasurePrice>
      <AllowDiscount>1</AllowDiscount>
      <ItemStatus>1</ItemStatus>
      <ItemId>52323</ItemId>
    </Item>
    <Item>
      <PriceUpdateDate>2023-12-31 12:48:35</PriceUpdateDate>
      <ItemCode>4860065010286</ItemCode>
      <ItemType>1</ItemType>
      <ItemName>יין אודגלשי אדום חצי</ItemName>
      <ManufacturerName>תליאני וולי</ManufacturerName>
      <ManufactureCountry>GE</ManufactureCountry>
      <ManufacturerItemDescription>יין אטנורי קרמיקה 0.</ManufacturerItemDescription>
      <UnitQty>מיליליטרים</UnitQty>
      <Quantity>750.00</Quantity>
      <UnitOfMeasure>100 מ"ל</UnitOfMeasure>
      <bIsWeighted>0</bIsWeighted>
      <QtyInPackage>6</QtyInPackage>
      <ItemPrice>49.90</ItemPrice>
      <UnitOfMeasurePrice>6.6533</UnitOfMeasurePrice>
      <AllowDiscount>1</AllowDiscount>
      <ItemStatus>1</ItemStatus>
      <ItemId>52325</ItemId>
    </Item>
    <Item>
      <PriceUpdateDate>2023-12-31 12:48:36</PriceUpdateDate>
      <ItemCode>5900907000347</ItemCode>
      <ItemType>1</ItemType>
      <ItemName>פטריות בחומץ 500 גר</ItemName>
      <ManufacturerName>URBANEK</ManufacturerName>
      <ManufactureCountry>לא ידוע</ManufactureCountry>
      <ManufacturerItemDescription>פטריות בחומץ 900 ג"ר</ManufacturerItemDescription>
      <UnitQty>גרמים</UnitQty>
      <Quantity>500.00</Quantity>
      <UnitOfMeasure>100 גרם</UnitOfMeasure>
      <bIsWeighted>0</bIsWeighted>
      <QtyInPackage>1</QtyInPackage>
      <ItemPrice>22.90</ItemPrice>
      <UnitOfMeasurePrice>4.5800</UnitOfMeasurePrice>
      <AllowDiscount>1</AllowDiscount>
      <ItemStatus>1</ItemStatus>
      <ItemId>52369</ItemId>
    </Item>
    <Item>
      <PriceUpdateDate>2024-07-01 11:07:49</PriceUpdateDate>
      <ItemCode>5900907000477</ItemCode>
      <ItemType>1</ItemType>
      <ItemName>ריבת שזיפים 330 גר</ItemName>
      <ManufacturerName>URBANEK</ManufacturerName>
      <ManufactureCountry>לא ידוע</ManufactureCountry>
      <ManufacturerItemDescription>ריבת שזיפים 330גר</ManufacturerItemDescription>
      <UnitQty>גרמים</UnitQty>
      <Quantity>330.00</Quantity>
      <UnitOfMeasure>100 גרם</UnitOfMeasure>
      <bIsWeighted>0</bIsWeighted>
      <QtyInPackage>1</QtyInPackage>
      <ItemPrice>15.90</ItemPrice>
      <UnitOfMeasurePrice>4.8182</UnitOfMeasurePrice>
      <AllowDiscount>1</AllowDiscount>
      <ItemStatus>1</ItemStatus>
      <ItemId>52370</ItemId>
    </Item>
    <Item>
      <PriceUpdateDate>2023-12-31 12:48:36</PriceUpdateDate>
      <ItemCode>5900907000583</ItemCode>
      <ItemType>1</ItemType>
      <ItemName>מלפפון בחומץ 920 גר</ItemName>
      <ManufacturerName>URBANEK</ManufacturerName>
      <ManufactureCountry>לא ידוע</ManufactureCountry>
      <ManufacturerItemDescription>מלפפון בחומץ 920 גר</ManufacturerItemDescription>
      <UnitQty>גרמים</UnitQty>
      <Quantity>920.00</Quantity>
      <UnitOfMeasure>100 גרם</UnitOfMeasure>
      <bIsWeighted>0</bIsWeighted>
      <QtyInPackage>1</QtyInPackage>
      <ItemPrice>17.90</ItemPrice>
      <UnitOfMeasurePrice>1.9457</UnitOfMeasurePrice>
      <AllowDiscount>1</AllowDiscount>
      <ItemStatus>1</ItemStatus>
      <ItemId>52373</ItemId>
    </Item>
    <Item>
      <PriceUpdateDate>2023-12-31 12:48:36</PriceUpdateDate>
      <ItemCode>5900907000965</ItemCode>
      <ItemType>1</ItemType>
      <ItemName>פטיסון בחומץ 910 גר</ItemName>
      <ManufacturerName>URBANEK</ManufacturerName>
      <ManufactureCountry>לא ידוע</ManufactureCountry>
      <ManufacturerItemDescription>פטיסון בחומץ 900 גר</ManufacturerItemDescription>
      <UnitQty>גרמים</UnitQty>
      <Quantity>910.00</Quantity>
      <UnitOfMeasure>100 גרם</UnitOfMeasure>
      <bIsWeighted>0</bIsWeighted>
      <QtyInPackage>1</QtyInPackage>
      <ItemPrice>22.90</ItemPrice>
      <UnitOfMeasurePrice>2.5165</UnitOfMeasurePrice>
      <AllowDiscount>1</AllowDiscount>
      <ItemStatus>1</ItemStatus>
      <ItemId>52376</ItemId>
    </Item>
    <Item>
      <PriceUpdateDate>2023-12-31 12:48:36</PriceUpdateDate>
      <ItemCode>5900907001429</ItemCode>
      <ItemType>1</ItemType>
      <ItemName>אסורטי 910 גר</ItemName>
      <ManufacturerName>URBANEK</ManufacturerName>
      <ManufactureCountry>לא ידוע</ManufactureCountry>
      <ManufacturerItemDescription>אסורטי 910 גר</ManufacturerItemDescription>
      <UnitQty>גרמים</UnitQty>
      <Quantity>910.00</Quantity>
      <UnitOfMeasure>100 גרם</UnitOfMeasure>
      <bIsWeighted>0</bIsWeighted>
      <QtyInPackage>1</QtyInPackage>
      <ItemPrice>17.90</ItemPrice>
      <UnitOfMeasurePrice>1.9670</UnitOfMeasurePrice>
      <AllowDiscount>1</AllowDiscount>
      <ItemStatus>1</ItemStatus>
      <ItemId>52379</ItemId>
    </Item>
    <Item>
      <PriceUpdateDate>2024-07-01 11:07:49</PriceUpdateDate>
      <ItemCode>5900907001450</ItemCode>
      <ItemType>1</ItemType>
      <ItemName>מלפפונים במלח 920 גר</ItemName>
      <ManufacturerName>URBANEK</ManufacturerName>
      <ManufactureCountry>לא ידוע</ManufactureCountry>
      <ManufacturerItemDescription>מלפפונים במלח 920 גר</ManufacturerItemDescription>
      <UnitQty>גרמים</UnitQty>
      <Quantity>920.00</Quantity>
      <UnitOfMeasure>100 גרם</UnitOfMeasure>
      <bIsWeighted>0</bIsWeighted>
      <QtyInPackage>1</QtyInPackage>
      <ItemPrice>21.90</ItemPrice>
      <UnitOfMeasurePrice>2.3804</UnitOfMeasurePrice>
      <AllowDiscount>1</AllowDiscount>
      <ItemStatus>1</ItemStatus>
      <ItemId>52380</ItemId>
    </Item>
    <Item>
      <PriceUpdateDate>2023-12-31 12:48:36</PriceUpdateDate>
      <ItemCode>5900907001474</ItemCode>
      <ItemType>1</ItemType>
      <ItemName>עגבניות בחומץ 920 גר</ItemName>
      <ManufacturerName>URBANEK</ManufacturerName>
      <ManufactureCountry>לא ידוע</ManufactureCountry>
      <ManufacturerItemDescription>עגבניות בחומץ 920 גר</ManufacturerItemDescription>
      <UnitQty>גרמים</UnitQty>
      <Quantity>920.00</Quantity>
      <UnitOfMeasure>100 גרם</UnitOfMeasure>
      <bIsWeighted>0</bIsWeighted>
      <QtyInPackage>1</QtyInPackage>
      <ItemPrice>17.90</ItemPrice>
      <UnitOfMeasurePrice>1.9457</UnitOfMeasurePrice>
      <AllowDiscount>1</AllowDiscount>
      <ItemStatus>1</ItemStatus>
      <ItemId>52381</ItemId>
    </Item>
    <Item>
      <PriceUpdateDate>2023-12-31 12:48:36</PriceUpdateDate>
      <ItemCode>5900907001498</ItemCode>
      <ItemType>1</ItemType>
      <ItemName>עלי חומעה כבושים 350</ItemName>
      <ManufacturerName>URBANEK</ManufacturerName>
      <ManufactureCountry>לא ידוע</ManufactureCountry>
      <ManufacturerItemDescription>עלי חומעה כבושים</ManufacturerItemDescription>
      <UnitQty>גרמים</UnitQty>
      <Quantity>350.00</Quantity>
      <UnitOfMeasure>100 גרם</UnitOfMeasure>
      <bIsWeighted>0</bIsWeighted>
      <QtyInPackage>1</QtyInPackage>
      <ItemPrice>10.90</ItemPrice>
      <UnitOfMeasurePrice>3.1143</UnitOfMeasurePrice>
      <AllowDiscount>1</AllowDiscount>
      <ItemStatus>1</ItemStatus>
      <ItemId>52382</ItemId>
    </Item>
    <Item>
      <PriceUpdateDate>2023-12-31 12:48:36</PriceUpdateDate>
      <ItemCode>5900907001719</ItemCode>
      <ItemType>1</ItemType>
      <ItemName>תערובת מלפפונים ועגב</ItemName>
      <ManufacturerName>URBANEK</ManufacturerName>
      <ManufactureCountry>לא ידוע</ManufactureCountry>
      <ManufacturerItemDescription>תערובת מלפפונים ועגבניות 930 גר</ManufacturerItemDescription>
      <UnitQty>גרמים</UnitQty>
      <Quantity>930.00</Quantity>
      <UnitOfMeasure>100 גרם</UnitOfMeasure>
      <bIsWeighted>0</bIsWeighted>
      <QtyInPackage>1</QtyInPackage>
      <ItemPrice>17.90</ItemPrice>
      <UnitOfMeasurePrice>1.9247</UnitOfMeasurePrice>
      <AllowDiscount>1</AllowDiscount>
      <ItemStatus>1</ItemStatus>
      <ItemId>52385</ItemId>
    </Item>
    <Item>
      <PriceUpdateDate>2024-07-25 08:46:35</PriceUpdateDate>
      <ItemCode>707596280204</ItemCode>
      <ItemType>1</ItemType>
      <ItemName>יין בלו נאן רוזה 750</ItemName>
      <ManufacturerName>,</ManufacturerName>
      <ManufactureCountry>לא ידוע</ManufactureCountry>
      <ManufacturerItemDescription>יין "בלו נאן" רוזה 0</ManufacturerItemDescription>
      <UnitQty>מיליליטרים</UnitQty>
      <Quantity>750.00</Quantity>
      <UnitOfMeasure>100 מ"ל</UnitOfMeasure>
      <bIsWeighted>0</bIsWeighted>
      <QtyInPackage>1</QtyInPackage>
      <ItemPrice>44.90</ItemPrice>
      <UnitOfMeasurePrice>5.9867</UnitOfMeasurePrice>
      <AllowDiscount>1</AllowDiscount>
      <ItemStatus>1</ItemStatus>
      <ItemId>52393</ItemId>
    </Item>
    <Item>
      <PriceUpdateDate>2023-12-31 12:48:36</PriceUpdateDate>
      <ItemCode>7792860006218</ItemCode>
      <ItemType>1</ItemType>
      <ItemName>לקקן בייבי דול 20 גר</ItemName>
      <ManufacturerName>לרטייר</ManufacturerName>
      <ManufactureCountry>לא ידוע</ManufactureCountry>
      <ManufacturerItemDescription>לקקן בייבי דול 20 ג"</ManufacturerItemDescription>
      <UnitQty>גרמים</UnitQty>
      <Quantity>24.00</Quantity>
      <UnitOfMeasure>100 גרם</UnitOfMeasure>
      <bIsWeighted>0</bIsWeighted>
      <QtyInPackage>1</QtyInPackage>
      <ItemPrice>2.90</ItemPrice>
      <UnitOfMeasurePrice>12.0833</UnitOfMeasurePrice>
      <AllowDiscount>1</AllowDiscount>
      <ItemStatus>1</ItemStatus>
      <ItemId>52405</ItemId>
    </Item>
    <Item>
      <PriceUpdateDate>2024-03-03 08:55:52</PriceUpdateDate>
      <ItemCode>8695433035204</ItemCode>
      <ItemType>1</ItemType>
      <ItemName>עלי גפן למילוי בצנצנ</ItemName>
      <ManufacturerName>,</ManufacturerName>
      <ManufactureCountry>לא ידוע</ManufactureCountry>
      <ManufacturerItemDescription>עלי גפן למילוי בצנצנת 720 גר</ManufacturerItemDescription>
      <UnitQty>גרמים</UnitQty>
      <Quantity>720.00</Quantity>
      <UnitOfMeasure>100 גרם</UnitOfMeasure>
      <bIsWeighted>0</bIsWeighted>
      <QtyInPackage>12</QtyInPackage>
      <ItemPrice>19.90</ItemPrice>
      <UnitOfMeasurePrice>2.7639</UnitOfMeasurePrice>
      <AllowDiscount>1</AllowDiscount>
      <ItemStatus>1</ItemStatus>
      <ItemId>52444</ItemId>
    </Item>
    <Item>
      <PriceUpdateDate>2023-12-31 12:48:36</PriceUpdateDate>
      <ItemCode>8697418280128</ItemCode>
      <ItemType>1</ItemType>
      <ItemName>עלי טורטייה 540 גר</ItemName>
      <ManufacturerName>,</ManufacturerName>
      <ManufactureCountry>לא ידוע</ManufactureCountry>
      <ManufacturerItemDescription>עלי טורטייה 540 ג"ר</ManufacturerItemDescription>
      <UnitQty>גרמים</UnitQty>
      <Quantity>540.00</Quantity>
      <UnitOfMeasure>100 גרם</UnitOfMeasure>
      <bIsWeighted>0</bIsWeighted>
      <QtyInPackage>1</QtyInPackage>
      <ItemPrice>24.90</ItemPrice>
      <UnitOfMeasurePrice>4.6111</UnitOfMeasurePrice>
      <AllowDiscount>1</AllowDiscount>
      <ItemStatus>1</ItemStatus>
      <ItemId>52446</ItemId>
    </Item>
    <Item>
      <PriceUpdateDate>2024-12-01 18:26:53</PriceUpdateDate>
      <ItemCode>8721200060107</ItemCode>
      <ItemType>1</ItemType>
      <ItemName>בקרסלנד סטרופ וופל ה</ItemName>
      <ManufacturerName>VAN DER BREGGEN</ManufacturerName>
      <ManufactureCountry>לא ידוע</ManufactureCountry>
      <ManufacturerItemDescription>בקרסלנד סטרופ וופל 2</ManufacturerItemDescription>
      <UnitQty>גרמים</UnitQty>
      <Quantity>250.00</Quantity>
      <UnitOfMeasure>100 גרם</UnitOfMeasure>
      <bIsWeighted>0</bIsWeighted>
      <QtyInPackage>1</QtyInPackage>
      <ItemPrice>14.90</ItemPrice>
      <UnitOfMeasurePrice>5.9600</UnitOfMeasurePrice>
      <AllowDiscount>1</AllowDiscount>
      <ItemStatus>1</ItemStatus>
      <ItemId>52482</ItemId>
    </Item>
    <Item>
      <PriceUpdateDate>2023-12-31 12:48:36</PriceUpdateDate>
      <ItemCode>8850521151215</ItemCode>
      <ItemType>1</ItemType>
      <ItemName>קמח אורז דביק 400 גר</ItemName>
      <ManufacturerName>Oriental food co. lt</ManufacturerName>
      <ManufactureCountry>לא ידוע</ManufactureCountry>
      <ManufacturerItemDescription>קמח אורז דביק 400 גר</ManufacturerItemDescription>
      <UnitQty>גרמים</UnitQty>
      <Quantity>400.00</Quantity>
      <UnitOfMeasure>100 גרם</UnitOfMeasure>
      <bIsWeighted>0</bIsWeighted>
      <QtyInPackage>1</QtyInPackage>
      <ItemPrice>9.90</ItemPrice>
      <UnitOfMeasurePrice>2.4750</UnitOfMeasurePrice>
      <AllowDiscount>1</AllowDiscount>
      <ItemStatus>1</ItemStatus>
      <ItemId>52485</ItemId>
    </Item>
    <Item>
      <PriceUpdateDate>2023-12-31 12:48:36</PriceUpdateDate>
      <ItemCode>8854661001850</ItemCode>
      <ItemType>1</ItemType>
      <ItemName>קוקטייל פירות ים 500</ItemName>
      <ManufacturerName>,</ManufacturerName>
      <ManufactureCountry>לא ידוע</ManufactureCountry>
      <ManufacturerItemDescription>קוקטייל פירות ים 500</ManufacturerItemDescription>
      <UnitQty>גרמים</UnitQty>
      <Quantity>500.00</Quantity>
      <UnitOfMeasure>100 גרם</UnitOfMeasure>
      <bIsWeighted>0</bIsWeighted>
      <QtyInPackage>1</QtyInPackage>
      <ItemPrice>29.90</ItemPrice>
      <UnitOfMeasurePrice>5.9800</UnitOfMeasurePrice>
      <AllowDiscount>1</AllowDiscount>
      <ItemStatus>1</ItemStatus>
      <ItemId>52493</ItemId>
    </Item>
    <Item>
      <PriceUpdateDate>2024-11-22 08:30:14</PriceUpdateDate>
      <ItemCode>8855072002603</ItemCode>
      <ItemType>1</ItemType>
      <ItemName>דג צנינית צהובת פס צ</ItemName>
      <ManufacturerName>טורקה</ManufacturerName>
      <ManufactureCountry>לא ידוע</ManufactureCountry>
      <ManufacturerItemDescription>דג צנינית צהובת פס צ</ManufacturerItemDescription>
      <UnitQty>גרמים</UnitQty>
      <Quantity>100.00</Quantity>
      <UnitOfMeasure>100 גרם</UnitOfMeasure>
      <bIsWeighted>0</bIsWeighted>
      <QtyInPackage>1</QtyInPackage>
      <ItemPrice>17.90</ItemPrice>
      <UnitOfMeasurePrice>17.9000</UnitOfMeasurePrice>
      <AllowDiscount>1</AllowDiscount>
      <ItemStatus>1</ItemStatus>
      <ItemId>52498</ItemId>
    </Item>
    <Item>
      <PriceUpdateDate>2023-12-31 12:48:36</PriceUpdateDate>
      <ItemCode>8858271002887</ItemCode>
      <ItemType>1</ItemType>
      <ItemName>רוטב טריאקי מקסצאפ 2</ItemName>
      <ManufacturerName>Yan Wal Yun Corpora</ManufacturerName>
      <ManufactureCountry>לא ידוע</ManufactureCountry>
      <ManufacturerItemDescription>רוטב טריאקי מקסצ"אפ 250 מ"ל</ManufacturerItemDescription>
      <UnitQty>מיליליטרים</UnitQty>
      <Quantity>250.00</Quantity>
      <UnitOfMeasure>100 מ"ל</UnitOfMeasure>
      <bIsWeighted>0</bIsWeighted>
      <QtyInPackage>1</QtyInPackage>
      <ItemPrice>12.90</ItemPrice>
      <UnitOfMeasurePrice>5.1600</UnitOfMeasurePrice>
      <AllowDiscount>1</AllowDiscount>
      <ItemStatus>1</ItemStatus>
      <ItemId>52502</ItemId>
    </Item>
    <Item>
      <PriceUpdateDate>2023-12-31 12:48:36</PriceUpdateDate>
      <ItemCode>8858271003075</ItemCode>
      <ItemType>1</ItemType>
      <ItemName>רוטב סויה מתוקה מקסצ</ItemName>
      <ManufacturerName>Yan Wal Yun Corpora</ManufacturerName>
      <ManufactureCountry>לא ידוע</ManufactureCountry>
      <ManufacturerItemDescription>רוטב סויה מתוקה מקסצופ 700 מ"ל</ManufacturerItemDescription>
      <UnitQty>מיליליטרים</UnitQty>
      <Quantity>700.00</Quantity>
      <UnitOfMeasure>100 מ"ל</UnitOfMeasure>
      <bIsWeighted>0</bIsWeighted>
      <QtyInPackage>1</QtyInPackage>
      <ItemPrice>19.90</ItemPrice>
      <UnitOfMeasurePrice>2.8429</UnitOfMeasurePrice>
      <AllowDiscount>1</AllowDiscount>
      <ItemStatus>1</ItemStatus>
      <ItemId>52506</ItemId>
    </Item>
    <Item>
      <PriceUpdateDate>2023-12-31 12:48:36</PriceUpdateDate>
      <ItemCode>8858271003136</ItemCode>
      <ItemType>1</ItemType>
      <ItemName>רוטב פטריות צמחוני 2</ItemName>
      <ManufacturerName>Yan Wal Yun Corpora</ManufacturerName>
      <ManufactureCountry>לא ידוע</ManufactureCountry>
      <ManufacturerItemDescription>רוטב פטריות צמחוני 250 מ"ל</ManufacturerItemDescription>
      <UnitQty>מיליליטרים</UnitQty>
      <Quantity>250.00</Quantity>
      <UnitOfMeasure>100 מ"ל</UnitOfMeasure>
      <bIsWeighted>0</bIsWeighted>
      <QtyInPackage>1</QtyInPackage>
      <ItemPrice>12.90</ItemPrice>
      <UnitOfMeasurePrice>5.1600</UnitOfMeasurePrice>
      <AllowDiscount>1</AllowDiscount>
      <ItemStatus>1</ItemStatus>
      <ItemId>52507</ItemId>
    </Item>
    <Item>
      <PriceUpdateDate>2023-12-31 12:48:36</PriceUpdateDate>
      <ItemCode>8858271003938</ItemCode>
      <ItemType>1</ItemType>
      <ItemName>רוטב קארי ירוק מקסצא</ItemName>
      <ManufacturerName>Yan Wal Yun Corpora</ManufacturerName>
      <ManufactureCountry>לא ידוע</ManufactureCountry>
      <ManufacturerItemDescription>רוטב קארי ירוק מקסצןפ 250 מ"ל</ManufacturerItemDescription>
      <UnitQty>מיליליטרים</UnitQty>
      <Quantity>250.00</Quantity>
      <UnitOfMeasure>100 מ"ל</UnitOfMeasure>
      <bIsWeighted>0</bIsWeighted>
      <QtyInPackage>1</QtyInPackage>
      <ItemPrice>12.90</ItemPrice>
      <UnitOfMeasurePrice>5.1600</UnitOfMeasurePrice>
      <AllowDiscount>1</AllowDiscount>
      <ItemStatus>1</ItemStatus>
      <ItemId>52510</ItemId>
    </Item>
    <Item>
      <PriceUpdateDate>2023-12-31 12:48:36</PriceUpdateDate>
      <ItemCode>8858271004126</ItemCode>
      <ItemType>1</ItemType>
      <ItemName>רוטב חמוץ מתוק מקסצו</ItemName>
      <ManufacturerName>Yan Wal Yun Corpora</ManufacturerName>
      <ManufactureCountry>לא ידוע</ManufactureCountry>
      <ManufacturerItemDescription>רוטב חמוץ מתוק מקסצופ 700 מ"ל</ManufacturerItemDescription>
      <UnitQty>מיליליטרים</UnitQty>
      <Quantity>700.00</Quantity>
      <UnitOfMeasure>100 מ"ל</UnitOfMeasure>
      <bIsWeighted>0</bIsWeighted>
      <QtyInPackage>1</QtyInPackage>
      <ItemPrice>15.90</ItemPrice>
      <UnitOfMeasurePrice>2.2714</UnitOfMeasurePrice>
      <AllowDiscount>1</AllowDiscount>
      <ItemStatus>1</ItemStatus>
      <ItemId>52512</ItemId>
    </Item>
    <Item>
      <PriceUpdateDate>2023-12-31 12:48:37</PriceUpdateDate>
      <ItemCode>5901064000287</ItemCode>
      <ItemType>1</ItemType>
      <ItemName>יין טוטינו ביאנקו 1</ItemName>
      <ManufacturerName>VINPOL</ManufacturerName>
      <ManufactureCountry>לא ידוע</ManufactureCountry>
      <ManufacturerItemDescription>יין טוטינו ביאנקו 1 ל</ManufacturerItemDescription>
      <UnitQty>ליטרים</UnitQty>
      <Quantity>1.00</Quantity>
      <UnitOfMeasure>ליטר    </UnitOfMeasure>
      <bIsWeighted>0</bIsWeighted>
      <QtyInPackage>1</QtyInPackage>
      <ItemPrice>39.90</ItemPrice>
      <UnitOfMeasurePrice>39.9000</UnitOfMeasurePrice>
      <AllowDiscount>1</AllowDiscount>
      <ItemStatus>1</ItemStatus>
      <ItemId>52534</ItemId>
    </Item>
    <Item>
      <PriceUpdateDate>2023-12-31 12:48:37</PriceUpdateDate>
      <ItemCode>5901483080402</ItemCode>
      <ItemType>1</ItemType>
      <ItemName>תה אוכמניות 100 גר</ItemName>
      <ManufacturerName>BIFIX</ManufacturerName>
      <ManufactureCountry>לא ידוע</ManufactureCountry>
      <ManufacturerItemDescription>תה אוכמניות 100 גר</ManufacturerItemDescription>
      <UnitQty>גרמים</UnitQty>
      <Quantity>100.00</Quantity>
      <UnitOfMeasure>100 גרם</UnitOfMeasure>
      <bIsWeighted>0</bIsWeighted>
      <QtyInPackage>10</QtyInPackage>
      <ItemPrice>13.90</ItemPrice>
      <UnitOfMeasurePrice>13.9000</UnitOfMeasurePrice>
      <AllowDiscount>1</AllowDiscount>
      <ItemStatus>1</ItemStatus>
      <ItemId>52563</ItemId>
    </Item>
    <Item>
      <PriceUpdateDate>2023-12-31 12:48:37</PriceUpdateDate>
      <ItemCode>5901483080501</ItemCode>
      <ItemType>1</ItemType>
      <ItemName>תה פירות יער 100 גר</ItemName>
      <ManufacturerName>BIFIX</ManufacturerName>
      <ManufactureCountry>לא ידוע</ManufactureCountry>
      <ManufacturerItemDescription>תה פירות יער 100 גר</ManufacturerItemDescription>
      <UnitQty>גרמים</UnitQty>
      <Quantity>100.00</Quantity>
      <UnitOfMeasure>100 גרם</UnitOfMeasure>
      <bIsWeighted>0</bIsWeighted>
      <QtyInPackage>1</QtyInPackage>
      <ItemPrice>13.90</ItemPrice>
      <UnitOfMeasurePrice>13.9000</UnitOfMeasurePrice>
      <AllowDiscount>1</AllowDiscount>
      <ItemStatus>1</ItemStatus>
      <ItemId>52564</ItemId>
    </Item>
    <Item>
      <PriceUpdateDate>2023-12-31 12:48:37</PriceUpdateDate>
      <ItemCode>5901483080907</ItemCode>
      <ItemType>1</ItemType>
      <ItemName>תה אוכמניות כחולות 1</ItemName>
      <ManufacturerName>BIFIX</ManufacturerName>
      <ManufactureCountry>לא ידוע</ManufactureCountry>
      <ManufacturerItemDescription>תה אוכמניות כחולות 1</ManufacturerItemDescription>
      <UnitQty>גרמים</UnitQty>
      <Quantity>100.00</Quantity>
      <UnitOfMeasure>100 גרם</UnitOfMeasure>
      <bIsWeighted>0</bIsWeighted>
      <QtyInPackage>1</QtyInPackage>
      <ItemPrice>13.90</ItemPrice>
      <UnitOfMeasurePrice>13.9000</UnitOfMeasurePrice>
      <AllowDiscount>1</AllowDiscount>
      <ItemStatus>1</ItemStatus>
      <ItemId>52566</ItemId>
    </Item>
    <Item>
      <PriceUpdateDate>2023-12-31 12:48:37</PriceUpdateDate>
      <ItemCode>5901483081003</ItemCode>
      <ItemType>1</ItemType>
      <ItemName>חליטת פטל 100 גר</ItemName>
      <ManufacturerName>BIFIX</ManufacturerName>
      <ManufactureCountry>לא ידוע</ManufactureCountry>
      <ManufacturerItemDescription>תה פטל 100גר</ManufacturerItemDescription>
      <UnitQty>גרמים</UnitQty>
      <Quantity>100.00</Quantity>
      <UnitOfMeasure>100 גרם</UnitOfMeasure>
      <bIsWeighted>0</bIsWeighted>
      <QtyInPackage>1</QtyInPackage>
      <ItemPrice>13.90</ItemPrice>
      <UnitOfMeasurePrice>13.9000</UnitOfMeasurePrice>
      <AllowDiscount>1</AllowDiscount>
      <ItemStatus>1</ItemStatus>
      <ItemId>52567</ItemId>
    </Item>
    <Item>
      <PriceUpdateDate>2024-07-01 11:07:49</PriceUpdateDate>
      <ItemCode>5905643030290</ItemCode>
      <ItemType>1</ItemType>
      <ItemName>פטריות יער פולניות מ</ItemName>
      <ManufacturerName>,</ManufacturerName>
      <ManufactureCountry>לא ידוע</ManufactureCountry>
      <ManufacturerItemDescription>פטריות יבשות פודברוז</ManufacturerItemDescription>
      <UnitQty>גרמים</UnitQty>
      <Quantity>40.00</Quantity>
      <UnitOfMeasure>100 גרם</UnitOfMeasure>
      <bIsWeighted>0</bIsWeighted>
      <QtyInPackage>20</QtyInPackage>
      <ItemPrice>28.90</ItemPrice>
      <UnitOfMeasurePrice>72.2500</UnitOfMeasurePrice>
      <AllowDiscount>1</AllowDiscount>
      <ItemStatus>1</ItemStatus>
      <ItemId>52639</ItemId>
    </Item>
    <Item>
      <PriceUpdateDate>2024-11-27 12:33:49</PriceUpdateDate>
      <ItemCode>5906485301012</ItemCode>
      <ItemType>1</ItemType>
      <ItemName>משקה אנרגיה XL 250 מ</ItemName>
      <ManufacturerName>,</ManufacturerName>
      <ManufactureCountry>לא ידוע</ManufactureCountry>
      <ManufacturerItemDescription>משקה אנרגיה XL 250 מ</ManufacturerItemDescription>
      <UnitQty>מיליליטרים</UnitQty>
      <Quantity>250.00</Quantity>
      <UnitOfMeasure>100 מ"ל</UnitOfMeasure>
      <bIsWeighted>0</bIsWeighted>
      <QtyInPackage>1</QtyInPackage>
      <ItemPrice>4.60</ItemPrice>
      <UnitOfMeasurePrice>1.8400</UnitOfMeasurePrice>
      <AllowDiscount>1</AllowDiscount>
      <ItemStatus>1</ItemStatus>
      <ItemId>52640</ItemId>
    </Item>
    <Item>
      <PriceUpdateDate>2023-12-31 12:48:38</PriceUpdateDate>
      <ItemCode>6901248893239</ItemCode>
      <ItemType>1</ItemType>
      <ItemName>רצועות דביקון מיובש</ItemName>
      <ManufacturerName>אקוואטיק</ManufacturerName>
      <ManufactureCountry>לא ידוע</ManufactureCountry>
      <ManufacturerItemDescription>רצועות דביקון מיובש</ManufacturerItemDescription>
      <UnitQty>גרמים</UnitQty>
      <Quantity>90.00</Quantity>
      <UnitOfMeasure>100 גרם</UnitOfMeasure>
      <bIsWeighted>0</bIsWeighted>
      <QtyInPackage>1</QtyInPackage>
      <ItemPrice>17.90</ItemPrice>
      <UnitOfMeasurePrice>19.8889</UnitOfMeasurePrice>
      <AllowDiscount>1</AllowDiscount>
      <ItemStatus>1</ItemStatus>
      <ItemId>52663</ItemId>
    </Item>
    <Item>
      <PriceUpdateDate>2023-12-31 12:48:38</PriceUpdateDate>
      <ItemCode>6921236832828</ItemCode>
      <ItemType>1</ItemType>
      <ItemName>פיטריות אופיאטה במלח</ItemName>
      <ManufacturerName>דליאן ג'יי אנד אן פו</ManufacturerName>
      <ManufactureCountry>לא ידוע</ManufactureCountry>
      <ManufacturerItemDescription>פיטריות אופיאטה במלח880גר</ManufacturerItemDescription>
      <UnitQty>גרמים</UnitQty>
      <Quantity>840.00</Quantity>
      <UnitOfMeasure>100 גרם</UnitOfMeasure>
      <bIsWeighted>0</bIsWeighted>
      <QtyInPackage>1</QtyInPackage>
      <ItemPrice>23.90</ItemPrice>
      <UnitOfMeasurePrice>2.8452</UnitOfMeasurePrice>
      <AllowDiscount>1</AllowDiscount>
      <ItemStatus>1</ItemStatus>
      <ItemId>52668</ItemId>
    </Item>
    <Item>
      <PriceUpdateDate>2023-12-31 12:48:38</PriceUpdateDate>
      <ItemCode>6921236832859</ItemCode>
      <ItemType>1</ItemType>
      <ItemName>פטריות אופיאטה מוחמצ</ItemName>
      <ManufacturerName>דליאן ג'יי אנד אן פו</ManufacturerName>
      <ManufactureCountry>לא ידוע</ManufactureCountry>
      <ManufacturerItemDescription>פיטריות אופיאטה כבוש</ManufacturerItemDescription>
      <UnitQty>גרמים</UnitQty>
      <Quantity>880.00</Quantity>
      <UnitOfMeasure>100 גרם</UnitOfMeasure>
      <bIsWeighted>0</bIsWeighted>
      <QtyInPackage>1</QtyInPackage>
      <ItemPrice>24.90</ItemPrice>
      <UnitOfMeasurePrice>2.8295</UnitOfMeasurePrice>
      <AllowDiscount>1</AllowDiscount>
      <ItemStatus>1</ItemStatus>
      <ItemId>52671</ItemId>
    </Item>
    <Item>
      <PriceUpdateDate>2023-12-31 12:48:38</PriceUpdateDate>
      <ItemCode>6925303713409</ItemCode>
      <ItemType>1</ItemType>
      <ItemName>פטריות בורוביק בחומץ</ItemName>
      <ManufacturerName>דוליאן דזאנד אנפוד</ManufacturerName>
      <ManufactureCountry>לא ידוע</ManufactureCountry>
      <ManufacturerItemDescription>פטריות בורוביק בחומץ 480 גר</ManufacturerItemDescription>
      <UnitQty>גרמים</UnitQty>
      <Quantity>480.00</Quantity>
      <UnitOfMeasure>100 גרם</UnitOfMeasure>
      <bIsWeighted>0</bIsWeighted>
      <QtyInPackage>1</QtyInPackage>
      <ItemPrice>15.90</ItemPrice>
      <UnitOfMeasurePrice>3.3125</UnitOfMeasurePrice>
      <AllowDiscount>1</AllowDiscount>
      <ItemStatus>1</ItemStatus>
      <ItemId>52678</ItemId>
    </Item>
    <Item>
      <PriceUpdateDate>2023-12-31 12:48:38</PriceUpdateDate>
      <ItemCode>4607038061018</ItemCode>
      <ItemType>1</ItemType>
      <ItemName>שימורי גורבושה טבעי</ItemName>
      <ManufacturerName>ווו רוסיה פישינג וור</ManufacturerName>
      <ManufactureCountry>לא ידוע</ManufactureCountry>
      <ManufacturerItemDescription>שימורי גורבושה טבעי 250 גר</ManufacturerItemDescription>
      <UnitQty>גרמים</UnitQty>
      <Quantity>250.00</Quantity>
      <UnitOfMeasure>100 גרם</UnitOfMeasure>
      <bIsWeighted>0</bIsWeighted>
      <QtyInPackage>1</QtyInPackage>
      <ItemPrice>15.90</ItemPrice>
      <UnitOfMeasurePrice>6.3600</UnitOfMeasurePrice>
      <AllowDiscount>1</AllowDiscount>
      <ItemStatus>1</ItemStatus>
      <ItemId>52722</ItemId>
    </Item>
    <Item>
      <PriceUpdateDate>2023-12-31 12:48:38</PriceUpdateDate>
      <ItemCode>3175460000017</ItemCode>
      <ItemType>1</ItemType>
      <ItemName>גבינה בורסן שום ועשב</ItemName>
      <ManufacturerName>בל</ManufacturerName>
      <ManufactureCountry>לא ידוע</ManufactureCountry>
      <ManufacturerItemDescription>גבינת"בורסן" שום ועשבי תיבול 150 גר</ManufacturerItemDescription>
      <UnitQty>גרמים</UnitQty>
      <Quantity>150.00</Quantity>
      <UnitOfMeasure>100 גרם</UnitOfMeasure>
      <bIsWeighted>0</bIsWeighted>
      <QtyInPackage>1</QtyInPackage>
      <ItemPrice>21.90</ItemPrice>
      <UnitOfMeasurePrice>14.6000</UnitOfMeasurePrice>
      <AllowDiscount>1</AllowDiscount>
      <ItemStatus>1</ItemStatus>
      <ItemId>52732</ItemId>
    </Item>
    <Item>
      <PriceUpdateDate>2023-12-31 12:48:38</PriceUpdateDate>
      <ItemCode>3175460030083</ItemCode>
      <ItemType>1</ItemType>
      <ItemName>גבינה בורסן בצל ועיר</ItemName>
      <ManufacturerName>בל</ManufacturerName>
      <ManufactureCountry>לא ידוע</ManufactureCountry>
      <ManufacturerItemDescription>גבינת"בורסן" עם בצל ועירית  150 גר</ManufacturerItemDescription>
      <UnitQty>גרמים</UnitQty>
      <Quantity>150.00</Quantity>
      <UnitOfMeasure>100 גרם</UnitOfMeasure>
      <bIsWeighted>0</bIsWeighted>
      <QtyInPackage>1</QtyInPackage>
      <ItemPrice>21.90</ItemPrice>
      <UnitOfMeasurePrice>14.6000</UnitOfMeasurePrice>
      <AllowDiscount>1</AllowDiscount>
      <ItemStatus>1</ItemStatus>
      <ItemId>52733</ItemId>
    </Item>
    <Item>
      <PriceUpdateDate>2025-01-13 08:35:08</PriceUpdateDate>
      <ItemCode>7290102300822</ItemCode>
      <ItemType>1</ItemType>
      <ItemName>גבינת צידר אנגלית כת</ItemName>
      <ManufacturerName>בפלו</ManufacturerName>
      <ManufactureCountry>לא ידוע</ManufactureCountry>
      <ManufacturerItemDescription>גבינת "צידר" אנגלית כתומה   200  גר</ManufacturerItemDescription>
      <UnitQty>גרמים</UnitQty>
      <Quantity>200.00</Quantity>
      <UnitOfMeasure>100 גרם</UnitOfMeasure>
      <bIsWeighted>0</bIsWeighted>
      <QtyInPackage>1</QtyInPackage>
      <ItemPrice>29.90</ItemPrice>
      <UnitOfMeasurePrice>14.9500</UnitOfMeasurePrice>
      <AllowDiscount>1</AllowDiscount>
      <ItemStatus>1</ItemStatus>
      <ItemId>52735</ItemId>
    </Item>
    <Item>
      <PriceUpdateDate>2023-12-31 12:48:38</PriceUpdateDate>
      <ItemCode>7290000002825</ItemCode>
      <ItemType>1</ItemType>
      <ItemName>גבינה פול אפי</ItemName>
      <ManufacturerName>בונגראן</ManufacturerName>
      <ManufactureCountry>לא ידוע</ManufactureCountry>
      <ManufacturerItemDescription>גבינת פול אפי</ManufacturerItemDescription>
      <UnitQty>קילוגרמים</UnitQty>
      <Quantity>1.00</Quantity>
      <UnitOfMeasure>ק"ג</UnitOfMeasure>
      <bIsWeighted>1</bIsWeighted>
      <QtyInPackage>לא ידוע</QtyInPackage>
      <ItemPrice>219.00</ItemPrice>
      <UnitOfMeasurePrice>219.0000</UnitOfMeasurePrice>
      <AllowDiscount>1</AllowDiscount>
      <ItemStatus>1</ItemStatus>
      <ItemId>52736</ItemId>
    </Item>
    <Item>
      <PriceUpdateDate>2025-01-13 08:35:08</PriceUpdateDate>
      <ItemCode>7290000002833</ItemCode>
      <ItemType>1</ItemType>
      <ItemName>גבינה ברס בלו</ItemName>
      <ManufacturerName>בונגראן</ManufacturerName>
      <ManufactureCountry>לא ידוע</ManufactureCountry>
      <ManufacturerItemDescription>גבינה  ברס בלו</ManufacturerItemDescription>
      <UnitQty>קילוגרמים</UnitQty>
      <Quantity>1.00</Quantity>
      <UnitOfMeasure>ק"ג</UnitOfMeasure>
      <bIsWeighted>1</bIsWeighted>
      <QtyInPackage>לא ידוע</QtyInPackage>
      <ItemPrice>209.00</ItemPrice>
      <UnitOfMeasurePrice>209.0000</UnitOfMeasurePrice>
      <AllowDiscount>1</AllowDiscount>
      <ItemStatus>1</ItemStatus>
      <ItemId>52740</ItemId>
    </Item>
    <Item>
      <PriceUpdateDate>2025-04-03 17:46:09</PriceUpdateDate>
      <ItemCode>16483</ItemCode>
      <ItemType>0</ItemType>
      <ItemName>סטייק פרגית</ItemName>
      <ManufacturerName>,</ManufacturerName>
      <ManufactureCountry>לא ידוע</ManufactureCountry>
      <ManufacturerItemDescription>סטייק פרגית</ManufacturerItemDescription>
      <UnitQty>קילוגרמים</UnitQty>
      <Quantity>1.00</Quantity>
      <UnitOfMeasure>ק"ג</UnitOfMeasure>
      <bIsWeighted>1</bIsWeighted>
      <QtyInPackage>לא ידוע</QtyInPackage>
      <ItemPrice>129.00</ItemPrice>
      <UnitOfMeasurePrice>129.0000</UnitOfMeasurePrice>
      <AllowDiscount>1</AllowDiscount>
      <ItemStatus>1</ItemStatus>
      <ItemId>97651</ItemId>
    </Item>
    <Item>
      <PriceUpdateDate>2024-09-02 10:50:42</PriceUpdateDate>
      <ItemCode>7290000001864</ItemCode>
      <ItemType>1</ItemType>
      <ItemName>פיקוליני ביקון</ItemName>
      <ManufacturerName>מעדני בשר השוקת</ManufacturerName>
      <ManufactureCountry>לא ידוע</ManufactureCountry>
      <ManufacturerItemDescription>פיקוליני ביקון</ManufacturerItemDescription>
      <UnitQty>קילוגרמים</UnitQty>
      <Quantity>1.00</Quantity>
      <UnitOfMeasure>ק"ג</UnitOfMeasure>
      <bIsWeighted>1</bIsWeighted>
      <QtyInPackage>לא ידוע</QtyInPackage>
      <ItemPrice>199.00</ItemPrice>
      <UnitOfMeasurePrice>199.0000</UnitOfMeasurePrice>
      <AllowDiscount>1</AllowDiscount>
      <ItemStatus>1</ItemStatus>
      <ItemId>52790</ItemId>
    </Item>
    <Item>
      <PriceUpdateDate>2024-11-22 08:30:47</PriceUpdateDate>
      <ItemCode>8690799021625</ItemCode>
      <ItemType>1</ItemType>
      <ItemName>ריבת פירות יער 1 קג</ItemName>
      <ManufacturerName>בוזטופרק גידה סאנאי</ManufacturerName>
      <ManufactureCountry>לא ידוע</ManufactureCountry>
      <ManufacturerItemDescription>ריבת פירות יער 1 ק"ג</ManufacturerItemDescription>
      <UnitQty>קילוגרמים</UnitQty>
      <Quantity>1.00</Quantity>
      <UnitOfMeasure>ק"ג     </UnitOfMeasure>
      <bIsWeighted>0</bIsWeighted>
      <QtyInPackage>1</QtyInPackage>
      <ItemPrice>24.90</ItemPrice>
      <UnitOfMeasurePrice>24.9000</UnitOfMeasurePrice>
      <AllowDiscount>1</AllowDiscount>
      <ItemStatus>1</ItemStatus>
      <ItemId>52858</ItemId>
    </Item>
    <Item>
      <PriceUpdateDate>2024-11-22 08:30:47</PriceUpdateDate>
      <ItemCode>8690799021595</ItemCode>
      <ItemType>1</ItemType>
      <ItemName>ריבת תות 1 קג</ItemName>
      <ManufacturerName>בוזטופרק גידה סאנאי</ManufacturerName>
      <ManufactureCountry>לא ידוע</ManufactureCountry>
      <ManufacturerItemDescription>ריבת תות 1 ק"ג</ManufacturerItemDescription>
      <UnitQty>קילוגרמים</UnitQty>
      <Quantity>1.00</Quantity>
      <UnitOfMeasure>ק"ג     </UnitOfMeasure>
      <bIsWeighted>0</bIsWeighted>
      <QtyInPackage>1</QtyInPackage>
      <ItemPrice>24.90</ItemPrice>
      <UnitOfMeasurePrice>24.9000</UnitOfMeasurePrice>
      <AllowDiscount>1</AllowDiscount>
      <ItemStatus>1</ItemStatus>
      <ItemId>52859</ItemId>
    </Item>
    <Item>
      <PriceUpdateDate>2024-11-22 08:30:10</PriceUpdateDate>
      <ItemCode>4604248003845</ItemCode>
      <ItemType>1</ItemType>
      <ItemName>קטשופ עגבניות 500 גר</ItemName>
      <ManufacturerName>אסן פרודקשן</ManufacturerName>
      <ManufactureCountry>לא ידוע</ManufactureCountry>
      <ManufacturerItemDescription>קטשופ עגבניות 500גרם</ManufacturerItemDescription>
      <UnitQty>גרמים</UnitQty>
      <Quantity>500.00</Quantity>
      <UnitOfMeasure>100 גרם</UnitOfMeasure>
      <bIsWeighted>0</bIsWeighted>
      <QtyInPackage>1</QtyInPackage>
      <ItemPrice>15.90</ItemPrice>
      <UnitOfMeasurePrice>3.1800</UnitOfMeasurePrice>
      <AllowDiscount>1</AllowDiscount>
      <ItemStatus>1</ItemStatus>
      <ItemId>52870</ItemId>
    </Item>
    <Item>
      <PriceUpdateDate>2023-12-31 12:48:39</PriceUpdateDate>
      <ItemCode>8858271004423</ItemCode>
      <ItemType>1</ItemType>
      <ItemName>רוטב בישול בטעם טום</ItemName>
      <ManufacturerName>Yan Wal Yun Corpora</ManufacturerName>
      <ManufactureCountry>לא ידוע</ManufactureCountry>
      <ManufacturerItemDescription>רוטב "טום ם" מקסציאפ 250 מל</ManufacturerItemDescription>
      <UnitQty>מיליליטרים</UnitQty>
      <Quantity>250.00</Quantity>
      <UnitOfMeasure>100 מ"ל</UnitOfMeasure>
      <bIsWeighted>0</bIsWeighted>
      <QtyInPackage>1</QtyInPackage>
      <ItemPrice>14.90</ItemPrice>
      <UnitOfMeasurePrice>5.9600</UnitOfMeasurePrice>
      <AllowDiscount>1</AllowDiscount>
      <ItemStatus>1</ItemStatus>
      <ItemId>52875</ItemId>
    </Item>
    <Item>
      <PriceUpdateDate>2024-03-20 08:29:09</PriceUpdateDate>
      <ItemCode>7290003094066</ItemCode>
      <ItemType>1</ItemType>
      <ItemName>פילה דג בסה קיט פיש</ItemName>
      <ManufacturerName>א.ר.ד.י.ו</ManufacturerName>
      <ManufactureCountry>לא ידוע</ManufactureCountry>
      <ManufacturerItemDescription>פילה דג בסה קיט פיש בוואקום 1 קג</ManufacturerItemDescription>
      <UnitQty>קילוגרמים</UnitQty>
      <Quantity>1.00</Quantity>
      <UnitOfMeasure>ק"ג     </UnitOfMeasure>
      <bIsWeighted>0</bIsWeighted>
      <QtyInPackage>לא ידוע</QtyInPackage>
      <ItemPrice>19.90</ItemPrice>
      <UnitOfMeasurePrice>19.9000</UnitOfMeasurePrice>
      <AllowDiscount>1</AllowDiscount>
      <ItemStatus>1</ItemStatus>
      <ItemId>52879</ItemId>
    </Item>
    <Item>
      <PriceUpdateDate>2024-08-04 09:47:08</PriceUpdateDate>
      <ItemCode>7290010679768</ItemCode>
      <ItemType>1</ItemType>
      <ItemName>קלמרי 1 קג</ItemName>
      <ManufacturerName>,</ManufacturerName>
      <ManufactureCountry>לא ידוע</ManufactureCountry>
      <ManufacturerItemDescription>קלמרי 1 קג</ManufacturerItemDescription>
      <UnitQty>קילוגרמים</UnitQty>
      <Quantity>1.00</Quantity>
      <UnitOfMeasure>ק"ג     </UnitOfMeasure>
      <bIsWeighted>0</bIsWeighted>
      <QtyInPackage>1</QtyInPackage>
      <ItemPrice>89.90</ItemPrice>
      <UnitOfMeasurePrice>89.9000</UnitOfMeasurePrice>
      <AllowDiscount>1</AllowDiscount>
      <ItemStatus>1</ItemStatus>
      <ItemId>52880</ItemId>
    </Item>
    <Item>
      <PriceUpdateDate>2024-05-29 16:31:49</PriceUpdateDate>
      <ItemCode>7290011018184</ItemCode>
      <ItemType>1</ItemType>
      <ItemName>תה קר נסטי אפרסק 500</ItemName>
      <ManufacturerName>FUZE TEA</ManufacturerName>
      <ManufactureCountry>לא ידוע</ManufactureCountry>
      <ManufacturerItemDescription>תה קר נסטי אפרסק 500 מל</ManufacturerItemDescription>
      <UnitQty>מיליליטרים</UnitQty>
      <Quantity>500.00</Quantity>
      <UnitOfMeasure>100 מ"ל</UnitOfMeasure>
      <bIsWeighted>0</bIsWeighted>
      <QtyInPackage>1</QtyInPackage>
      <ItemPrice>6.90</ItemPrice>
      <UnitOfMeasurePrice>1.3800</UnitOfMeasurePrice>
      <AllowDiscount>1</AllowDiscount>
      <ItemStatus>1</ItemStatus>
      <ItemId>52881</ItemId>
    </Item>
    <Item>
      <PriceUpdateDate>2025-06-03 08:36:01</PriceUpdateDate>
      <ItemCode>16071</ItemCode>
      <ItemType>0</ItemType>
      <ItemName>סלט חצילים במרינדה</ItemName>
      <ManufacturerName>,</ManufacturerName>
      <ManufactureCountry>לא ידוע</ManufactureCountry>
      <ManufacturerItemDescription>סלט חצילים במרינד</ManufacturerItemDescription>
      <UnitQty>קילוגרמים</UnitQty>
      <Quantity>1.00</Quantity>
      <UnitOfMeasure>ק"ג</UnitOfMeasure>
      <bIsWeighted>1</bIsWeighted>
      <QtyInPackage>לא ידוע</QtyInPackage>
      <ItemPrice>65.00</ItemPrice>
      <UnitOfMeasurePrice>65.0000</UnitOfMeasurePrice>
      <AllowDiscount>1</AllowDiscount>
      <ItemStatus>1</ItemStatus>
      <ItemId>52945</ItemId>
    </Item>
    <Item>
      <PriceUpdateDate>2025-02-02 07:39:54</PriceUpdateDate>
      <ItemCode>16080</ItemCode>
      <ItemType>0</ItemType>
      <ItemName>בקר בנוסח סצואן</ItemName>
      <ManufacturerName>,</ManufacturerName>
      <ManufactureCountry>לא ידוע</ManufactureCountry>
      <ManufacturerItemDescription>בקר בנוסח סצואן</ManufacturerItemDescription>
      <UnitQty>קילוגרמים</UnitQty>
      <Quantity>1.00</Quantity>
      <UnitOfMeasure>ק"ג</UnitOfMeasure>
      <bIsWeighted>1</bIsWeighted>
      <QtyInPackage>לא ידוע</QtyInPackage>
      <ItemPrice>129.00</ItemPrice>
      <UnitOfMeasurePrice>129.0000</UnitOfMeasurePrice>
      <AllowDiscount>1</AllowDiscount>
      <ItemStatus>1</ItemStatus>
      <ItemId>52950</ItemId>
    </Item>
    <Item>
      <PriceUpdateDate>2023-12-31 12:48:39</PriceUpdateDate>
      <ItemCode>16081</ItemCode>
      <ItemType>0</ItemType>
      <ItemName>רגל קרושה עוף</ItemName>
      <ManufacturerName>,</ManufacturerName>
      <ManufactureCountry>לא ידוע</ManufactureCountry>
      <ManufacturerItemDescription>רגל כרושה עוף</ManufacturerItemDescription>
      <UnitQty>קילוגרמים</UnitQty>
      <Quantity>1.00</Quantity>
      <UnitOfMeasure>ק"ג</UnitOfMeasure>
      <bIsWeighted>1</bIsWeighted>
      <QtyInPackage>לא ידוע</QtyInPackage>
      <ItemPrice>69.00</ItemPrice>
      <UnitOfMeasurePrice>69.0000</UnitOfMeasurePrice>
      <AllowDiscount>1</AllowDiscount>
      <ItemStatus>1</ItemStatus>
      <ItemId>52953</ItemId>
    </Item>
    <Item>
      <PriceUpdateDate>2023-12-31 12:48:39</PriceUpdateDate>
      <ItemCode>4750021101380</ItemCode>
      <ItemType>1</ItemType>
      <ItemName>בלזאם ריגה בלאק 700</ItemName>
      <ManufacturerName>אס פי אי</ManufacturerName>
      <ManufactureCountry>לא ידוע</ManufactureCountry>
      <ManufacturerItemDescription>בלזאם שחור 0.7 ל</ManufacturerItemDescription>
      <UnitQty>מיליליטרים</UnitQty>
      <Quantity>700.00</Quantity>
      <UnitOfMeasure>100 מ"ל</UnitOfMeasure>
      <bIsWeighted>0</bIsWeighted>
      <QtyInPackage>1</QtyInPackage>
      <ItemPrice>89.90</ItemPrice>
      <UnitOfMeasurePrice>12.8429</UnitOfMeasurePrice>
      <AllowDiscount>1</AllowDiscount>
      <ItemStatus>1</ItemStatus>
      <ItemId>52960</ItemId>
    </Item>
    <Item>
      <PriceUpdateDate>2025-10-31 09:54:17</PriceUpdateDate>
      <ItemCode>4605142053561</ItemCode>
      <ItemType>1</ItemType>
      <ItemName>סלבנקה אסורטי לובושק</ItemName>
      <ManufacturerName>,</ManufacturerName>
      <ManufactureCountry>לא ידוע</ManufactureCountry>
      <ManufacturerItemDescription>סלבנקה אסורטי לובושקה לילדים 274 גר</ManufacturerItemDescription>
      <UnitQty>גרמים</UnitQty>
      <Quantity>274.00</Quantity>
      <UnitOfMeasure>100 גרם</UnitOfMeasure>
      <bIsWeighted>0</bIsWeighted>
      <QtyInPackage>1</QtyInPackage>
      <ItemPrice>27.90</ItemPrice>
      <UnitOfMeasurePrice>10.1825</UnitOfMeasurePrice>
      <AllowDiscount>1</AllowDiscount>
      <ItemStatus>1</ItemStatus>
      <ItemId>102367</ItemId>
    </Item>
    <Item>
      <PriceUpdateDate>2024-11-11 14:58:35</PriceUpdateDate>
      <ItemCode>4750616001194</ItemCode>
      <ItemType>1</ItemType>
      <ItemName>שפרוטים ריגה בשמן 24</ItemName>
      <ManufacturerName>BRINVAS VILNUS</ManufacturerName>
      <ManufactureCountry>לא ידוע</ManufactureCountry>
      <ManufacturerItemDescription>שפרוטים ריגה בשמן 240 גר</ManufacturerItemDescription>
      <UnitQty>גרמים</UnitQty>
      <Quantity>240.00</Quantity>
      <UnitOfMeasure>100 גרם</UnitOfMeasure>
      <bIsWeighted>0</bIsWeighted>
      <QtyInPackage>1</QtyInPackage>
      <ItemPrice>13.90</ItemPrice>
      <UnitOfMeasurePrice>5.7917</UnitOfMeasurePrice>
      <AllowDiscount>1</AllowDiscount>
      <ItemStatus>1</ItemStatus>
      <ItemId>53003</ItemId>
    </Item>
    <Item>
      <PriceUpdateDate>2023-12-31 12:48:39</PriceUpdateDate>
      <ItemCode>8002270846472</ItemCode>
      <ItemType>1</ItemType>
      <ItemName>מים מינרליים סאן פלג</ItemName>
      <ManufacturerName>,</ManufacturerName>
      <ManufactureCountry>לא ידוע</ManufactureCountry>
      <ManufacturerItemDescription>מים מינרליים "סאן פלגרינו" 0.5 ל</ManufacturerItemDescription>
      <UnitQty>מיליליטרים</UnitQty>
      <Quantity>500.00</Quantity>
      <UnitOfMeasure>100 מ"ל</UnitOfMeasure>
      <bIsWeighted>0</bIsWeighted>
      <QtyInPackage>1</QtyInPackage>
      <ItemPrice>7.00</ItemPrice>
      <UnitOfMeasurePrice>1.4000</UnitOfMeasurePrice>
      <AllowDiscount>1</AllowDiscount>
      <ItemStatus>1</ItemStatus>
      <ItemId>53006</ItemId>
    </Item>
    <Item>
      <PriceUpdateDate>2023-12-31 12:48:40</PriceUpdateDate>
      <ItemCode>9002859047121</ItemCode>
      <ItemType>1</ItemType>
      <ItemName>משקה מוגז בטעם תפוחי</ItemName>
      <ManufacturerName>GUNZ WARENHANDELS</ManufacturerName>
      <ManufactureCountry>לא ידוע</ManufactureCountry>
      <ManufacturerItemDescription>משקה מוגז בטעם תפוחים לילדים 750 מ"ל</ManufacturerItemDescription>
      <UnitQty>מיליליטרים</UnitQty>
      <Quantity>750.00</Quantity>
      <UnitOfMeasure>100 מ"ל</UnitOfMeasure>
      <bIsWeighted>0</bIsWeighted>
      <QtyInPackage>1</QtyInPackage>
      <ItemPrice>23.90</ItemPrice>
      <UnitOfMeasurePrice>3.1867</UnitOfMeasurePrice>
      <AllowDiscount>1</AllowDiscount>
      <ItemStatus>1</ItemStatus>
      <ItemId>53093</ItemId>
    </Item>
    <Item>
      <PriceUpdateDate>2023-12-31 12:48:40</PriceUpdateDate>
      <ItemCode>7794450008084</ItemCode>
      <ItemType>1</ItemType>
      <ItemName>יין אלאמוס מאלבק 750</ItemName>
      <ManufacturerName>קאטנה זפאטה</ManufacturerName>
      <ManufactureCountry>לא ידוע</ManufactureCountry>
      <ManufacturerItemDescription>יין קאטנה זאפאטה מאלבק 0.75ל</ManufacturerItemDescription>
      <UnitQty>מיליליטרים</UnitQty>
      <Quantity>750.00</Quantity>
      <UnitOfMeasure>100 מ"ל</UnitOfMeasure>
      <bIsWeighted>0</bIsWeighted>
      <QtyInPackage>1</QtyInPackage>
      <ItemPrice>47.90</ItemPrice>
      <UnitOfMeasurePrice>6.3867</UnitOfMeasurePrice>
      <AllowDiscount>1</AllowDiscount>
      <ItemStatus>1</ItemStatus>
      <ItemId>53102</ItemId>
    </Item>
    <Item>
      <PriceUpdateDate>2024-07-01 11:07:57</PriceUpdateDate>
      <ItemCode>2264</ItemCode>
      <ItemType>0</ItemType>
      <ItemName>גבינה פיקורינו מונטנ</ItemName>
      <ManufacturerName>,</ManufacturerName>
      <ManufactureCountry>לא ידוע</ManufactureCountry>
      <ManufacturerItemDescription>גבינה פיקורינו מונטנרו מנוני</ManufacturerItemDescription>
      <UnitQty>קילוגרמים</UnitQty>
      <Quantity>1.00</Quantity>
      <UnitOfMeasure>ק"ג</UnitOfMeasure>
      <bIsWeighted>1</bIsWeighted>
      <QtyInPackage>לא ידוע</QtyInPackage>
      <ItemPrice>179.00</ItemPrice>
      <UnitOfMeasurePrice>179.0000</UnitOfMeasurePrice>
      <AllowDiscount>1</AllowDiscount>
      <ItemStatus>1</ItemStatus>
      <ItemId>53110</ItemId>
    </Item>
    <Item>
      <PriceUpdateDate>2025-10-31 09:54:17</PriceUpdateDate>
      <ItemCode>4605142053592</ItemCode>
      <ItemType>1</ItemType>
      <ItemName>סלבנקה אסורטי מתנה ה</ItemName>
      <ManufacturerName>,</ManufacturerName>
      <ManufactureCountry>לא ידוע</ManufactureCountry>
      <ManufacturerItemDescription>סלבנקה אסורטי מתנה האהובה 482 גר</ManufacturerItemDescription>
      <UnitQty>גרמים</UnitQty>
      <Quantity>482.00</Quantity>
      <UnitOfMeasure>100 גרם</UnitOfMeasure>
      <bIsWeighted>0</bIsWeighted>
      <QtyInPackage>1</QtyInPackage>
      <ItemPrice>34.90</ItemPrice>
      <UnitOfMeasurePrice>7.2407</UnitOfMeasurePrice>
      <AllowDiscount>1</AllowDiscount>
      <ItemStatus>1</ItemStatus>
      <ItemId>102370</ItemId>
    </Item>
    <Item>
      <PriceUpdateDate>2023-12-31 12:48:40</PriceUpdateDate>
      <ItemCode>5900907003393</ItemCode>
      <ItemType>1</ItemType>
      <ItemName>עגבניות שרי בחומץ 93</ItemName>
      <ManufacturerName>URBANEK</ManufacturerName>
      <ManufactureCountry>לא ידוע</ManufactureCountry>
      <ManufacturerItemDescription>עגבניות שרי בחומץ 930 גר</ManufacturerItemDescription>
      <UnitQty>גרמים</UnitQty>
      <Quantity>930.00</Quantity>
      <UnitOfMeasure>100 גרם</UnitOfMeasure>
      <bIsWeighted>0</bIsWeighted>
      <QtyInPackage>12</QtyInPackage>
      <ItemPrice>17.90</ItemPrice>
      <UnitOfMeasurePrice>1.9247</UnitOfMeasurePrice>
      <AllowDiscount>1</AllowDiscount>
      <ItemStatus>1</ItemStatus>
      <ItemId>53126</ItemId>
    </Item>
    <Item>
      <PriceUpdateDate>2023-12-31 12:48:40</PriceUpdateDate>
      <ItemCode>7290000318035</ItemCode>
      <ItemType>1</ItemType>
      <ItemName>נקניקיות פרגיות 400</ItemName>
      <ManufacturerName>מעדני יחיעם 1993</ManufacturerName>
      <ManufactureCountry>לא ידוע</ManufactureCountry>
      <ManufacturerItemDescription>נקניקיות פרגיות 400 גר</ManufacturerItemDescription>
      <UnitQty>גרמים</UnitQty>
      <Quantity>400.00</Quantity>
      <UnitOfMeasure>100 גרם</UnitOfMeasure>
      <bIsWeighted>0</bIsWeighted>
      <QtyInPackage>1</QtyInPackage>
      <ItemPrice>15.90</ItemPrice>
      <UnitOfMeasurePrice>3.9750</UnitOfMeasurePrice>
      <AllowDiscount>1</AllowDiscount>
      <ItemStatus>1</ItemStatus>
      <ItemId>53139</ItemId>
    </Item>
    <Item>
      <PriceUpdateDate>2025-11-10 11:29:13</PriceUpdateDate>
      <ItemCode>4760018504773</ItemCode>
      <ItemType>1</ItemType>
      <ItemName>ריבת אגוזי מלך 400 ג</ItemName>
      <ManufacturerName>BIZIM TARLA</ManufacturerName>
      <ManufactureCountry>לא ידוע</ManufactureCountry>
      <ManufacturerItemDescription>ריבת אגוזי מלך 400 גר</ManufacturerItemDescription>
      <UnitQty>גרמים</UnitQty>
      <Quantity>400.00</Quantity>
      <UnitOfMeasure>100 גרם</UnitOfMeasure>
      <bIsWeighted>0</bIsWeighted>
      <QtyInPackage>1</QtyInPackage>
      <ItemPrice>24.90</ItemPrice>
      <UnitOfMeasurePrice>6.2250</UnitOfMeasurePrice>
      <AllowDiscount>1</AllowDiscount>
      <ItemStatus>1</ItemStatus>
      <ItemId>53149</ItemId>
    </Item>
    <Item>
      <PriceUpdateDate>2025-11-10 11:29:14</PriceUpdateDate>
      <ItemCode>4760018504612</ItemCode>
      <ItemType>1</ItemType>
      <ItemName>ריבת דובדבן 400 גר</ItemName>
      <ManufacturerName>BIZIM TARLA</ManufacturerName>
      <ManufactureCountry>לא ידוע</ManufactureCountry>
      <ManufacturerItemDescription>ריבת דובדבן 400 גר</ManufacturerItemDescription>
      <UnitQty>גרמים</UnitQty>
      <Quantity>400.00</Quantity>
      <UnitOfMeasure>100 גרם</UnitOfMeasure>
      <bIsWeighted>0</bIsWeighted>
      <QtyInPackage>1</QtyInPackage>
      <ItemPrice>24.90</ItemPrice>
      <UnitOfMeasurePrice>6.2250</UnitOfMeasurePrice>
      <AllowDiscount>1</AllowDiscount>
      <ItemStatus>1</ItemStatus>
      <ItemId>53151</ItemId>
    </Item>
    <Item>
      <PriceUpdateDate>2025-04-08 18:05:22</PriceUpdateDate>
      <ItemCode>4600300080335</ItemCode>
      <ItemType>1</ItemType>
      <ItemName>סוכ. חלב ציפורי 225</ItemName>
      <ManufacturerName>קרסניי אוקטברי</ManufacturerName>
      <ManufactureCountry>לא ידוע</ManufactureCountry>
      <ManufacturerItemDescription>סוכ. חלב ציפורי 225 גר</ManufacturerItemDescription>
      <UnitQty>גרמים</UnitQty>
      <Quantity>225.00</Quantity>
      <UnitOfMeasure>100 גרם</UnitOfMeasure>
      <bIsWeighted>0</bIsWeighted>
      <QtyInPackage>1</QtyInPackage>
      <ItemPrice>19.90</ItemPrice>
      <UnitOfMeasurePrice>8.8444</UnitOfMeasurePrice>
      <AllowDiscount>1</AllowDiscount>
      <ItemStatus>1</ItemStatus>
      <ItemId>53177</ItemId>
    </Item>
    <Item>
      <PriceUpdateDate>2023-12-31 12:48:41</PriceUpdateDate>
      <ItemCode>4978094999219</ItemCode>
      <ItemType>1</ItemType>
      <ItemName>מחית סויה לבנה 500 ג</ItemName>
      <ManufacturerName>Qingdao Sun-growing</ManufacturerName>
      <ManufactureCountry>לא ידוע</ManufactureCountry>
      <ManufacturerItemDescription>מחית סויה לבנה 500 גר</ManufacturerItemDescription>
      <UnitQty>גרמים</UnitQty>
      <Quantity>500.00</Quantity>
      <UnitOfMeasure>100 גרם</UnitOfMeasure>
      <bIsWeighted>0</bIsWeighted>
      <QtyInPackage>1</QtyInPackage>
      <ItemPrice>19.90</ItemPrice>
      <UnitOfMeasurePrice>3.9800</UnitOfMeasurePrice>
      <AllowDiscount>1</AllowDiscount>
      <ItemStatus>1</ItemStatus>
      <ItemId>53240</ItemId>
    </Item>
    <Item>
      <PriceUpdateDate>2023-12-31 12:48:41</PriceUpdateDate>
      <ItemCode>4798810001985</ItemCode>
      <ItemType>1</ItemType>
      <ItemName>תה ירוק עלים 250 גר</ItemName>
      <ManufacturerName>טורלטון</ManufacturerName>
      <ManufactureCountry>לא ידוע</ManufactureCountry>
      <ManufacturerItemDescription>תה ירוק עלים 250 גר פח</ManufacturerItemDescription>
      <UnitQty>גרמים</UnitQty>
      <Quantity>250.00</Quantity>
      <UnitOfMeasure>100 גרם</UnitOfMeasure>
      <bIsWeighted>0</bIsWeighted>
      <QtyInPackage>1</QtyInPackage>
      <ItemPrice>39.90</ItemPrice>
      <UnitOfMeasurePrice>15.9600</UnitOfMeasurePrice>
      <AllowDiscount>1</AllowDiscount>
      <ItemStatus>1</ItemStatus>
      <ItemId>53246</ItemId>
    </Item>
    <Item>
      <PriceUpdateDate>2024-11-06 16:48:20</PriceUpdateDate>
      <ItemCode>4792252001121</ItemCode>
      <ItemType>1</ItemType>
      <ItemName>תה בוקט אסורטי 20 שק</ItemName>
      <ManufacturerName>בסילר</ManufacturerName>
      <ManufactureCountry>לא ידוע</ManufactureCountry>
      <ManufacturerItemDescription>תה ירוק מובחר 20 שקי</ManufacturerItemDescription>
      <UnitQty>גרמים</UnitQty>
      <Quantity>40.00</Quantity>
      <UnitOfMeasure>100 גרם</UnitOfMeasure>
      <bIsWeighted>0</bIsWeighted>
      <QtyInPackage>12</QtyInPackage>
      <ItemPrice>19.90</ItemPrice>
      <UnitOfMeasurePrice>49.7500</UnitOfMeasurePrice>
      <AllowDiscount>1</AllowDiscount>
      <ItemStatus>1</ItemStatus>
      <ItemId>53254</ItemId>
    </Item>
    <Item>
      <PriceUpdateDate>2024-11-06 16:48:20</PriceUpdateDate>
      <ItemCode>4792252001152</ItemCode>
      <ItemType>1</ItemType>
      <ItemName>תה איסלנד גולד בסילו</ItemName>
      <ManufacturerName>בסילר</ManufacturerName>
      <ManufactureCountry>לא ידוע</ManufactureCountry>
      <ManufacturerItemDescription>תה שחור "גולד" 100 גר</ManufacturerItemDescription>
      <UnitQty>גרמים</UnitQty>
      <Quantity>100.00</Quantity>
      <UnitOfMeasure>100 גרם</UnitOfMeasure>
      <bIsWeighted>0</bIsWeighted>
      <QtyInPackage>24</QtyInPackage>
      <ItemPrice>20.90</ItemPrice>
      <UnitOfMeasurePrice>20.9000</UnitOfMeasurePrice>
      <AllowDiscount>1</AllowDiscount>
      <ItemStatus>1</ItemStatus>
      <ItemId>53255</ItemId>
    </Item>
    <Item>
      <PriceUpdateDate>2024-11-06 16:48:20</PriceUpdateDate>
      <ItemCode>4792252100398</ItemCode>
      <ItemType>1</ItemType>
      <ItemName>תה סיזון חורפי בסילו</ItemName>
      <ManufacturerName>בסילר</ManufacturerName>
      <ManufactureCountry>לא ידוע</ManufactureCountry>
      <ManufacturerItemDescription>תה שחור חמוציות 100 גר</ManufacturerItemDescription>
      <UnitQty>גרמים</UnitQty>
      <Quantity>100.00</Quantity>
      <UnitOfMeasure>100 גרם</UnitOfMeasure>
      <bIsWeighted>0</bIsWeighted>
      <QtyInPackage>24</QtyInPackage>
      <ItemPrice>20.90</ItemPrice>
      <UnitOfMeasurePrice>20.9000</UnitOfMeasurePrice>
      <AllowDiscount>1</AllowDiscount>
      <ItemStatus>1</ItemStatus>
      <ItemId>53265</ItemId>
    </Item>
    <Item>
      <PriceUpdateDate>2024-03-03 08:49:08</PriceUpdateDate>
      <ItemCode>7290010173174</ItemCode>
      <ItemType>1</ItemType>
      <ItemName>יין גליל אלון 750 מל</ItemName>
      <ManufacturerName>יקב הרי גליל</ManufacturerName>
      <ManufactureCountry>לא ידוע</ManufactureCountry>
      <ManufacturerItemDescription>יין גליל אלון 750 מ"ל</ManufacturerItemDescription>
      <UnitQty>מיליליטרים</UnitQty>
      <Quantity>750.00</Quantity>
      <UnitOfMeasure>100 מ"ל</UnitOfMeasure>
      <bIsWeighted>0</bIsWeighted>
      <QtyInPackage>1</QtyInPackage>
      <ItemPrice>59.90</ItemPrice>
      <UnitOfMeasurePrice>7.9867</UnitOfMeasurePrice>
      <AllowDiscount>1</AllowDiscount>
      <ItemStatus>1</ItemStatus>
      <ItemId>53323</ItemId>
    </Item>
    <Item>
      <PriceUpdateDate>2025-04-23 10:44:24</PriceUpdateDate>
      <ItemCode>7290000017266</ItemCode>
      <ItemType>1</ItemType>
      <ItemName>אנטריקוט עגל טרי</ItemName>
      <ManufacturerName>,</ManufacturerName>
      <ManufactureCountry>לא ידוע</ManufactureCountry>
      <ManufacturerItemDescription>אנטריקוט עגל טרי</ManufacturerItemDescription>
      <UnitQty>קילוגרמים</UnitQty>
      <Quantity>1.00</Quantity>
      <UnitOfMeasure>ק"ג</UnitOfMeasure>
      <bIsWeighted>1</bIsWeighted>
      <QtyInPackage>לא ידוע</QtyInPackage>
      <ItemPrice>129.90</ItemPrice>
      <UnitOfMeasurePrice>129.9000</UnitOfMeasurePrice>
      <AllowDiscount>1</AllowDiscount>
      <ItemStatus>1</ItemStatus>
      <ItemId>53524</ItemId>
    </Item>
    <Item>
      <PriceUpdateDate>2024-03-03 08:54:23</PriceUpdateDate>
      <ItemCode>4601576004094</ItemCode>
      <ItemType>1</ItemType>
      <ItemName>רוטב תיבול פרובנסל מ</ItemName>
      <ManufacturerName>OAO ZHIROVOY KOMBINA</ManufacturerName>
      <ManufactureCountry>לא ידוע</ManufactureCountry>
      <ManufacturerItemDescription>רוטב תיבול פרובנסל מצטה חוזייקי קלאסי 480 מל</ManufacturerItemDescription>
      <UnitQty>מיליליטרים</UnitQty>
      <Quantity>480.00</Quantity>
      <UnitOfMeasure>100 מ"ל</UnitOfMeasure>
      <bIsWeighted>0</bIsWeighted>
      <QtyInPackage>1</QtyInPackage>
      <ItemPrice>13.90</ItemPrice>
      <UnitOfMeasurePrice>2.8958</UnitOfMeasurePrice>
      <AllowDiscount>1</AllowDiscount>
      <ItemStatus>1</ItemStatus>
      <ItemId>53575</ItemId>
    </Item>
    <Item>
      <PriceUpdateDate>2024-03-03 08:54:23</PriceUpdateDate>
      <ItemCode>4601576004025</ItemCode>
      <ItemType>1</ItemType>
      <ItemName>רוטב תיבול בטעם זיתי</ItemName>
      <ManufacturerName>OAO ZHIROVOY KOMBINA</ManufacturerName>
      <ManufactureCountry>לא ידוע</ManufactureCountry>
      <ManufacturerItemDescription>רוטב תיבול בטעם זיתים מצטה חוזייקי 480 מל</ManufacturerItemDescription>
      <UnitQty>מיליליטרים</UnitQty>
      <Quantity>480.00</Quantity>
      <UnitOfMeasure>100 מ"ל</UnitOfMeasure>
      <bIsWeighted>0</bIsWeighted>
      <QtyInPackage>1</QtyInPackage>
      <ItemPrice>13.90</ItemPrice>
      <UnitOfMeasurePrice>2.8958</UnitOfMeasurePrice>
      <AllowDiscount>1</AllowDiscount>
      <ItemStatus>1</ItemStatus>
      <ItemId>53576</ItemId>
    </Item>
    <Item>
      <PriceUpdateDate>2025-05-04 19:38:59</PriceUpdateDate>
      <ItemCode>7312040017683</ItemCode>
      <ItemType>1</ItemType>
      <ItemName>וודקה אבסולוט 700 מל</ItemName>
      <ManufacturerName>,</ManufacturerName>
      <ManufactureCountry>לא ידוע</ManufactureCountry>
      <ManufacturerItemDescription>וודקה אבסולוט 0.7 ל</ManufacturerItemDescription>
      <UnitQty>מיליליטרים</UnitQty>
      <Quantity>700.00</Quantity>
      <UnitOfMeasure>100 מ"ל</UnitOfMeasure>
      <bIsWeighted>0</bIsWeighted>
      <QtyInPackage>1</QtyInPackage>
      <ItemPrice>72.90</ItemPrice>
      <UnitOfMeasurePrice>10.4143</UnitOfMeasurePrice>
      <AllowDiscount>1</AllowDiscount>
      <ItemStatus>1</ItemStatus>
      <ItemId>53632</ItemId>
    </Item>
    <Item>
      <PriceUpdateDate>2024-01-02 00:48:03</PriceUpdateDate>
      <ItemCode>7794450008053</ItemCode>
      <ItemType>1</ItemType>
      <ItemName>יין קאטנה מלבק 750 מ</ItemName>
      <ManufacturerName>קאטנה זפאטה</ManufacturerName>
      <ManufactureCountry>לא ידוע</ManufactureCountry>
      <ManufacturerItemDescription>יין קאטנה מלבק 0.75 ל</ManufacturerItemDescription>
      <UnitQty>מיליליטרים</UnitQty>
      <Quantity>750.00</Quantity>
      <UnitOfMeasure>100 מ"ל</UnitOfMeasure>
      <bIsWeighted>0</bIsWeighted>
      <QtyInPackage>1</QtyInPackage>
      <ItemPrice>74.90</ItemPrice>
      <UnitOfMeasurePrice>9.9867</UnitOfMeasurePrice>
      <AllowDiscount>1</AllowDiscount>
      <ItemStatus>1</ItemStatus>
      <ItemId>53637</ItemId>
    </Item>
    <Item>
      <PriceUpdateDate>2023-12-31 12:48:43</PriceUpdateDate>
      <ItemCode>3760040420394</ItemCode>
      <ItemType>1</ItemType>
      <ItemName>יין פול מאס קלו דה מ</ItemName>
      <ManufacturerName>פול מאס</ManufacturerName>
      <ManufactureCountry>לא ידוע</ManufactureCountry>
      <ManufacturerItemDescription>יין פול מאס קלו דה מור אדום</ManufacturerItemDescription>
      <UnitQty>Unknown </UnitQty>
      <Quantity>0.00</Quantity>
      <UnitOfMeasure>Unknown </UnitOfMeasure>
      <bIsWeighted>0</bIsWeighted>
      <QtyInPackage>1</QtyInPackage>
      <ItemPrice>84.90</ItemPrice>
      <UnitOfMeasurePrice>0.0000</UnitOfMeasurePrice>
      <AllowDiscount>1</AllowDiscount>
      <ItemStatus>1</ItemStatus>
      <ItemId>53639</ItemId>
    </Item>
    <Item>
      <PriceUpdateDate>2023-12-31 12:48:43</PriceUpdateDate>
      <ItemCode>7290014692299</ItemCode>
      <ItemType>1</ItemType>
      <ItemName>גבינה ברי 125 גר</ItemName>
      <ManufacturerName>ארלה</ManufacturerName>
      <ManufactureCountry>גרמניה</ManufactureCountry>
      <ManufacturerItemDescription>גבינה ברי 125 גר</ManufacturerItemDescription>
      <UnitQty>גרמים</UnitQty>
      <Quantity>125.00</Quantity>
      <UnitOfMeasure>100 גרם</UnitOfMeasure>
      <bIsWeighted>0</bIsWeighted>
      <QtyInPackage>36</QtyInPackage>
      <ItemPrice>22.90</ItemPrice>
      <UnitOfMeasurePrice>18.3200</UnitOfMeasurePrice>
      <AllowDiscount>1</AllowDiscount>
      <ItemStatus>1</ItemStatus>
      <ItemId>53655</ItemId>
    </Item>
    <Item>
      <PriceUpdateDate>2023-12-31 12:48:43</PriceUpdateDate>
      <ItemCode>7290014692305</ItemCode>
      <ItemType>1</ItemType>
      <ItemName>גבינה קממבר 125 גר</ItemName>
      <ManufacturerName>ארלה</ManufacturerName>
      <ManufactureCountry>גרמניה</ManufactureCountry>
      <ManufacturerItemDescription>גבינה קממבר 125 גר</ManufacturerItemDescription>
      <UnitQty>גרמים</UnitQty>
      <Quantity>125.00</Quantity>
      <UnitOfMeasure>100 גרם</UnitOfMeasure>
      <bIsWeighted>0</bIsWeighted>
      <QtyInPackage>36</QtyInPackage>
      <ItemPrice>26.90</ItemPrice>
      <UnitOfMeasurePrice>21.5200</UnitOfMeasurePrice>
      <AllowDiscount>1</AllowDiscount>
      <ItemStatus>1</ItemStatus>
      <ItemId>53656</ItemId>
    </Item>
    <Item>
      <PriceUpdateDate>2024-01-31 16:28:40</PriceUpdateDate>
      <ItemCode>1868</ItemCode>
      <ItemType>0</ItemType>
      <ItemName>נקניק חי סרוולט בלגי</ItemName>
      <ManufacturerName>קרלברג ייצור ושיווק</ManufacturerName>
      <ManufactureCountry>לא ידוע</ManufactureCountry>
      <ManufacturerItemDescription>נקניק חי סרוולט בלגי דימוב שלם</ManufacturerItemDescription>
      <UnitQty>קילוגרמים</UnitQty>
      <Quantity>1.00</Quantity>
      <UnitOfMeasure>ק"ג</UnitOfMeasure>
      <bIsWeighted>1</bIsWeighted>
      <QtyInPackage>לא ידוע</QtyInPackage>
      <ItemPrice>196.00</ItemPrice>
      <UnitOfMeasurePrice>196.0000</UnitOfMeasurePrice>
      <AllowDiscount>1</AllowDiscount>
      <ItemStatus>1</ItemStatus>
      <ItemId>53659</ItemId>
    </Item>
    <Item>
      <PriceUpdateDate>2025-09-08 15:33:14</PriceUpdateDate>
      <ItemCode>17407</ItemCode>
      <ItemType>0</ItemType>
      <ItemName>סטייק טיבון כבש</ItemName>
      <ManufacturerName>בית מטבחיים דבאח</ManufacturerName>
      <ManufactureCountry>לא ידוע</ManufactureCountry>
      <ManufacturerItemDescription>סטייק טיבון כבש</ManufacturerItemDescription>
      <UnitQty>קילוגרמים</UnitQty>
      <Quantity>1.00</Quantity>
      <UnitOfMeasure>ק"ג</UnitOfMeasure>
      <bIsWeighted>1</bIsWeighted>
      <QtyInPackage>לא ידוע</QtyInPackage>
      <ItemPrice>159.90</ItemPrice>
      <UnitOfMeasurePrice>159.9000</UnitOfMeasurePrice>
      <AllowDiscount>1</AllowDiscount>
      <ItemStatus>1</ItemStatus>
      <ItemId>53739</ItemId>
    </Item>
    <Item>
      <PriceUpdateDate>2025-04-07 10:36:51</PriceUpdateDate>
      <ItemCode>3270620001757</ItemCode>
      <ItemType>1</ItemType>
      <ItemName>קוניאק לואי רוייה 70</ItemName>
      <ManufacturerName>,</ManufacturerName>
      <ManufactureCountry>לא ידוע</ManufactureCountry>
      <ManufacturerItemDescription>קוניאק "לואי רוייר" 0.7 ל</ManufacturerItemDescription>
      <UnitQty>מיליליטרים</UnitQty>
      <Quantity>700.00</Quantity>
      <UnitOfMeasure>100 מ"ל</UnitOfMeasure>
      <bIsWeighted>0</bIsWeighted>
      <QtyInPackage>1</QtyInPackage>
      <ItemPrice>139.90</ItemPrice>
      <UnitOfMeasurePrice>19.9857</UnitOfMeasurePrice>
      <AllowDiscount>1</AllowDiscount>
      <ItemStatus>1</ItemStatus>
      <ItemId>53747</ItemId>
    </Item>
    <Item>
      <PriceUpdateDate>2023-12-31 12:48:44</PriceUpdateDate>
      <ItemCode>7290013220110</ItemCode>
      <ItemType>1</ItemType>
      <ItemName>פטל אדום קפוא 500 גר</ItemName>
      <ManufacturerName>,</ManufacturerName>
      <ManufactureCountry>לא ידוע</ManufactureCountry>
      <ManufacturerItemDescription>פטל אדום קפוא 500 גר</ManufacturerItemDescription>
      <UnitQty>גרמים</UnitQty>
      <Quantity>500.00</Quantity>
      <UnitOfMeasure>100 גרם</UnitOfMeasure>
      <bIsWeighted>0</bIsWeighted>
      <QtyInPackage>1</QtyInPackage>
      <ItemPrice>34.90</ItemPrice>
      <UnitOfMeasurePrice>6.9800</UnitOfMeasurePrice>
      <AllowDiscount>1</AllowDiscount>
      <ItemStatus>1</ItemStatus>
      <ItemId>53786</ItemId>
    </Item>
    <Item>
      <PriceUpdateDate>2023-12-31 12:48:44</PriceUpdateDate>
      <ItemCode>7290013220318</ItemCode>
      <ItemType>1</ItemType>
      <ItemName>חמוציות גן 400 גר</ItemName>
      <ManufacturerName>,</ManufacturerName>
      <ManufactureCountry>לא ידוע</ManufactureCountry>
      <ManufacturerItemDescription>חמוציות גן 400 גר</ManufacturerItemDescription>
      <UnitQty>גרמים</UnitQty>
      <Quantity>400.00</Quantity>
      <UnitOfMeasure>100 גרם</UnitOfMeasure>
      <bIsWeighted>0</bIsWeighted>
      <QtyInPackage>1</QtyInPackage>
      <ItemPrice>29.90</ItemPrice>
      <UnitOfMeasurePrice>7.4750</UnitOfMeasurePrice>
      <AllowDiscount>1</AllowDiscount>
      <ItemStatus>1</ItemStatus>
      <ItemId>53788</ItemId>
    </Item>
    <Item>
      <PriceUpdateDate>2023-12-31 12:48:44</PriceUpdateDate>
      <ItemCode>7290013220127</ItemCode>
      <ItemType>1</ItemType>
      <ItemName>דומדמניות שחורות 500</ItemName>
      <ManufacturerName>,</ManufacturerName>
      <ManufactureCountry>לא ידוע</ManufactureCountry>
      <ManufacturerItemDescription>דומדמניות שחורות 500 גר</ManufacturerItemDescription>
      <UnitQty>גרמים</UnitQty>
      <Quantity>500.00</Quantity>
      <UnitOfMeasure>100 גרם</UnitOfMeasure>
      <bIsWeighted>0</bIsWeighted>
      <QtyInPackage>1</QtyInPackage>
      <ItemPrice>24.90</ItemPrice>
      <UnitOfMeasurePrice>4.9800</UnitOfMeasurePrice>
      <AllowDiscount>1</AllowDiscount>
      <ItemStatus>1</ItemStatus>
      <ItemId>53795</ItemId>
    </Item>
    <Item>
      <PriceUpdateDate>2023-12-31 12:48:44</PriceUpdateDate>
      <ItemCode>7290013220134</ItemCode>
      <ItemType>1</ItemType>
      <ItemName>מיקס פירות שדה 500 ג</ItemName>
      <ManufacturerName>,</ManufacturerName>
      <ManufactureCountry>לא ידוע</ManufactureCountry>
      <ManufacturerItemDescription>מיקס פירות שדה 500 גר</ManufacturerItemDescription>
      <UnitQty>גרמים</UnitQty>
      <Quantity>500.00</Quantity>
      <UnitOfMeasure>100 גרם</UnitOfMeasure>
      <bIsWeighted>0</bIsWeighted>
      <QtyInPackage>1</QtyInPackage>
      <ItemPrice>24.90</ItemPrice>
      <UnitOfMeasurePrice>4.9800</UnitOfMeasurePrice>
      <AllowDiscount>1</AllowDiscount>
      <ItemStatus>1</ItemStatus>
      <ItemId>53796</ItemId>
    </Item>
    <Item>
      <PriceUpdateDate>2024-03-03 18:22:09</PriceUpdateDate>
      <ItemCode>4820000192125</ItemCode>
      <ItemType>1</ItemType>
      <ItemName>בירה קלה בטעם דובדבן</ItemName>
      <ManufacturerName>OBOLON</ManufacturerName>
      <ManufactureCountry>לא ידוע</ManufactureCountry>
      <ManufacturerItemDescription>בירה קלה בטעם דובדבן 500 מל</ManufacturerItemDescription>
      <UnitQty>מיליליטרים</UnitQty>
      <Quantity>500.00</Quantity>
      <UnitOfMeasure>100 מ"ל</UnitOfMeasure>
      <bIsWeighted>0</bIsWeighted>
      <QtyInPackage>1</QtyInPackage>
      <ItemPrice>8.90</ItemPrice>
      <UnitOfMeasurePrice>1.7800</UnitOfMeasurePrice>
      <AllowDiscount>1</AllowDiscount>
      <ItemStatus>1</ItemStatus>
      <ItemId>53812</ItemId>
    </Item>
    <Item>
      <PriceUpdateDate>2024-03-03 18:22:09</PriceUpdateDate>
      <ItemCode>4820000192101</ItemCode>
      <ItemType>1</ItemType>
      <ItemName>בירה קלה בטעם לימון</ItemName>
      <ManufacturerName>OBOLON</ManufacturerName>
      <ManufactureCountry>לא ידוע</ManufactureCountry>
      <ManufacturerItemDescription>בירה קלה בטעם לימון 500 גר</ManufacturerItemDescription>
      <UnitQty>גרמים</UnitQty>
      <Quantity>500.00</Quantity>
      <UnitOfMeasure>100 גרם</UnitOfMeasure>
      <bIsWeighted>0</bIsWeighted>
      <QtyInPackage>1</QtyInPackage>
      <ItemPrice>8.90</ItemPrice>
      <UnitOfMeasurePrice>1.7800</UnitOfMeasurePrice>
      <AllowDiscount>1</AllowDiscount>
      <ItemStatus>1</ItemStatus>
      <ItemId>53813</ItemId>
    </Item>
    <Item>
      <PriceUpdateDate>2024-03-03 18:22:09</PriceUpdateDate>
      <ItemCode>4820000193238</ItemCode>
      <ItemType>1</ItemType>
      <ItemName>בירה קלה בטעם פטל 50</ItemName>
      <ManufacturerName>OBOLON</ManufacturerName>
      <ManufactureCountry>לא ידוע</ManufactureCountry>
      <ManufacturerItemDescription>בירה קלה בטעם פטל 500 גר</ManufacturerItemDescription>
      <UnitQty>גרמים</UnitQty>
      <Quantity>500.00</Quantity>
      <UnitOfMeasure>100 גרם</UnitOfMeasure>
      <bIsWeighted>0</bIsWeighted>
      <QtyInPackage>1</QtyInPackage>
      <ItemPrice>8.90</ItemPrice>
      <UnitOfMeasurePrice>1.7800</UnitOfMeasurePrice>
      <AllowDiscount>1</AllowDiscount>
      <ItemStatus>1</ItemStatus>
      <ItemId>53814</ItemId>
    </Item>
    <Item>
      <PriceUpdateDate>2023-12-31 12:48:44</PriceUpdateDate>
      <ItemCode>4792252915503</ItemCode>
      <ItemType>1</ItemType>
      <ItemName>תה בסילור סזון אוסני</ItemName>
      <ManufacturerName>בסילר</ManufacturerName>
      <ManufactureCountry>לא ידוע</ManufactureCountry>
      <ManufacturerItemDescription>תה "בזילור" סזון אוסני 100 גר</ManufacturerItemDescription>
      <UnitQty>גרמים</UnitQty>
      <Quantity>100.00</Quantity>
      <UnitOfMeasure>100 גרם</UnitOfMeasure>
      <bIsWeighted>0</bIsWeighted>
      <QtyInPackage>24</QtyInPackage>
      <ItemPrice>19.90</ItemPrice>
      <UnitOfMeasurePrice>19.9000</UnitOfMeasurePrice>
      <AllowDiscount>1</AllowDiscount>
      <ItemStatus>1</ItemStatus>
      <ItemId>53820</ItemId>
    </Item>
    <Item>
      <PriceUpdateDate>2024-11-06 16:48:20</PriceUpdateDate>
      <ItemCode>4792252916432</ItemCode>
      <ItemType>1</ItemType>
      <ItemName>תה בסילור אוריאנטל י</ItemName>
      <ManufacturerName>בסילר</ManufacturerName>
      <ManufactureCountry>לא ידוע</ManufactureCountry>
      <ManufacturerItemDescription>תה "בזילור" אוריאנטל ירח לבן 20 שק</ManufacturerItemDescription>
      <UnitQty>גרמים</UnitQty>
      <Quantity>30.00</Quantity>
      <UnitOfMeasure>100 גרם</UnitOfMeasure>
      <bIsWeighted>0</bIsWeighted>
      <QtyInPackage>12</QtyInPackage>
      <ItemPrice>19.90</ItemPrice>
      <UnitOfMeasurePrice>66.3333</UnitOfMeasurePrice>
      <AllowDiscount>1</AllowDiscount>
      <ItemStatus>1</ItemStatus>
      <ItemId>53823</ItemId>
    </Item>
    <Item>
      <PriceUpdateDate>2024-03-25 09:37:29</PriceUpdateDate>
      <ItemCode>7290000714339</ItemCode>
      <ItemType>1</ItemType>
      <ItemName>וינר חדש עבה בואקום</ItemName>
      <ManufacturerName>מעדני מניה תעשיות בש</ManufacturerName>
      <ManufactureCountry>לא ידוע</ManufactureCountry>
      <ManufacturerItemDescription>וינר חדש עבה בואקום</ManufacturerItemDescription>
      <UnitQty>קילוגרמים</UnitQty>
      <Quantity>1.00</Quantity>
      <UnitOfMeasure>ק"ג</UnitOfMeasure>
      <bIsWeighted>1</bIsWeighted>
      <QtyInPackage>לא ידוע</QtyInPackage>
      <ItemPrice>85.00</ItemPrice>
      <UnitOfMeasurePrice>85.0000</UnitOfMeasurePrice>
      <AllowDiscount>1</AllowDiscount>
      <ItemStatus>1</ItemStatus>
      <ItemId>53825</ItemId>
    </Item>
    <Item>
      <PriceUpdateDate>2023-12-31 12:48:44</PriceUpdateDate>
      <ItemCode>7290000217950</ItemCode>
      <ItemType>1</ItemType>
      <ItemName>נקניקיות וינר חדש בו</ItemName>
      <ManufacturerName>מעדני מניה תעשיות בש</ManufacturerName>
      <ManufactureCountry>לא ידוע</ManufactureCountry>
      <ManufacturerItemDescription>וינר חדש בואקום</ManufacturerItemDescription>
      <UnitQty>קילוגרמים</UnitQty>
      <Quantity>1.00</Quantity>
      <UnitOfMeasure>ק"ג</UnitOfMeasure>
      <bIsWeighted>1</bIsWeighted>
      <QtyInPackage>לא ידוע</QtyInPackage>
      <ItemPrice>79.00</ItemPrice>
      <UnitOfMeasurePrice>79.0000</UnitOfMeasurePrice>
      <AllowDiscount>1</AllowDiscount>
      <ItemStatus>1</ItemStatus>
      <ItemId>53826</ItemId>
    </Item>
    <Item>
      <PriceUpdateDate>2025-08-12 12:29:42</PriceUpdateDate>
      <ItemCode>8594053490441</ItemCode>
      <ItemType>1</ItemType>
      <ItemName>בירה צרנובר בהיר 500</ItemName>
      <ManufacturerName>טרדיצ'ני פיבובר ורקו</ManufacturerName>
      <ManufactureCountry>לא ידוע</ManufactureCountry>
      <ManufacturerItemDescription>בירה "צ"רנובר" בהיר 500 מל</ManufacturerItemDescription>
      <UnitQty>מיליליטרים</UnitQty>
      <Quantity>500.00</Quantity>
      <UnitOfMeasure>100 מ"ל</UnitOfMeasure>
      <bIsWeighted>0</bIsWeighted>
      <QtyInPackage>1</QtyInPackage>
      <ItemPrice>12.90</ItemPrice>
      <UnitOfMeasurePrice>2.5800</UnitOfMeasurePrice>
      <AllowDiscount>1</AllowDiscount>
      <ItemStatus>1</ItemStatus>
      <ItemId>53828</ItemId>
    </Item>
    <Item>
      <PriceUpdateDate>2023-12-31 12:48:44</PriceUpdateDate>
      <ItemCode>4810168016104</ItemCode>
      <ItemType>1</ItemType>
      <ItemName>ביצי דג טרוטונית אטל</ItemName>
      <ManufacturerName>,</ManufacturerName>
      <ManufactureCountry>לא ידוע</ManufactureCountry>
      <ManufacturerItemDescription>ביצי דג טרוטונית אטלנטי עם הסילונים 180</ManufacturerItemDescription>
      <UnitQty>גרמים</UnitQty>
      <Quantity>180.00</Quantity>
      <UnitOfMeasure>100 גרם</UnitOfMeasure>
      <bIsWeighted>0</bIsWeighted>
      <QtyInPackage>1</QtyInPackage>
      <ItemPrice>17.90</ItemPrice>
      <UnitOfMeasurePrice>9.9444</UnitOfMeasurePrice>
      <AllowDiscount>1</AllowDiscount>
      <ItemStatus>1</ItemStatus>
      <ItemId>53842</ItemId>
    </Item>
    <Item>
      <PriceUpdateDate>2024-11-03 13:30:29</PriceUpdateDate>
      <ItemCode>4810168001056</ItemCode>
      <ItemType>1</ItemType>
      <ItemName>חתיכות פילה דג הרינג</ItemName>
      <ManufacturerName>,</ManufacturerName>
      <ManufactureCountry>לא ידוע</ManufactureCountry>
      <ManufacturerItemDescription>חתיכות פילה דג הרינג מלוח מצונן 260 גר</ManufacturerItemDescription>
      <UnitQty>גרמים</UnitQty>
      <Quantity>260.00</Quantity>
      <UnitOfMeasure>100 גרם</UnitOfMeasure>
      <bIsWeighted>0</bIsWeighted>
      <QtyInPackage>1</QtyInPackage>
      <ItemPrice>21.90</ItemPrice>
      <UnitOfMeasurePrice>8.4231</UnitOfMeasurePrice>
      <AllowDiscount>1</AllowDiscount>
      <ItemStatus>1</ItemStatus>
      <ItemId>53845</ItemId>
    </Item>
    <Item>
      <PriceUpdateDate>2024-11-03 13:30:29</PriceUpdateDate>
      <ItemCode>4810168024512</ItemCode>
      <ItemType>1</ItemType>
      <ItemName>חתיכות פילה דג הרינג</ItemName>
      <ManufacturerName>,</ManufacturerName>
      <ManufactureCountry>לא ידוע</ManufactureCountry>
      <ManufacturerItemDescription>חתיכות פילה דג הרינג מלוח מצונן עם תבלין</ManufacturerItemDescription>
      <UnitQty>גרמים</UnitQty>
      <Quantity>260.00</Quantity>
      <UnitOfMeasure>100 גרם</UnitOfMeasure>
      <bIsWeighted>0</bIsWeighted>
      <QtyInPackage>1</QtyInPackage>
      <ItemPrice>21.90</ItemPrice>
      <UnitOfMeasurePrice>8.4231</UnitOfMeasurePrice>
      <AllowDiscount>1</AllowDiscount>
      <ItemStatus>1</ItemStatus>
      <ItemId>53846</ItemId>
    </Item>
    <Item>
      <PriceUpdateDate>2024-11-22 08:30:47</PriceUpdateDate>
      <ItemCode>8690799021854</ItemCode>
      <ItemType>1</ItemType>
      <ItemName>ריבת אוכמניות שחורות</ItemName>
      <ManufacturerName>בוזטופרק גידה סאנאי</ManufacturerName>
      <ManufactureCountry>לא ידוע</ManufactureCountry>
      <ManufacturerItemDescription>ריבת אוכמניות 1 ק"ג</ManufacturerItemDescription>
      <UnitQty>קילוגרמים</UnitQty>
      <Quantity>1.00</Quantity>
      <UnitOfMeasure>ק"ג     </UnitOfMeasure>
      <bIsWeighted>0</bIsWeighted>
      <QtyInPackage>6</QtyInPackage>
      <ItemPrice>34.90</ItemPrice>
      <UnitOfMeasurePrice>34.9000</UnitOfMeasurePrice>
      <AllowDiscount>1</AllowDiscount>
      <ItemStatus>1</ItemStatus>
      <ItemId>53877</ItemId>
    </Item>
    <Item>
      <PriceUpdateDate>2024-11-03 14:19:35</PriceUpdateDate>
      <ItemCode>7290115110715</ItemCode>
      <ItemType>0</ItemType>
      <ItemName>נקניק תה רוסי מיני 4</ItemName>
      <ManufacturerName>זילבר תעשיות מוצרי ב</ManufacturerName>
      <ManufactureCountry>לא ידוע</ManufactureCountry>
      <ManufacturerItemDescription>נקניק תה רוסי מיני 400 גר</ManufacturerItemDescription>
      <UnitQty>גרמים</UnitQty>
      <Quantity>400.00</Quantity>
      <UnitOfMeasure>100 גרם</UnitOfMeasure>
      <bIsWeighted>0</bIsWeighted>
      <QtyInPackage>לא ידוע</QtyInPackage>
      <ItemPrice>34.90</ItemPrice>
      <UnitOfMeasurePrice>8.7250</UnitOfMeasurePrice>
      <AllowDiscount>1</AllowDiscount>
      <ItemStatus>1</ItemStatus>
      <ItemId>53882</ItemId>
    </Item>
    <Item>
      <PriceUpdateDate>2025-05-04 19:38:59</PriceUpdateDate>
      <ItemCode>80432402931</ItemCode>
      <ItemType>1</ItemType>
      <ItemName>ויסקי שיבאס ריגאל 12</ItemName>
      <ManufacturerName>,</ManufacturerName>
      <ManufactureCountry>לא ידוע</ManufactureCountry>
      <ManufacturerItemDescription>ויסקי שיבאס ריגאל 12 שנים 700 מל</ManufacturerItemDescription>
      <UnitQty>מיליליטרים</UnitQty>
      <Quantity>700.00</Quantity>
      <UnitOfMeasure>100 מ"ל</UnitOfMeasure>
      <bIsWeighted>0</bIsWeighted>
      <QtyInPackage>1</QtyInPackage>
      <ItemPrice>134.90</ItemPrice>
      <UnitOfMeasurePrice>19.2714</UnitOfMeasurePrice>
      <AllowDiscount>1</AllowDiscount>
      <ItemStatus>1</ItemStatus>
      <ItemId>53914</ItemId>
    </Item>
    <Item>
      <PriceUpdateDate>2025-11-09 14:54:57</PriceUpdateDate>
      <ItemCode>4006814072000</ItemCode>
      <ItemType>1</ItemType>
      <ItemName>סנטה שקית 200 גר</ItemName>
      <ManufacturerName>WAWI</ManufacturerName>
      <ManufactureCountry>לא ידוע</ManufactureCountry>
      <ManufacturerItemDescription>סנטה שקית 200 גר</ManufacturerItemDescription>
      <UnitQty>גרמים</UnitQty>
      <Quantity>200.00</Quantity>
      <UnitOfMeasure>100 גרם</UnitOfMeasure>
      <bIsWeighted>0</bIsWeighted>
      <QtyInPackage>1</QtyInPackage>
      <ItemPrice>26.90</ItemPrice>
      <UnitOfMeasurePrice>13.4500</UnitOfMeasurePrice>
      <AllowDiscount>1</AllowDiscount>
      <ItemStatus>1</ItemStatus>
      <ItemId>53924</ItemId>
    </Item>
    <Item>
      <PriceUpdateDate>2025-04-01 17:47:38</PriceUpdateDate>
      <ItemCode>8000040001106</ItemCode>
      <ItemType>1</ItemType>
      <ItemName>ליקר קמפרי 700 מל</ItemName>
      <ManufacturerName>,</ManufacturerName>
      <ManufactureCountry>לא ידוע</ManufactureCountry>
      <ManufacturerItemDescription>קמפרי 700 מל</ManufacturerItemDescription>
      <UnitQty>מיליליטרים</UnitQty>
      <Quantity>700.00</Quantity>
      <UnitOfMeasure>100 מ"ל</UnitOfMeasure>
      <bIsWeighted>0</bIsWeighted>
      <QtyInPackage>1</QtyInPackage>
      <ItemPrice>89.90</ItemPrice>
      <UnitOfMeasurePrice>12.8429</UnitOfMeasurePrice>
      <AllowDiscount>1</AllowDiscount>
      <ItemStatus>1</ItemStatus>
      <ItemId>53930</ItemId>
    </Item>
    <Item>
      <PriceUpdateDate>2023-12-31 12:48:45</PriceUpdateDate>
      <ItemCode>4820103341574</ItemCode>
      <ItemType>1</ItemType>
      <ItemName>חלב מרוכז 370 גר</ItemName>
      <ManufacturerName>,</ManufacturerName>
      <ManufactureCountry>לא ידוע</ManufactureCountry>
      <ManufacturerItemDescription>חלב מרוכז 400 גר"</ManufacturerItemDescription>
      <UnitQty>גרמים</UnitQty>
      <Quantity>370.00</Quantity>
      <UnitOfMeasure>100 גרם</UnitOfMeasure>
      <bIsWeighted>0</bIsWeighted>
      <QtyInPackage>1</QtyInPackage>
      <ItemPrice>11.90</ItemPrice>
      <UnitOfMeasurePrice>3.2162</UnitOfMeasurePrice>
      <AllowDiscount>1</AllowDiscount>
      <ItemStatus>1</ItemStatus>
      <ItemId>53976</ItemId>
    </Item>
    <Item>
      <PriceUpdateDate>2023-12-31 12:48:45</PriceUpdateDate>
      <ItemCode>5701215042391</ItemCode>
      <ItemType>1</ItemType>
      <ItemName>גבינת קממבר 125 גר</ItemName>
      <ManufacturerName>,</ManufacturerName>
      <ManufactureCountry>לא ידוע</ManufactureCountry>
      <ManufacturerItemDescription>גבינת "קממברט" 125 ג</ManufacturerItemDescription>
      <UnitQty>גרמים</UnitQty>
      <Quantity>125.00</Quantity>
      <UnitOfMeasure>100 גרם</UnitOfMeasure>
      <bIsWeighted>0</bIsWeighted>
      <QtyInPackage>1</QtyInPackage>
      <ItemPrice>19.90</ItemPrice>
      <UnitOfMeasurePrice>15.9200</UnitOfMeasurePrice>
      <AllowDiscount>1</AllowDiscount>
      <ItemStatus>1</ItemStatus>
      <ItemId>54013</ItemId>
    </Item>
    <Item>
      <PriceUpdateDate>2023-12-31 12:48:45</PriceUpdateDate>
      <ItemCode>5701215042407</ItemCode>
      <ItemType>1</ItemType>
      <ItemName>גבינת ברי 125 גר</ItemName>
      <ManufacturerName>,</ManufacturerName>
      <ManufactureCountry>לא ידוע</ManufactureCountry>
      <ManufacturerItemDescription>גבינת "ברי" 125 גר"</ManufacturerItemDescription>
      <UnitQty>גרמים</UnitQty>
      <Quantity>125.00</Quantity>
      <UnitOfMeasure>100 גרם</UnitOfMeasure>
      <bIsWeighted>0</bIsWeighted>
      <QtyInPackage>1</QtyInPackage>
      <ItemPrice>19.90</ItemPrice>
      <UnitOfMeasurePrice>15.9200</UnitOfMeasurePrice>
      <AllowDiscount>1</AllowDiscount>
      <ItemStatus>1</ItemStatus>
      <ItemId>54041</ItemId>
    </Item>
    <Item>
      <PriceUpdateDate>2024-11-11 14:56:12</PriceUpdateDate>
      <ItemCode>7290000001549</ItemCode>
      <ItemType>1</ItemType>
      <ItemName>בליק דרניצקי</ItemName>
      <ManufacturerName>מעדני מניה תעשיות בש</ManufacturerName>
      <ManufactureCountry>לא ידוע</ManufactureCountry>
      <ManufacturerItemDescription>בליק דרניצקי</ManufacturerItemDescription>
      <UnitQty>קילוגרמים</UnitQty>
      <Quantity>1.00</Quantity>
      <UnitOfMeasure>ק"ג</UnitOfMeasure>
      <bIsWeighted>1</bIsWeighted>
      <QtyInPackage>לא ידוע</QtyInPackage>
      <ItemPrice>209.00</ItemPrice>
      <UnitOfMeasurePrice>209.0000</UnitOfMeasurePrice>
      <AllowDiscount>1</AllowDiscount>
      <ItemStatus>1</ItemStatus>
      <ItemId>54054</ItemId>
    </Item>
    <Item>
      <PriceUpdateDate>2025-02-02 07:38:06</PriceUpdateDate>
      <ItemCode>7610400066037</ItemCode>
      <ItemType>1</ItemType>
      <ItemName>בונבוניירות לינדור ס</ItemName>
      <ManufacturerName>לינדט</ManufacturerName>
      <ManufactureCountry>לא ידוע</ManufactureCountry>
      <ManufacturerItemDescription>בונבוניירות "לינדור" סטרטצ"לה 200 גר</ManufacturerItemDescription>
      <UnitQty>גרמים</UnitQty>
      <Quantity>200.00</Quantity>
      <UnitOfMeasure>100 גרם</UnitOfMeasure>
      <bIsWeighted>0</bIsWeighted>
      <QtyInPackage>1</QtyInPackage>
      <ItemPrice>39.90</ItemPrice>
      <UnitOfMeasurePrice>19.9500</UnitOfMeasurePrice>
      <AllowDiscount>1</AllowDiscount>
      <ItemStatus>1</ItemStatus>
      <ItemId>54068</ItemId>
    </Item>
    <Item>
      <PriceUpdateDate>2023-12-31 12:48:46</PriceUpdateDate>
      <ItemCode>4607037437296</ItemCode>
      <ItemType>1</ItemType>
      <ItemName>פסטילה וניל 200 גר</ItemName>
      <ManufacturerName>NEVA</ManufacturerName>
      <ManufactureCountry>לא ידוע</ManufactureCountry>
      <ManufacturerItemDescription>פסטילה וניל 200 גרי</ManufacturerItemDescription>
      <UnitQty>גרמים</UnitQty>
      <Quantity>200.00</Quantity>
      <UnitOfMeasure>100 גרם</UnitOfMeasure>
      <bIsWeighted>0</bIsWeighted>
      <QtyInPackage>1</QtyInPackage>
      <ItemPrice>12.90</ItemPrice>
      <UnitOfMeasurePrice>6.4500</UnitOfMeasurePrice>
      <AllowDiscount>1</AllowDiscount>
      <ItemStatus>1</ItemStatus>
      <ItemId>54107</ItemId>
    </Item>
    <Item>
      <PriceUpdateDate>2025-02-02 07:38:36</PriceUpdateDate>
      <ItemCode>4603134002184</ItemCode>
      <ItemType>1</ItemType>
      <ItemName>כוסמת 800 גר</ItemName>
      <ManufacturerName>סויוזפישפרום</ManufacturerName>
      <ManufactureCountry>לא ידוע</ManufactureCountry>
      <ManufacturerItemDescription>כוסמת 800גר</ManufacturerItemDescription>
      <UnitQty>גרמים</UnitQty>
      <Quantity>800.00</Quantity>
      <UnitOfMeasure>100 גרם</UnitOfMeasure>
      <bIsWeighted>0</bIsWeighted>
      <QtyInPackage>1</QtyInPackage>
      <ItemPrice>12.90</ItemPrice>
      <UnitOfMeasurePrice>1.6125</UnitOfMeasurePrice>
      <AllowDiscount>1</AllowDiscount>
      <ItemStatus>1</ItemStatus>
      <ItemId>54133</ItemId>
    </Item>
    <Item>
      <PriceUpdateDate>2023-12-31 12:48:46</PriceUpdateDate>
      <ItemCode>4602481010033</ItemCode>
      <ItemType>1</ItemType>
      <ItemName>סולת 800 גר</ItemName>
      <ManufacturerName>סויוזפישפרום</ManufacturerName>
      <ManufactureCountry>לא ידוע</ManufactureCountry>
      <ManufacturerItemDescription>סולת 800גר</ManufacturerItemDescription>
      <UnitQty>גרמים</UnitQty>
      <Quantity>800.00</Quantity>
      <UnitOfMeasure>100 גרם</UnitOfMeasure>
      <bIsWeighted>0</bIsWeighted>
      <QtyInPackage>1</QtyInPackage>
      <ItemPrice>12.90</ItemPrice>
      <UnitOfMeasurePrice>1.6125</UnitOfMeasurePrice>
      <AllowDiscount>1</AllowDiscount>
      <ItemStatus>1</ItemStatus>
      <ItemId>54134</ItemId>
    </Item>
    <Item>
      <PriceUpdateDate>2024-11-27 12:44:57</PriceUpdateDate>
      <ItemCode>5010327325125</ItemCode>
      <ItemType>1</ItemType>
      <ItemName>ויסקי סולרה ריזרב 15</ItemName>
      <ManufacturerName>ויליאם גראנט</ManufacturerName>
      <ManufactureCountry>לא ידוע</ManufactureCountry>
      <ManufacturerItemDescription>וויסקי סולרה ריזרב 0.7ל</ManufacturerItemDescription>
      <UnitQty>מיליליטרים</UnitQty>
      <Quantity>700.00</Quantity>
      <UnitOfMeasure>100 מ"ל</UnitOfMeasure>
      <bIsWeighted>0</bIsWeighted>
      <QtyInPackage>1</QtyInPackage>
      <ItemPrice>269.90</ItemPrice>
      <UnitOfMeasurePrice>38.5571</UnitOfMeasurePrice>
      <AllowDiscount>1</AllowDiscount>
      <ItemStatus>1</ItemStatus>
      <ItemId>54161</ItemId>
    </Item>
    <Item>
      <PriceUpdateDate>2024-06-20 17:50:58</PriceUpdateDate>
      <ItemCode>5010327105215</ItemCode>
      <ItemType>1</ItemType>
      <ItemName>ויסקי מנקיי שולדר 70</ItemName>
      <ManufacturerName>ויליאם גראנט</ManufacturerName>
      <ManufactureCountry>לא ידוע</ManufactureCountry>
      <ManufacturerItemDescription>וויסקי מוניק שולדר 0.7ל</ManufacturerItemDescription>
      <UnitQty>מיליליטרים</UnitQty>
      <Quantity>700.00</Quantity>
      <UnitOfMeasure>100 מ"ל</UnitOfMeasure>
      <bIsWeighted>0</bIsWeighted>
      <QtyInPackage>1</QtyInPackage>
      <ItemPrice>149.90</ItemPrice>
      <UnitOfMeasurePrice>21.4143</UnitOfMeasurePrice>
      <AllowDiscount>1</AllowDiscount>
      <ItemStatus>1</ItemStatus>
      <ItemId>54163</ItemId>
    </Item>
    <Item>
      <PriceUpdateDate>2024-09-02 11:04:24</PriceUpdateDate>
      <ItemCode>3035542004206</ItemCode>
      <ItemType>1</ItemType>
      <ItemName>ליקר קואטרו 700 מל</ItemName>
      <ManufacturerName>רמי קואנטרו</ManufacturerName>
      <ManufactureCountry>לא ידוע</ManufactureCountry>
      <ManufacturerItemDescription>ליקר קואטרו 0.7ל</ManufacturerItemDescription>
      <UnitQty>מיליליטרים</UnitQty>
      <Quantity>700.00</Quantity>
      <UnitOfMeasure>100 מ"ל</UnitOfMeasure>
      <bIsWeighted>0</bIsWeighted>
      <QtyInPackage>1</QtyInPackage>
      <ItemPrice>139.90</ItemPrice>
      <UnitOfMeasurePrice>19.9857</UnitOfMeasurePrice>
      <AllowDiscount>1</AllowDiscount>
      <ItemStatus>1</ItemStatus>
      <ItemId>54168</ItemId>
    </Item>
    <Item>
      <PriceUpdateDate>2023-12-31 12:48:46</PriceUpdateDate>
      <ItemCode>8411423041105</ItemCode>
      <ItemType>1</ItemType>
      <ItemName>יין סרו אניון קריאנז</ItemName>
      <ManufacturerName>ספרד בודגס אולארה</ManufacturerName>
      <ManufactureCountry>לא ידוע</ManufactureCountry>
      <ManufacturerItemDescription>יין סרו אניון קריאנזה 0.75ל</ManufacturerItemDescription>
      <UnitQty>מיליליטרים</UnitQty>
      <Quantity>750.00</Quantity>
      <UnitOfMeasure>100 מ"ל</UnitOfMeasure>
      <bIsWeighted>0</bIsWeighted>
      <QtyInPackage>1</QtyInPackage>
      <ItemPrice>55.90</ItemPrice>
      <UnitOfMeasurePrice>7.4533</UnitOfMeasurePrice>
      <AllowDiscount>1</AllowDiscount>
      <ItemStatus>1</ItemStatus>
      <ItemId>54172</ItemId>
    </Item>
    <Item>
      <PriceUpdateDate>2023-12-31 12:48:46</PriceUpdateDate>
      <ItemCode>3760040421261</ItemCode>
      <ItemType>1</ItemType>
      <ItemName>יין פול מאס רוזה סיר</ItemName>
      <ManufacturerName>פול מאס</ManufacturerName>
      <ManufactureCountry>לא ידוע</ManufactureCountry>
      <ManufacturerItemDescription>יין פול מאס רוזה סירה 0.75ל</ManufacturerItemDescription>
      <UnitQty>מיליליטרים</UnitQty>
      <Quantity>750.00</Quantity>
      <UnitOfMeasure>100 מ"ל</UnitOfMeasure>
      <bIsWeighted>0</bIsWeighted>
      <QtyInPackage>1</QtyInPackage>
      <ItemPrice>49.90</ItemPrice>
      <UnitOfMeasurePrice>6.6533</UnitOfMeasurePrice>
      <AllowDiscount>1</AllowDiscount>
      <ItemStatus>1</ItemStatus>
      <ItemId>54175</ItemId>
    </Item>
    <Item>
      <PriceUpdateDate>2025-08-12 12:29:43</PriceUpdateDate>
      <ItemCode>4607117891802</ItemCode>
      <ItemType>1</ItemType>
      <ItemName>סוכ קרא קום 250 גר</ItemName>
      <ManufacturerName>רוט פרונט</ManufacturerName>
      <ManufactureCountry>לא ידוע</ManufactureCountry>
      <ManufacturerItemDescription>סוכ קרא קום 250 גר</ManufacturerItemDescription>
      <UnitQty>גרמים</UnitQty>
      <Quantity>250.00</Quantity>
      <UnitOfMeasure>100 גרם</UnitOfMeasure>
      <bIsWeighted>0</bIsWeighted>
      <QtyInPackage>1</QtyInPackage>
      <ItemPrice>25.90</ItemPrice>
      <UnitOfMeasurePrice>10.3600</UnitOfMeasurePrice>
      <AllowDiscount>1</AllowDiscount>
      <ItemStatus>1</ItemStatus>
      <ItemId>54230</ItemId>
    </Item>
    <Item>
      <PriceUpdateDate>2023-12-31 12:48:46</PriceUpdateDate>
      <ItemCode>4640001890031</ItemCode>
      <ItemType>1</ItemType>
      <ItemName>סודה לשתיה 500 גר</ItemName>
      <ManufacturerName>או או או בשקיריה</ManufacturerName>
      <ManufactureCountry>לא ידוע</ManufactureCountry>
      <ManufacturerItemDescription>סודה לשתיה 500 גר"</ManufacturerItemDescription>
      <UnitQty>גרמים</UnitQty>
      <Quantity>500.00</Quantity>
      <UnitOfMeasure>100 גרם</UnitOfMeasure>
      <bIsWeighted>0</bIsWeighted>
      <QtyInPackage>1</QtyInPackage>
      <ItemPrice>8.90</ItemPrice>
      <UnitOfMeasurePrice>1.7800</UnitOfMeasurePrice>
      <AllowDiscount>1</AllowDiscount>
      <ItemStatus>1</ItemStatus>
      <ItemId>54233</ItemId>
    </Item>
    <Item>
      <PriceUpdateDate>2024-11-06 16:48:28</PriceUpdateDate>
      <ItemCode>4607117890690</ItemCode>
      <ItemType>1</ItemType>
      <ItemName>סוכ רומשקי 250 גר</ItemName>
      <ManufacturerName>רוט פרונט</ManufacturerName>
      <ManufactureCountry>לא ידוע</ManufactureCountry>
      <ManufacturerItemDescription>סוכ רומשקי 250גר</ManufacturerItemDescription>
      <UnitQty>גרמים</UnitQty>
      <Quantity>250.00</Quantity>
      <UnitOfMeasure>100 גרם</UnitOfMeasure>
      <bIsWeighted>0</bIsWeighted>
      <QtyInPackage>1</QtyInPackage>
      <ItemPrice>15.90</ItemPrice>
      <UnitOfMeasurePrice>6.3600</UnitOfMeasurePrice>
      <AllowDiscount>1</AllowDiscount>
      <ItemStatus>1</ItemStatus>
      <ItemId>54259</ItemId>
    </Item>
    <Item>
      <PriceUpdateDate>2023-12-31 12:48:47</PriceUpdateDate>
      <ItemCode>8858271004799</ItemCode>
      <ItemType>1</ItemType>
      <ItemName>רוטב צילי מתוק 700 מ</ItemName>
      <ManufacturerName>Yan Wal Yun Corpora</ManufacturerName>
      <ManufactureCountry>לא ידוע</ManufactureCountry>
      <ManufacturerItemDescription>רוטב צילי מתוק 700 מ"ל</ManufacturerItemDescription>
      <UnitQty>מיליליטרים</UnitQty>
      <Quantity>700.00</Quantity>
      <UnitOfMeasure>100 מ"ל</UnitOfMeasure>
      <bIsWeighted>0</bIsWeighted>
      <QtyInPackage>1</QtyInPackage>
      <ItemPrice>13.90</ItemPrice>
      <UnitOfMeasurePrice>1.9857</UnitOfMeasurePrice>
      <AllowDiscount>1</AllowDiscount>
      <ItemStatus>1</ItemStatus>
      <ItemId>54286</ItemId>
    </Item>
    <Item>
      <PriceUpdateDate>2025-04-08 18:05:22</PriceUpdateDate>
      <ItemCode>4607117890720</ItemCode>
      <ItemType>1</ItemType>
      <ItemName>פרלין שוקולד מסקה 25</ItemName>
      <ManufacturerName>רוט פרונט</ManufacturerName>
      <ManufactureCountry>לא ידוע</ManufactureCountry>
      <ManufacturerItemDescription>פרלין שוקולד מסקה 250גר</ManufacturerItemDescription>
      <UnitQty>גרמים</UnitQty>
      <Quantity>250.00</Quantity>
      <UnitOfMeasure>100 גרם</UnitOfMeasure>
      <bIsWeighted>0</bIsWeighted>
      <QtyInPackage>1</QtyInPackage>
      <ItemPrice>18.90</ItemPrice>
      <UnitOfMeasurePrice>7.5600</UnitOfMeasurePrice>
      <AllowDiscount>1</AllowDiscount>
      <ItemStatus>1</ItemStatus>
      <ItemId>54288</ItemId>
    </Item>
    <Item>
      <PriceUpdateDate>2025-04-08 18:05:22</PriceUpdateDate>
      <ItemCode>4600823320062</ItemCode>
      <ItemType>1</ItemType>
      <ItemName>סוכריות קרמל בטעם תו</ItemName>
      <ManufacturerName>בבייבסקי</ManufacturerName>
      <ManufactureCountry>לא ידוע</ManufactureCountry>
      <ManufacturerItemDescription>סוכריות קרמל בטעם תות שמנת 250 גר</ManufacturerItemDescription>
      <UnitQty>גרמים</UnitQty>
      <Quantity>250.00</Quantity>
      <UnitOfMeasure>100 גרם</UnitOfMeasure>
      <bIsWeighted>0</bIsWeighted>
      <QtyInPackage>1</QtyInPackage>
      <ItemPrice>9.90</ItemPrice>
      <UnitOfMeasurePrice>3.9600</UnitOfMeasurePrice>
      <AllowDiscount>1</AllowDiscount>
      <ItemStatus>1</ItemStatus>
      <ItemId>54289</ItemId>
    </Item>
    <Item>
      <PriceUpdateDate>2025-08-12 12:29:43</PriceUpdateDate>
      <ItemCode>4607117890713</ItemCode>
      <ItemType>1</ItemType>
      <ItemName>פרלין קראסני מאק 250</ItemName>
      <ManufacturerName>רוט פרונט</ManufacturerName>
      <ManufactureCountry>לא ידוע</ManufactureCountry>
      <ManufacturerItemDescription>פרלין קראסני מאק 250גר</ManufacturerItemDescription>
      <UnitQty>גרמים</UnitQty>
      <Quantity>250.00</Quantity>
      <UnitOfMeasure>100 גרם</UnitOfMeasure>
      <bIsWeighted>0</bIsWeighted>
      <QtyInPackage>1</QtyInPackage>
      <ItemPrice>22.90</ItemPrice>
      <UnitOfMeasurePrice>9.1600</UnitOfMeasurePrice>
      <AllowDiscount>1</AllowDiscount>
      <ItemStatus>1</ItemStatus>
      <ItemId>54290</ItemId>
    </Item>
    <Item>
      <PriceUpdateDate>2024-11-11 14:58:38</PriceUpdateDate>
      <ItemCode>4840008008624</ItemCode>
      <ItemType>1</ItemType>
      <ItemName>סושקה מיני פרנזלוטה</ItemName>
      <ManufacturerName>FRANZELUTA</ManufacturerName>
      <ManufactureCountry>לא ידוע</ManufactureCountry>
      <ManufacturerItemDescription>סושקה מיניע פרנזלוטה לוביטלסקייה 500גר</ManufacturerItemDescription>
      <UnitQty>גרמים</UnitQty>
      <Quantity>500.00</Quantity>
      <UnitOfMeasure>100 גרם</UnitOfMeasure>
      <bIsWeighted>0</bIsWeighted>
      <QtyInPackage>1</QtyInPackage>
      <ItemPrice>12.90</ItemPrice>
      <UnitOfMeasurePrice>2.5800</UnitOfMeasurePrice>
      <AllowDiscount>1</AllowDiscount>
      <ItemStatus>1</ItemStatus>
      <ItemId>54301</ItemId>
    </Item>
    <Item>
      <PriceUpdateDate>2024-11-11 14:58:39</PriceUpdateDate>
      <ItemCode>4840008000987</ItemCode>
      <ItemType>1</ItemType>
      <ItemName>סושקה פרנזלוטה בטעם</ItemName>
      <ManufacturerName>FRANZELUTA</ManufacturerName>
      <ManufactureCountry>לא ידוע</ManufactureCountry>
      <ManufacturerItemDescription>סושקה  פרנזלוטה בטעם וניל 500גר</ManufacturerItemDescription>
      <UnitQty>גרמים</UnitQty>
      <Quantity>500.00</Quantity>
      <UnitOfMeasure>100 גרם</UnitOfMeasure>
      <bIsWeighted>0</bIsWeighted>
      <QtyInPackage>1</QtyInPackage>
      <ItemPrice>12.90</ItemPrice>
      <UnitOfMeasurePrice>2.5800</UnitOfMeasurePrice>
      <AllowDiscount>1</AllowDiscount>
      <ItemStatus>1</ItemStatus>
      <ItemId>54302</ItemId>
    </Item>
    <Item>
      <PriceUpdateDate>2024-03-03 08:54:23</PriceUpdateDate>
      <ItemCode>4860019001414</ItemCode>
      <ItemType>1</ItemType>
      <ItemName>מים מינירליים בורגומ</ItemName>
      <ManufacturerName>BORJOMI</ManufacturerName>
      <ManufactureCountry>לא ידוע</ManufactureCountry>
      <ManufacturerItemDescription>מים מינירליים בורגומי 750מל</ManufacturerItemDescription>
      <UnitQty>מיליליטרים</UnitQty>
      <Quantity>750.00</Quantity>
      <UnitOfMeasure>100 מ"ל</UnitOfMeasure>
      <bIsWeighted>0</bIsWeighted>
      <QtyInPackage>1</QtyInPackage>
      <ItemPrice>9.90</ItemPrice>
      <UnitOfMeasurePrice>1.3200</UnitOfMeasurePrice>
      <AllowDiscount>1</AllowDiscount>
      <ItemStatus>1</ItemStatus>
      <ItemId>54306</ItemId>
    </Item>
    <Item>
      <PriceUpdateDate>2024-03-03 08:54:23</PriceUpdateDate>
      <ItemCode>4860004073105</ItemCode>
      <ItemType>1</ItemType>
      <ItemName>יין גרוזיני קינזמראו</ItemName>
      <ManufacturerName>GWS</ManufacturerName>
      <ManufactureCountry>לא ידוע</ManufactureCountry>
      <ManufacturerItemDescription>יין גרוזיני קינזמראולי 750מל</ManufacturerItemDescription>
      <UnitQty>מיליליטרים</UnitQty>
      <Quantity>750.00</Quantity>
      <UnitOfMeasure>100 מ"ל</UnitOfMeasure>
      <bIsWeighted>0</bIsWeighted>
      <QtyInPackage>1</QtyInPackage>
      <ItemPrice>44.90</ItemPrice>
      <UnitOfMeasurePrice>5.9867</UnitOfMeasurePrice>
      <AllowDiscount>1</AllowDiscount>
      <ItemStatus>1</ItemStatus>
      <ItemId>54309</ItemId>
    </Item>
    <Item>
      <PriceUpdateDate>2024-03-03 08:54:23</PriceUpdateDate>
      <ItemCode>4860004070173</ItemCode>
      <ItemType>1</ItemType>
      <ItemName>יין גרוזיני אלזאני א</ItemName>
      <ManufacturerName>GWS</ManufacturerName>
      <ManufactureCountry>לא ידוע</ManufactureCountry>
      <ManufacturerItemDescription>יין גרוזיני אלזאני אדום 750מל</ManufacturerItemDescription>
      <UnitQty>מיליליטרים</UnitQty>
      <Quantity>750.00</Quantity>
      <UnitOfMeasure>100 מ"ל</UnitOfMeasure>
      <bIsWeighted>0</bIsWeighted>
      <QtyInPackage>1</QtyInPackage>
      <ItemPrice>44.90</ItemPrice>
      <UnitOfMeasurePrice>5.9867</UnitOfMeasurePrice>
      <AllowDiscount>1</AllowDiscount>
      <ItemStatus>1</ItemStatus>
      <ItemId>54310</ItemId>
    </Item>
    <Item>
      <PriceUpdateDate>2023-12-31 12:48:47</PriceUpdateDate>
      <ItemCode>7290003094127</ItemCode>
      <ItemType>1</ItemType>
      <ItemName>קוויאר פחיות צארסקיה</ItemName>
      <ManufacturerName>א.ר.ד.י.ו</ManufacturerName>
      <ManufactureCountry>לא ידוע</ManufactureCountry>
      <ManufacturerItemDescription>קוויאר פחיות צארסקיה 190 גר</ManufacturerItemDescription>
      <UnitQty>גרמים</UnitQty>
      <Quantity>190.00</Quantity>
      <UnitOfMeasure>100 גרם</UnitOfMeasure>
      <bIsWeighted>0</bIsWeighted>
      <QtyInPackage>1</QtyInPackage>
      <ItemPrice>79.90</ItemPrice>
      <UnitOfMeasurePrice>42.0526</UnitOfMeasurePrice>
      <AllowDiscount>1</AllowDiscount>
      <ItemStatus>1</ItemStatus>
      <ItemId>54404</ItemId>
    </Item>
    <Item>
      <PriceUpdateDate>2024-11-22 08:30:11</PriceUpdateDate>
      <ItemCode>4601780010676</ItemCode>
      <ItemType>1</ItemType>
      <ItemName>גריסי פנינה 400 גר</ItemName>
      <ManufacturerName>מקפה</ManufacturerName>
      <ManufactureCountry>לא ידוע</ManufactureCountry>
      <ManufacturerItemDescription>גריסי פנינה 400 גר</ManufacturerItemDescription>
      <UnitQty>גרמים</UnitQty>
      <Quantity>400.00</Quantity>
      <UnitOfMeasure>100 גרם</UnitOfMeasure>
      <bIsWeighted>0</bIsWeighted>
      <QtyInPackage>1</QtyInPackage>
      <ItemPrice>8.90</ItemPrice>
      <UnitOfMeasurePrice>2.2250</UnitOfMeasurePrice>
      <AllowDiscount>1</AllowDiscount>
      <ItemStatus>1</ItemStatus>
      <ItemId>54461</ItemId>
    </Item>
    <Item>
      <PriceUpdateDate>2025-02-02 07:39:54</PriceUpdateDate>
      <ItemCode>16107</ItemCode>
      <ItemType>0</ItemType>
      <ItemName>קבב רומני</ItemName>
      <ManufacturerName>,</ManufacturerName>
      <ManufactureCountry>לא ידוע</ManufactureCountry>
      <ManufacturerItemDescription>קבב רומני</ManufacturerItemDescription>
      <UnitQty>קילוגרמים</UnitQty>
      <Quantity>1.00</Quantity>
      <UnitOfMeasure>ק"ג</UnitOfMeasure>
      <bIsWeighted>1</bIsWeighted>
      <QtyInPackage>לא ידוע</QtyInPackage>
      <ItemPrice>119.00</ItemPrice>
      <UnitOfMeasurePrice>119.0000</UnitOfMeasurePrice>
      <AllowDiscount>1</AllowDiscount>
      <ItemStatus>1</ItemStatus>
      <ItemId>54469</ItemId>
    </Item>
    <Item>
      <PriceUpdateDate>2024-11-27 12:33:48</PriceUpdateDate>
      <ItemCode>7290000023083</ItemCode>
      <ItemType>1</ItemType>
      <ItemName>ערק אשקלון 700 מל</ItemName>
      <ManufacturerName>,</ManufacturerName>
      <ManufactureCountry>לא ידוע</ManufactureCountry>
      <ManufacturerItemDescription>ערק אשקלון 700 מ"ל</ManufacturerItemDescription>
      <UnitQty>מיליליטרים</UnitQty>
      <Quantity>700.00</Quantity>
      <UnitOfMeasure>100 מ"ל</UnitOfMeasure>
      <bIsWeighted>0</bIsWeighted>
      <QtyInPackage>1</QtyInPackage>
      <ItemPrice>55.90</ItemPrice>
      <UnitOfMeasurePrice>7.9857</UnitOfMeasurePrice>
      <AllowDiscount>1</AllowDiscount>
      <ItemStatus>1</ItemStatus>
      <ItemId>54471</ItemId>
    </Item>
    <Item>
      <PriceUpdateDate>2025-01-16 09:03:52</PriceUpdateDate>
      <ItemCode>4604248012618</ItemCode>
      <ItemType>1</ItemType>
      <ItemName>חרדל רוסקיה 190 גר</ItemName>
      <ManufacturerName>אסן פרודקשן</ManufacturerName>
      <ManufactureCountry>לא ידוע</ManufactureCountry>
      <ManufacturerItemDescription>חרדל "רוסקיה" 190 גר</ManufacturerItemDescription>
      <UnitQty>גרמים</UnitQty>
      <Quantity>190.00</Quantity>
      <UnitOfMeasure>100 גרם</UnitOfMeasure>
      <bIsWeighted>0</bIsWeighted>
      <QtyInPackage>1</QtyInPackage>
      <ItemPrice>8.90</ItemPrice>
      <UnitOfMeasurePrice>4.6842</UnitOfMeasurePrice>
      <AllowDiscount>1</AllowDiscount>
      <ItemStatus>1</ItemStatus>
      <ItemId>54501</ItemId>
    </Item>
    <Item>
      <PriceUpdateDate>2025-01-16 09:03:52</PriceUpdateDate>
      <ItemCode>4604248012601</ItemCode>
      <ItemType>1</ItemType>
      <ItemName>חזרת 190 גר</ItemName>
      <ManufacturerName>אסן פרודקשן</ManufacturerName>
      <ManufactureCountry>לא ידוע</ManufactureCountry>
      <ManufacturerItemDescription>חזרת 190 גר</ManufacturerItemDescription>
      <UnitQty>גרמים</UnitQty>
      <Quantity>190.00</Quantity>
      <UnitOfMeasure>100 גרם</UnitOfMeasure>
      <bIsWeighted>0</bIsWeighted>
      <QtyInPackage>1</QtyInPackage>
      <ItemPrice>12.90</ItemPrice>
      <UnitOfMeasurePrice>6.7895</UnitOfMeasurePrice>
      <AllowDiscount>1</AllowDiscount>
      <ItemStatus>1</ItemStatus>
      <ItemId>54502</ItemId>
    </Item>
    <Item>
      <PriceUpdateDate>2023-12-31 12:48:49</PriceUpdateDate>
      <ItemCode>7290013720771</ItemCode>
      <ItemType>1</ItemType>
      <ItemName>שרימפס בייבי 500 גר</ItemName>
      <ManufacturerName>,</ManufacturerName>
      <ManufactureCountry>לא ידוע</ManufactureCountry>
      <ManufacturerItemDescription>שרימפס בייבי 500גר</ManufacturerItemDescription>
      <UnitQty>גרמים</UnitQty>
      <Quantity>500.00</Quantity>
      <UnitOfMeasure>100 גרם</UnitOfMeasure>
      <bIsWeighted>0</bIsWeighted>
      <QtyInPackage>1</QtyInPackage>
      <ItemPrice>38.90</ItemPrice>
      <UnitOfMeasurePrice>7.7800</UnitOfMeasurePrice>
      <AllowDiscount>1</AllowDiscount>
      <ItemStatus>1</ItemStatus>
      <ItemId>54560</ItemId>
    </Item>
    <Item>
      <PriceUpdateDate>2023-12-31 12:48:49</PriceUpdateDate>
      <ItemCode>7290012251511</ItemCode>
      <ItemType>1</ItemType>
      <ItemName>דג קט קוביות קפוא 50</ItemName>
      <ManufacturerName>,</ManufacturerName>
      <ManufactureCountry>לא ידוע</ManufactureCountry>
      <ManufacturerItemDescription>דג קט קוביות קפוא 500גר</ManufacturerItemDescription>
      <UnitQty>גרמים</UnitQty>
      <Quantity>500.00</Quantity>
      <UnitOfMeasure>100 גרם</UnitOfMeasure>
      <bIsWeighted>0</bIsWeighted>
      <QtyInPackage>1</QtyInPackage>
      <ItemPrice>19.90</ItemPrice>
      <UnitOfMeasurePrice>3.9800</UnitOfMeasurePrice>
      <AllowDiscount>1</AllowDiscount>
      <ItemStatus>1</ItemStatus>
      <ItemId>54565</ItemId>
    </Item>
    <Item>
      <PriceUpdateDate>2023-12-31 12:48:49</PriceUpdateDate>
      <ItemCode>5901064764455</ItemCode>
      <ItemType>1</ItemType>
      <ItemName>יין טוטינו ליים 1 ל</ItemName>
      <ManufacturerName>VINPOL</ManufacturerName>
      <ManufactureCountry>לא ידוע</ManufactureCountry>
      <ManufacturerItemDescription>יין "טוטינו" ליים 1ל</ManufacturerItemDescription>
      <UnitQty>ליטרים</UnitQty>
      <Quantity>1.00</Quantity>
      <UnitOfMeasure>ליטר    </UnitOfMeasure>
      <bIsWeighted>0</bIsWeighted>
      <QtyInPackage>1</QtyInPackage>
      <ItemPrice>39.90</ItemPrice>
      <UnitOfMeasurePrice>39.9000</UnitOfMeasurePrice>
      <AllowDiscount>1</AllowDiscount>
      <ItemStatus>1</ItemStatus>
      <ItemId>54566</ItemId>
    </Item>
    <Item>
      <PriceUpdateDate>2024-11-25 08:44:16</PriceUpdateDate>
      <ItemCode>4607012351005</ItemCode>
      <ItemType>1</ItemType>
      <ItemName>גרעיני חמנייה מרטין</ItemName>
      <ManufacturerName>MARTIN</ManufacturerName>
      <ManufactureCountry>לא ידוע</ManufactureCountry>
      <ManufacturerItemDescription>גרעיני חמנייה מרטין 200גר</ManufacturerItemDescription>
      <UnitQty>גרמים</UnitQty>
      <Quantity>200.00</Quantity>
      <UnitOfMeasure>100 גרם</UnitOfMeasure>
      <bIsWeighted>0</bIsWeighted>
      <QtyInPackage>1</QtyInPackage>
      <ItemPrice>13.90</ItemPrice>
      <UnitOfMeasurePrice>6.9500</UnitOfMeasurePrice>
      <AllowDiscount>1</AllowDiscount>
      <ItemStatus>1</ItemStatus>
      <ItemId>54617</ItemId>
    </Item>
    <Item>
      <PriceUpdateDate>2024-01-02 00:48:07</PriceUpdateDate>
      <ItemCode>7290001361894</ItemCode>
      <ItemType>1</ItemType>
      <ItemName>עוגת טרפלס שוקולד 45</ItemName>
      <ManufacturerName>נטלי פלוס</ManufacturerName>
      <ManufactureCountry>לא ידוע</ManufactureCountry>
      <ManufacturerItemDescription>עוגת טרפלס שוקולד 450גר</ManufacturerItemDescription>
      <UnitQty>גרמים</UnitQty>
      <Quantity>450.00</Quantity>
      <UnitOfMeasure>100 גרם</UnitOfMeasure>
      <bIsWeighted>0</bIsWeighted>
      <QtyInPackage>1</QtyInPackage>
      <ItemPrice>44.90</ItemPrice>
      <UnitOfMeasurePrice>9.9778</UnitOfMeasurePrice>
      <AllowDiscount>1</AllowDiscount>
      <ItemStatus>1</ItemStatus>
      <ItemId>54662</ItemId>
    </Item>
    <Item>
      <PriceUpdateDate>2025-04-01 17:47:38</PriceUpdateDate>
      <ItemCode>5011013500680</ItemCode>
      <ItemType>1</ItemType>
      <ItemName>ליקר שרידנס 700 מל</ItemName>
      <ManufacturerName>,</ManufacturerName>
      <ManufactureCountry>לא ידוע</ManufactureCountry>
      <ManufacturerItemDescription>ליקר שרידנס 700 מל</ManufacturerItemDescription>
      <UnitQty>מיליליטרים</UnitQty>
      <Quantity>700.00</Quantity>
      <UnitOfMeasure>100 מ"ל</UnitOfMeasure>
      <bIsWeighted>0</bIsWeighted>
      <QtyInPackage>1</QtyInPackage>
      <ItemPrice>119.90</ItemPrice>
      <UnitOfMeasurePrice>17.1286</UnitOfMeasurePrice>
      <AllowDiscount>1</AllowDiscount>
      <ItemStatus>1</ItemStatus>
      <ItemId>54666</ItemId>
    </Item>
    <Item>
      <PriceUpdateDate>2024-07-25 14:00:33</PriceUpdateDate>
      <ItemCode>17409</ItemCode>
      <ItemType>0</ItemType>
      <ItemName>שומן טלה</ItemName>
      <ManufacturerName>בית מטבחיים דבאח</ManufacturerName>
      <ManufactureCountry>לא ידוע</ManufactureCountry>
      <ManufacturerItemDescription>שוק טלה מפורק עם עצם</ManufacturerItemDescription>
      <UnitQty>קילוגרמים</UnitQty>
      <Quantity>1.00</Quantity>
      <UnitOfMeasure>ק"ג</UnitOfMeasure>
      <bIsWeighted>1</bIsWeighted>
      <QtyInPackage>לא ידוע</QtyInPackage>
      <ItemPrice>79.90</ItemPrice>
      <UnitOfMeasurePrice>79.9000</UnitOfMeasurePrice>
      <AllowDiscount>1</AllowDiscount>
      <ItemStatus>1</ItemStatus>
      <ItemId>54678</ItemId>
    </Item>
    <Item>
      <PriceUpdateDate>2023-12-31 12:48:49</PriceUpdateDate>
      <ItemCode>3147690014607</ItemCode>
      <ItemType>1</ItemType>
      <ItemName>יין פורט קאלווארש דר</ItemName>
      <ManufacturerName>דרוז</ManufacturerName>
      <ManufactureCountry>לא ידוע</ManufactureCountry>
      <ManufacturerItemDescription>יין פורט דרוז ברדינה</ManufacturerItemDescription>
      <UnitQty>מיליליטרים</UnitQty>
      <Quantity>750.00</Quantity>
      <UnitOfMeasure>100 מ"ל</UnitOfMeasure>
      <bIsWeighted>0</bIsWeighted>
      <QtyInPackage>1</QtyInPackage>
      <ItemPrice>54.90</ItemPrice>
      <UnitOfMeasurePrice>7.3200</UnitOfMeasurePrice>
      <AllowDiscount>1</AllowDiscount>
      <ItemStatus>1</ItemStatus>
      <ItemId>54683</ItemId>
    </Item>
    <Item>
      <PriceUpdateDate>2024-11-06 16:48:28</PriceUpdateDate>
      <ItemCode>4607041310035</ItemCode>
      <ItemType>1</ItemType>
      <ItemName>גרעיני חמנייה קלויים</ItemName>
      <ManufacturerName>אגרורוספטרו</ManufacturerName>
      <ManufactureCountry>לא ידוע</ManufactureCountry>
      <ManufacturerItemDescription>גרעיני חמנייה קלויים 300גר</ManufacturerItemDescription>
      <UnitQty>גרמים</UnitQty>
      <Quantity>300.00</Quantity>
      <UnitOfMeasure>100 גרם</UnitOfMeasure>
      <bIsWeighted>0</bIsWeighted>
      <QtyInPackage>1</QtyInPackage>
      <ItemPrice>12.90</ItemPrice>
      <UnitOfMeasurePrice>4.3000</UnitOfMeasurePrice>
      <AllowDiscount>1</AllowDiscount>
      <ItemStatus>1</ItemStatus>
      <ItemId>54687</ItemId>
    </Item>
    <Item>
      <PriceUpdateDate>2023-12-31 12:48:49</PriceUpdateDate>
      <ItemCode>16116</ItemCode>
      <ItemType>0</ItemType>
      <ItemName>מנה עסקית</ItemName>
      <ManufacturerName>,</ManufacturerName>
      <ManufactureCountry>לא ידוע</ManufactureCountry>
      <ManufacturerItemDescription>מנה עסקית</ManufacturerItemDescription>
      <UnitQty>Unknown </UnitQty>
      <Quantity>0.00</Quantity>
      <UnitOfMeasure>Unknown </UnitOfMeasure>
      <bIsWeighted>0</bIsWeighted>
      <QtyInPackage>1</QtyInPackage>
      <ItemPrice>39.00</ItemPrice>
      <UnitOfMeasurePrice>0.0000</UnitOfMeasurePrice>
      <AllowDiscount>1</AllowDiscount>
      <ItemStatus>1</ItemStatus>
      <ItemId>54697</ItemId>
    </Item>
    <Item>
      <PriceUpdateDate>2023-12-31 12:48:49</PriceUpdateDate>
      <ItemCode>16117</ItemCode>
      <ItemType>0</ItemType>
      <ItemName>מנה עסקית 2</ItemName>
      <ManufacturerName>,</ManufacturerName>
      <ManufactureCountry>לא ידוע</ManufactureCountry>
      <ManufacturerItemDescription>מנה לאירוע</ManufacturerItemDescription>
      <UnitQty>Unknown </UnitQty>
      <Quantity>0.00</Quantity>
      <UnitOfMeasure>Unknown </UnitOfMeasure>
      <bIsWeighted>0</bIsWeighted>
      <QtyInPackage>1</QtyInPackage>
      <ItemPrice>49.00</ItemPrice>
      <UnitOfMeasurePrice>0.0000</UnitOfMeasurePrice>
      <AllowDiscount>1</AllowDiscount>
      <ItemStatus>1</ItemStatus>
      <ItemId>54698</ItemId>
    </Item>
    <Item>
      <PriceUpdateDate>2024-11-03 13:30:29</PriceUpdateDate>
      <ItemCode>4810168025793</ItemCode>
      <ItemType>1</ItemType>
      <ItemName>ביצי דג זהבנון מומלח</ItemName>
      <ManufacturerName>,</ManufacturerName>
      <ManufactureCountry>לא ידוע</ManufactureCountry>
      <ManufacturerItemDescription>ביצי דג זהבנון מומלח מצונן 130 גר</ManufacturerItemDescription>
      <UnitQty>גרמים</UnitQty>
      <Quantity>130.00</Quantity>
      <UnitOfMeasure>100 גרם</UnitOfMeasure>
      <bIsWeighted>0</bIsWeighted>
      <QtyInPackage>1</QtyInPackage>
      <ItemPrice>18.90</ItemPrice>
      <UnitOfMeasurePrice>14.5385</UnitOfMeasurePrice>
      <AllowDiscount>1</AllowDiscount>
      <ItemStatus>1</ItemStatus>
      <ItemId>54717</ItemId>
    </Item>
    <Item>
      <PriceUpdateDate>2024-11-03 13:30:29</PriceUpdateDate>
      <ItemCode>4810168024260</ItemCode>
      <ItemType>1</ItemType>
      <ItemName>ביצי דג שיבוט מומלח</ItemName>
      <ManufacturerName>,</ManufacturerName>
      <ManufactureCountry>לא ידוע</ManufactureCountry>
      <ManufacturerItemDescription>ביצי דג שיבוט מומלח מצונן 130 גר</ManufacturerItemDescription>
      <UnitQty>גרמים</UnitQty>
      <Quantity>130.00</Quantity>
      <UnitOfMeasure>100 גרם</UnitOfMeasure>
      <bIsWeighted>0</bIsWeighted>
      <QtyInPackage>1</QtyInPackage>
      <ItemPrice>18.90</ItemPrice>
      <UnitOfMeasurePrice>14.5385</UnitOfMeasurePrice>
      <AllowDiscount>1</AllowDiscount>
      <ItemStatus>1</ItemStatus>
      <ItemId>54718</ItemId>
    </Item>
    <Item>
      <PriceUpdateDate>2023-12-31 12:48:50</PriceUpdateDate>
      <ItemCode>7290013220899</ItemCode>
      <ItemType>1</ItemType>
      <ItemName>תות שדה קפוא 500 גר</ItemName>
      <ManufacturerName>נוריס</ManufacturerName>
      <ManufactureCountry>לא ידוע</ManufactureCountry>
      <ManufacturerItemDescription>תות שדה קפוא 500 גר</ManufacturerItemDescription>
      <UnitQty>גרמים</UnitQty>
      <Quantity>500.00</Quantity>
      <UnitOfMeasure>100 גרם</UnitOfMeasure>
      <bIsWeighted>0</bIsWeighted>
      <QtyInPackage>1</QtyInPackage>
      <ItemPrice>29.90</ItemPrice>
      <UnitOfMeasurePrice>5.9800</UnitOfMeasurePrice>
      <AllowDiscount>1</AllowDiscount>
      <ItemStatus>1</ItemStatus>
      <ItemId>54727</ItemId>
    </Item>
    <Item>
      <PriceUpdateDate>2025-08-10 09:41:15</PriceUpdateDate>
      <ItemCode>4751005703569</ItemCode>
      <ItemType>1</ItemType>
      <ItemName>שפרוטים פיגיורה בשמן</ItemName>
      <ManufacturerName>PIEJURA</ManufacturerName>
      <ManufactureCountry>לא ידוע</ManufactureCountry>
      <ManufacturerItemDescription>שפרוטים פיגיורה בשמן 250גר</ManufacturerItemDescription>
      <UnitQty>גרמים</UnitQty>
      <Quantity>250.00</Quantity>
      <UnitOfMeasure>100 גרם</UnitOfMeasure>
      <bIsWeighted>0</bIsWeighted>
      <QtyInPackage>1</QtyInPackage>
      <ItemPrice>18.90</ItemPrice>
      <UnitOfMeasurePrice>7.5600</UnitOfMeasurePrice>
      <AllowDiscount>1</AllowDiscount>
      <ItemStatus>1</ItemStatus>
      <ItemId>54743</ItemId>
    </Item>
    <Item>
      <PriceUpdateDate>2023-12-31 12:48:50</PriceUpdateDate>
      <ItemCode>4601780009922</ItemCode>
      <ItemType>1</ItemType>
      <ItemName>אטריות צדפות 400 גר</ItemName>
      <ManufacturerName>מקפה</ManufacturerName>
      <ManufactureCountry>לא ידוע</ManufactureCountry>
      <ManufacturerItemDescription>אטריות צדפות 400 גר</ManufacturerItemDescription>
      <UnitQty>גרמים</UnitQty>
      <Quantity>400.00</Quantity>
      <UnitOfMeasure>100 גרם</UnitOfMeasure>
      <bIsWeighted>0</bIsWeighted>
      <QtyInPackage>1</QtyInPackage>
      <ItemPrice>7.90</ItemPrice>
      <UnitOfMeasurePrice>1.9750</UnitOfMeasurePrice>
      <AllowDiscount>1</AllowDiscount>
      <ItemStatus>1</ItemStatus>
      <ItemId>54795</ItemId>
    </Item>
    <Item>
      <PriceUpdateDate>2023-12-31 12:48:50</PriceUpdateDate>
      <ItemCode>4601780006976</ItemCode>
      <ItemType>1</ItemType>
      <ItemName>איטריות צדפות 400 גר</ItemName>
      <ManufacturerName>מקפה</ManufacturerName>
      <ManufactureCountry>לא ידוע</ManufactureCountry>
      <ManufacturerItemDescription>איטריות צדפות 400 גר</ManufacturerItemDescription>
      <UnitQty>גרמים</UnitQty>
      <Quantity>400.00</Quantity>
      <UnitOfMeasure>100 גרם</UnitOfMeasure>
      <bIsWeighted>0</bIsWeighted>
      <QtyInPackage>1</QtyInPackage>
      <ItemPrice>7.90</ItemPrice>
      <UnitOfMeasurePrice>1.9750</UnitOfMeasurePrice>
      <AllowDiscount>1</AllowDiscount>
      <ItemStatus>1</ItemStatus>
      <ItemId>54796</ItemId>
    </Item>
    <Item>
      <PriceUpdateDate>2023-12-31 12:48:50</PriceUpdateDate>
      <ItemCode>8410134002580</ItemCode>
      <ItemType>1</ItemType>
      <ItemName>זיתים ירוקים עם טונה</ItemName>
      <ManufacturerName>אנגל קמצ'ו אלימנטסיו</ManufacturerName>
      <ManufactureCountry>לא ידוע</ManufactureCountry>
      <ManufacturerItemDescription>זיתים ירוקים עם טונה 300 גר</ManufacturerItemDescription>
      <UnitQty>גרמים</UnitQty>
      <Quantity>300.00</Quantity>
      <UnitOfMeasure>100 גרם</UnitOfMeasure>
      <bIsWeighted>0</bIsWeighted>
      <QtyInPackage>1</QtyInPackage>
      <ItemPrice>9.90</ItemPrice>
      <UnitOfMeasurePrice>3.3000</UnitOfMeasurePrice>
      <AllowDiscount>1</AllowDiscount>
      <ItemStatus>1</ItemStatus>
      <ItemId>54803</ItemId>
    </Item>
    <Item>
      <PriceUpdateDate>2023-12-31 12:48:50</PriceUpdateDate>
      <ItemCode>8410134016839</ItemCode>
      <ItemType>1</ItemType>
      <ItemName>זיתים ירוקים עם סלמו</ItemName>
      <ManufacturerName>אנגל קמצ'ו אלימנטסיו</ManufacturerName>
      <ManufactureCountry>לא ידוע</ManufactureCountry>
      <ManufacturerItemDescription>זיתים ירוקים עם סלמון 300 גר</ManufacturerItemDescription>
      <UnitQty>גרמים</UnitQty>
      <Quantity>300.00</Quantity>
      <UnitOfMeasure>100 גרם</UnitOfMeasure>
      <bIsWeighted>0</bIsWeighted>
      <QtyInPackage>1</QtyInPackage>
      <ItemPrice>9.90</ItemPrice>
      <UnitOfMeasurePrice>3.3000</UnitOfMeasurePrice>
      <AllowDiscount>1</AllowDiscount>
      <ItemStatus>1</ItemStatus>
      <ItemId>54804</ItemId>
    </Item>
    <Item>
      <PriceUpdateDate>2025-04-07 09:08:01</PriceUpdateDate>
      <ItemCode>5901135015622</ItemCode>
      <ItemType>1</ItemType>
      <ItemName>תערובת תיבול אוניברס</ItemName>
      <ManufacturerName>,</ManufacturerName>
      <ManufactureCountry>לא ידוע</ManufactureCountry>
      <ManufacturerItemDescription>תערובת תיבול אוניברסלית הקיץ 175 גר</ManufacturerItemDescription>
      <UnitQty>גרמים</UnitQty>
      <Quantity>175.00</Quantity>
      <UnitOfMeasure>100 גרם</UnitOfMeasure>
      <bIsWeighted>0</bIsWeighted>
      <QtyInPackage>1</QtyInPackage>
      <ItemPrice>16.90</ItemPrice>
      <UnitOfMeasurePrice>9.6571</UnitOfMeasurePrice>
      <AllowDiscount>1</AllowDiscount>
      <ItemStatus>1</ItemStatus>
      <ItemId>54827</ItemId>
    </Item>
    <Item>
      <PriceUpdateDate>2025-04-07 09:08:01</PriceUpdateDate>
      <ItemCode>5901135015646</ItemCode>
      <ItemType>1</ItemType>
      <ItemName>תערובת תיבול אוניברס</ItemName>
      <ManufacturerName>קוחרק</ManufacturerName>
      <ManufactureCountry>לא ידוע</ManufactureCountry>
      <ManufacturerItemDescription>תערובת תיבול אוניברסלית אביב 175 גר</ManufacturerItemDescription>
      <UnitQty>גרמים</UnitQty>
      <Quantity>175.00</Quantity>
      <UnitOfMeasure>100 גרם</UnitOfMeasure>
      <bIsWeighted>0</bIsWeighted>
      <QtyInPackage>1</QtyInPackage>
      <ItemPrice>16.90</ItemPrice>
      <UnitOfMeasurePrice>9.6571</UnitOfMeasurePrice>
      <AllowDiscount>1</AllowDiscount>
      <ItemStatus>1</ItemStatus>
      <ItemId>54828</ItemId>
    </Item>
    <Item>
      <PriceUpdateDate>2024-11-11 14:56:12</PriceUpdateDate>
      <ItemCode>7290000001564</ItemCode>
      <ItemType>1</ItemType>
      <ItemName>בייקון אנגלי</ItemName>
      <ManufacturerName>מעדני מניה תעשיות בש</ManufacturerName>
      <ManufactureCountry>לא ידוע</ManufactureCountry>
      <ManufacturerItemDescription>בייקון אנגלי</ManufacturerItemDescription>
      <UnitQty>קילוגרמים</UnitQty>
      <Quantity>1.00</Quantity>
      <UnitOfMeasure>ק"ג</UnitOfMeasure>
      <bIsWeighted>1</bIsWeighted>
      <QtyInPackage>לא ידוע</QtyInPackage>
      <ItemPrice>159.00</ItemPrice>
      <UnitOfMeasurePrice>159.0000</UnitOfMeasurePrice>
      <AllowDiscount>1</AllowDiscount>
      <ItemStatus>1</ItemStatus>
      <ItemId>54859</ItemId>
    </Item>
    <Item>
      <PriceUpdateDate>2024-05-02 16:09:42</PriceUpdateDate>
      <ItemCode>3161420001972</ItemCode>
      <ItemType>1</ItemType>
      <ItemName>ברנדי סט רמי 700 מל</ItemName>
      <ManufacturerName>רמי קואנטרו</ManufacturerName>
      <ManufactureCountry>לא ידוע</ManufactureCountry>
      <ManufacturerItemDescription>ברנדי "סט רמי" VSOP</ManufacturerItemDescription>
      <UnitQty>מיליליטרים</UnitQty>
      <Quantity>700.00</Quantity>
      <UnitOfMeasure>100 מ"ל</UnitOfMeasure>
      <bIsWeighted>0</bIsWeighted>
      <QtyInPackage>1</QtyInPackage>
      <ItemPrice>94.90</ItemPrice>
      <UnitOfMeasurePrice>13.5571</UnitOfMeasurePrice>
      <AllowDiscount>1</AllowDiscount>
      <ItemStatus>1</ItemStatus>
      <ItemId>54862</ItemId>
    </Item>
    <Item>
      <PriceUpdateDate>2023-12-31 12:48:50</PriceUpdateDate>
      <ItemCode>16121</ItemCode>
      <ItemType>0</ItemType>
      <ItemName>סלט טונה</ItemName>
      <ManufacturerName>,</ManufacturerName>
      <ManufactureCountry>לא ידוע</ManufactureCountry>
      <ManufacturerItemDescription>סלט טונה</ManufacturerItemDescription>
      <UnitQty>קילוגרמים</UnitQty>
      <Quantity>1.00</Quantity>
      <UnitOfMeasure>ק"ג</UnitOfMeasure>
      <bIsWeighted>1</bIsWeighted>
      <QtyInPackage>לא ידוע</QtyInPackage>
      <ItemPrice>85.00</ItemPrice>
      <UnitOfMeasurePrice>85.0000</UnitOfMeasurePrice>
      <AllowDiscount>1</AllowDiscount>
      <ItemStatus>1</ItemStatus>
      <ItemId>54865</ItemId>
    </Item>
    <Item>
      <PriceUpdateDate>2023-12-31 12:48:50</PriceUpdateDate>
      <ItemCode>16124</ItemCode>
      <ItemType>0</ItemType>
      <ItemName>פלפלים ממולאים</ItemName>
      <ManufacturerName>,</ManufacturerName>
      <ManufactureCountry>לא ידוע</ManufactureCountry>
      <ManufacturerItemDescription>פלפלים ממולאים</ManufacturerItemDescription>
      <UnitQty>קילוגרמים</UnitQty>
      <Quantity>1.00</Quantity>
      <UnitOfMeasure>ק"ג</UnitOfMeasure>
      <bIsWeighted>1</bIsWeighted>
      <QtyInPackage>לא ידוע</QtyInPackage>
      <ItemPrice>79.00</ItemPrice>
      <UnitOfMeasurePrice>79.0000</UnitOfMeasurePrice>
      <AllowDiscount>1</AllowDiscount>
      <ItemStatus>1</ItemStatus>
      <ItemId>54866</ItemId>
    </Item>
    <Item>
      <PriceUpdateDate>2023-12-31 12:48:50</PriceUpdateDate>
      <ItemCode>16125</ItemCode>
      <ItemType>0</ItemType>
      <ItemName>רטטוי</ItemName>
      <ManufacturerName>,</ManufacturerName>
      <ManufactureCountry>לא ידוע</ManufactureCountry>
      <ManufacturerItemDescription>רטטוי</ManufacturerItemDescription>
      <UnitQty>קילוגרמים</UnitQty>
      <Quantity>1.00</Quantity>
      <UnitOfMeasure>ק"ג</UnitOfMeasure>
      <bIsWeighted>1</bIsWeighted>
      <QtyInPackage>לא ידוע</QtyInPackage>
      <ItemPrice>59.00</ItemPrice>
      <UnitOfMeasurePrice>59.0000</UnitOfMeasurePrice>
      <AllowDiscount>1</AllowDiscount>
      <ItemStatus>1</ItemStatus>
      <ItemId>54867</ItemId>
    </Item>
    <Item>
      <PriceUpdateDate>2025-02-02 07:39:54</PriceUpdateDate>
      <ItemCode>16127</ItemCode>
      <ItemType>0</ItemType>
      <ItemName>אסאדו עגל</ItemName>
      <ManufacturerName>,</ManufacturerName>
      <ManufactureCountry>לא ידוע</ManufactureCountry>
      <ManufacturerItemDescription>אסאדו עגל</ManufacturerItemDescription>
      <UnitQty>קילוגרמים</UnitQty>
      <Quantity>1.00</Quantity>
      <UnitOfMeasure>ק"ג</UnitOfMeasure>
      <bIsWeighted>1</bIsWeighted>
      <QtyInPackage>לא ידוע</QtyInPackage>
      <ItemPrice>139.00</ItemPrice>
      <UnitOfMeasurePrice>139.0000</UnitOfMeasurePrice>
      <AllowDiscount>1</AllowDiscount>
      <ItemStatus>1</ItemStatus>
      <ItemId>54868</ItemId>
    </Item>
    <Item>
      <PriceUpdateDate>2023-12-31 12:48:50</PriceUpdateDate>
      <ItemCode>5901483061401</ItemCode>
      <ItemType>1</ItemType>
      <ItemName>תה בבונג 30 גר</ItemName>
      <ManufacturerName>BIFIX</ManufacturerName>
      <ManufactureCountry>לא ידוע</ManufactureCountry>
      <ManufacturerItemDescription>תה בבונג 30גר</ManufacturerItemDescription>
      <UnitQty>גרמים</UnitQty>
      <Quantity>30.00</Quantity>
      <UnitOfMeasure>100 גרם</UnitOfMeasure>
      <bIsWeighted>0</bIsWeighted>
      <QtyInPackage>1</QtyInPackage>
      <ItemPrice>13.90</ItemPrice>
      <UnitOfMeasurePrice>46.3333</UnitOfMeasurePrice>
      <AllowDiscount>1</AllowDiscount>
      <ItemStatus>1</ItemStatus>
      <ItemId>54885</ItemId>
    </Item>
    <Item>
      <PriceUpdateDate>2023-12-31 12:48:51</PriceUpdateDate>
      <ItemCode>4820143330439</ItemCode>
      <ItemType>1</ItemType>
      <ItemName>טארטלט עדינה לקורנה</ItemName>
      <ManufacturerName>לקורנה</ManufacturerName>
      <ManufactureCountry>לא ידוע</ManufactureCountry>
      <ManufacturerItemDescription>טארטלט עדינה לקורנה 138 גר</ManufacturerItemDescription>
      <UnitQty>גרמים</UnitQty>
      <Quantity>138.00</Quantity>
      <UnitOfMeasure>100 גרם</UnitOfMeasure>
      <bIsWeighted>0</bIsWeighted>
      <QtyInPackage>1</QtyInPackage>
      <ItemPrice>9.90</ItemPrice>
      <UnitOfMeasurePrice>7.1739</UnitOfMeasurePrice>
      <AllowDiscount>1</AllowDiscount>
      <ItemStatus>1</ItemStatus>
      <ItemId>54940</ItemId>
    </Item>
    <Item>
      <PriceUpdateDate>2025-11-09 14:54:18</PriceUpdateDate>
      <ItemCode>9002859071911</ItemCode>
      <ItemType>1</ItemType>
      <ItemName>סנטה גונץ שוקולד חלב</ItemName>
      <ManufacturerName>GUNZ WARENHANDELS</ManufacturerName>
      <ManufactureCountry>לא ידוע</ManufactureCountry>
      <ManufacturerItemDescription>סנטה גונץ שוקולד חלב 100גר</ManufacturerItemDescription>
      <UnitQty>גרמים</UnitQty>
      <Quantity>100.00</Quantity>
      <UnitOfMeasure>100 גרם</UnitOfMeasure>
      <bIsWeighted>0</bIsWeighted>
      <QtyInPackage>1</QtyInPackage>
      <ItemPrice>19.90</ItemPrice>
      <UnitOfMeasurePrice>19.9000</UnitOfMeasurePrice>
      <AllowDiscount>1</AllowDiscount>
      <ItemStatus>1</ItemStatus>
      <ItemId>54948</ItemId>
    </Item>
    <Item>
      <PriceUpdateDate>2024-11-06 16:48:21</PriceUpdateDate>
      <ItemCode>4607041230630</ItemCode>
      <ItemType>1</ItemType>
      <ItemName>צנימים פוסולסקי וניל</ItemName>
      <ManufacturerName>וופלשניה</ManufacturerName>
      <ManufactureCountry>לא ידוע</ManufactureCountry>
      <ManufacturerItemDescription>צנימים פוסולסקי וניל 250גר</ManufacturerItemDescription>
      <UnitQty>גרמים</UnitQty>
      <Quantity>250.00</Quantity>
      <UnitOfMeasure>100 גרם</UnitOfMeasure>
      <bIsWeighted>0</bIsWeighted>
      <QtyInPackage>1</QtyInPackage>
      <ItemPrice>9.90</ItemPrice>
      <UnitOfMeasurePrice>3.9600</UnitOfMeasurePrice>
      <AllowDiscount>1</AllowDiscount>
      <ItemStatus>1</ItemStatus>
      <ItemId>54952</ItemId>
    </Item>
    <Item>
      <PriceUpdateDate>2024-11-06 16:48:21</PriceUpdateDate>
      <ItemCode>4607041230647</ItemCode>
      <ItemType>1</ItemType>
      <ItemName>צנימים מיני פוסולסקי</ItemName>
      <ManufacturerName>וופלשניה</ManufacturerName>
      <ManufactureCountry>לא ידוע</ManufactureCountry>
      <ManufacturerItemDescription>צנימים מיני פוסולסקי צימוקים 250 גר</ManufacturerItemDescription>
      <UnitQty>גרמים</UnitQty>
      <Quantity>250.00</Quantity>
      <UnitOfMeasure>100 גרם</UnitOfMeasure>
      <bIsWeighted>0</bIsWeighted>
      <QtyInPackage>1</QtyInPackage>
      <ItemPrice>9.90</ItemPrice>
      <UnitOfMeasurePrice>3.9600</UnitOfMeasurePrice>
      <AllowDiscount>1</AllowDiscount>
      <ItemStatus>1</ItemStatus>
      <ItemId>54953</ItemId>
    </Item>
    <Item>
      <PriceUpdateDate>2023-12-31 12:48:51</PriceUpdateDate>
      <ItemCode>4607041230852</ItemCode>
      <ItemType>1</ItemType>
      <ItemName>צנימים פוסולסקי צימו</ItemName>
      <ManufacturerName>וופלשניה</ManufacturerName>
      <ManufactureCountry>לא ידוע</ManufactureCountry>
      <ManufacturerItemDescription>צנימים פוסולסקי צימוקים וסוכר  300גר</ManufacturerItemDescription>
      <UnitQty>גרמים</UnitQty>
      <Quantity>300.00</Quantity>
      <UnitOfMeasure>100 גרם</UnitOfMeasure>
      <bIsWeighted>0</bIsWeighted>
      <QtyInPackage>1</QtyInPackage>
      <ItemPrice>10.90</ItemPrice>
      <UnitOfMeasurePrice>3.6333</UnitOfMeasurePrice>
      <AllowDiscount>1</AllowDiscount>
      <ItemStatus>1</ItemStatus>
      <ItemId>54954</ItemId>
    </Item>
    <Item>
      <PriceUpdateDate>2025-08-03 13:12:26</PriceUpdateDate>
      <ItemCode>7290000002860</ItemCode>
      <ItemType>1</ItemType>
      <ItemName>גבינה דורבלו גלגל</ItemName>
      <ManufacturerName>,</ManufacturerName>
      <ManufactureCountry>לא ידוע</ManufactureCountry>
      <ManufacturerItemDescription>גבינה דורבלו גלגל</ManufacturerItemDescription>
      <UnitQty>קילוגרמים</UnitQty>
      <Quantity>1.00</Quantity>
      <UnitOfMeasure>ק"ג</UnitOfMeasure>
      <bIsWeighted>1</bIsWeighted>
      <QtyInPackage>לא ידוע</QtyInPackage>
      <ItemPrice>199.00</ItemPrice>
      <UnitOfMeasurePrice>199.0000</UnitOfMeasurePrice>
      <AllowDiscount>1</AllowDiscount>
      <ItemStatus>1</ItemStatus>
      <ItemId>55009</ItemId>
    </Item>
    <Item>
      <PriceUpdateDate>2025-08-03 13:12:26</PriceUpdateDate>
      <ItemCode>7290000002861</ItemCode>
      <ItemType>1</ItemType>
      <ItemName>גבינה קשקווליו איטלק</ItemName>
      <ManufacturerName>,</ManufacturerName>
      <ManufactureCountry>לא ידוע</ManufactureCountry>
      <ManufacturerItemDescription>גבינה קשקווליו איטלקי</ManufacturerItemDescription>
      <UnitQty>קילוגרמים</UnitQty>
      <Quantity>1.00</Quantity>
      <UnitOfMeasure>ק"ג</UnitOfMeasure>
      <bIsWeighted>1</bIsWeighted>
      <QtyInPackage>לא ידוע</QtyInPackage>
      <ItemPrice>179.00</ItemPrice>
      <UnitOfMeasurePrice>179.0000</UnitOfMeasurePrice>
      <AllowDiscount>1</AllowDiscount>
      <ItemStatus>1</ItemStatus>
      <ItemId>55010</ItemId>
    </Item>
    <Item>
      <PriceUpdateDate>2024-11-19 15:35:06</PriceUpdateDate>
      <ItemCode>4770237051804</ItemCode>
      <ItemType>1</ItemType>
      <ItemName>חטיף גבינה סבליה וני</ItemName>
      <ManufacturerName>פנו ז'ויגזדס</ManufacturerName>
      <ManufactureCountry>לא ידוע</ManufactureCountry>
      <ManufacturerItemDescription>חטיף גבינה סבליה וניל 45 גר</ManufacturerItemDescription>
      <UnitQty>גרמים</UnitQty>
      <Quantity>45.00</Quantity>
      <UnitOfMeasure>100 גרם</UnitOfMeasure>
      <bIsWeighted>0</bIsWeighted>
      <QtyInPackage>1</QtyInPackage>
      <ItemPrice>5.90</ItemPrice>
      <UnitOfMeasurePrice>13.1111</UnitOfMeasurePrice>
      <AllowDiscount>1</AllowDiscount>
      <ItemStatus>1</ItemStatus>
      <ItemId>55029</ItemId>
    </Item>
    <Item>
      <PriceUpdateDate>2024-11-19 15:35:06</PriceUpdateDate>
      <ItemCode>4770237051842</ItemCode>
      <ItemType>1</ItemType>
      <ItemName>חטיף גבינה סבליה שוק</ItemName>
      <ManufacturerName>פנו ז'ויגזדס</ManufacturerName>
      <ManufactureCountry>לא ידוע</ManufactureCountry>
      <ManufacturerItemDescription>חטיף גבינה סבליה שוקולד 45 גר</ManufacturerItemDescription>
      <UnitQty>גרמים</UnitQty>
      <Quantity>45.00</Quantity>
      <UnitOfMeasure>100 גרם</UnitOfMeasure>
      <bIsWeighted>0</bIsWeighted>
      <QtyInPackage>1</QtyInPackage>
      <ItemPrice>5.90</ItemPrice>
      <UnitOfMeasurePrice>13.1111</UnitOfMeasurePrice>
      <AllowDiscount>1</AllowDiscount>
      <ItemStatus>1</ItemStatus>
      <ItemId>55030</ItemId>
    </Item>
    <Item>
      <PriceUpdateDate>2024-11-19 15:35:06</PriceUpdateDate>
      <ItemCode>4770237051828</ItemCode>
      <ItemType>1</ItemType>
      <ItemName>חטיף גבינה סבליה תות</ItemName>
      <ManufacturerName>פנו ז'ויגזדס</ManufacturerName>
      <ManufactureCountry>לא ידוע</ManufactureCountry>
      <ManufacturerItemDescription>חטיף גבינה סבליה תות שדה 45 גר</ManufacturerItemDescription>
      <UnitQty>גרמים</UnitQty>
      <Quantity>45.00</Quantity>
      <UnitOfMeasure>100 גרם</UnitOfMeasure>
      <bIsWeighted>0</bIsWeighted>
      <QtyInPackage>1</QtyInPackage>
      <ItemPrice>5.90</ItemPrice>
      <UnitOfMeasurePrice>13.1111</UnitOfMeasurePrice>
      <AllowDiscount>1</AllowDiscount>
      <ItemStatus>1</ItemStatus>
      <ItemId>55031</ItemId>
    </Item>
    <Item>
      <PriceUpdateDate>2024-11-19 15:35:06</PriceUpdateDate>
      <ItemCode>4770237051811</ItemCode>
      <ItemType>1</ItemType>
      <ItemName>חטיף גבינה סבליה ריב</ItemName>
      <ManufacturerName>פנו ז'ויגזדס</ManufacturerName>
      <ManufactureCountry>לא ידוע</ManufactureCountry>
      <ManufacturerItemDescription>חטיף גבינה סבליה ריבת חלב 45 גר</ManufacturerItemDescription>
      <UnitQty>גרמים</UnitQty>
      <Quantity>45.00</Quantity>
      <UnitOfMeasure>100 גרם</UnitOfMeasure>
      <bIsWeighted>0</bIsWeighted>
      <QtyInPackage>1</QtyInPackage>
      <ItemPrice>5.90</ItemPrice>
      <UnitOfMeasurePrice>13.1111</UnitOfMeasurePrice>
      <AllowDiscount>1</AllowDiscount>
      <ItemStatus>1</ItemStatus>
      <ItemId>55032</ItemId>
    </Item>
    <Item>
      <PriceUpdateDate>2024-06-16 09:46:15</PriceUpdateDate>
      <ItemCode>7290011499624</ItemCode>
      <ItemType>1</ItemType>
      <ItemName>גבינת שמנת טבעית 30%</ItemName>
      <ManufacturerName>,</ManufacturerName>
      <ManufactureCountry>לא ידוע</ManufactureCountry>
      <ManufacturerItemDescription>שמנת טבעית 30% 200גר</ManufacturerItemDescription>
      <UnitQty>גרמים</UnitQty>
      <Quantity>200.00</Quantity>
      <UnitOfMeasure>100 גרם</UnitOfMeasure>
      <bIsWeighted>0</bIsWeighted>
      <QtyInPackage>1</QtyInPackage>
      <ItemPrice>15.90</ItemPrice>
      <UnitOfMeasurePrice>7.9500</UnitOfMeasurePrice>
      <AllowDiscount>1</AllowDiscount>
      <ItemStatus>1</ItemStatus>
      <ItemId>55036</ItemId>
    </Item>
    <Item>
      <PriceUpdateDate>2024-06-03 08:47:13</PriceUpdateDate>
      <ItemCode>7290004068028</ItemCode>
      <ItemType>1</ItemType>
      <ItemName>ציזיקי 500 מל</ItemName>
      <ManufacturerName>,</ManufacturerName>
      <ManufactureCountry>לא ידוע</ManufactureCountry>
      <ManufacturerItemDescription>ציזיקי 500מל</ManufacturerItemDescription>
      <UnitQty>מיליליטרים</UnitQty>
      <Quantity>500.00</Quantity>
      <UnitOfMeasure>100 מ"ל</UnitOfMeasure>
      <bIsWeighted>0</bIsWeighted>
      <QtyInPackage>1</QtyInPackage>
      <ItemPrice>10.90</ItemPrice>
      <UnitOfMeasurePrice>2.1800</UnitOfMeasurePrice>
      <AllowDiscount>1</AllowDiscount>
      <ItemStatus>1</ItemStatus>
      <ItemId>55039</ItemId>
    </Item>
    <Item>
      <PriceUpdateDate>2025-06-03 08:35:10</PriceUpdateDate>
      <ItemCode>7290004068035</ItemCode>
      <ItemType>1</ItemType>
      <ItemName>איירן 500 מל</ItemName>
      <ManufacturerName>,</ManufacturerName>
      <ManufactureCountry>לא ידוע</ManufactureCountry>
      <ManufacturerItemDescription>איירן 500מל</ManufacturerItemDescription>
      <UnitQty>מיליליטרים</UnitQty>
      <Quantity>500.00</Quantity>
      <UnitOfMeasure>100 מ"ל</UnitOfMeasure>
      <bIsWeighted>0</bIsWeighted>
      <QtyInPackage>1</QtyInPackage>
      <ItemPrice>9.90</ItemPrice>
      <UnitOfMeasurePrice>1.9800</UnitOfMeasurePrice>
      <AllowDiscount>1</AllowDiscount>
      <ItemStatus>1</ItemStatus>
      <ItemId>55040</ItemId>
    </Item>
    <Item>
      <PriceUpdateDate>2025-06-03 08:35:10</PriceUpdateDate>
      <ItemCode>7290004068172</ItemCode>
      <ItemType>1</ItemType>
      <ItemName>יוגורט עיזים בדלי 5%</ItemName>
      <ManufacturerName>,</ManufacturerName>
      <ManufactureCountry>לא ידוע</ManufactureCountry>
      <ManufacturerItemDescription>יוגורט עיזים בדלי 5% 600 גרם</ManufacturerItemDescription>
      <UnitQty>גרמים</UnitQty>
      <Quantity>600.00</Quantity>
      <UnitOfMeasure>100 גרם</UnitOfMeasure>
      <bIsWeighted>0</bIsWeighted>
      <QtyInPackage>1</QtyInPackage>
      <ItemPrice>21.90</ItemPrice>
      <UnitOfMeasurePrice>3.6500</UnitOfMeasurePrice>
      <AllowDiscount>1</AllowDiscount>
      <ItemStatus>1</ItemStatus>
      <ItemId>55041</ItemId>
    </Item>
    <Item>
      <PriceUpdateDate>2025-06-03 08:35:10</PriceUpdateDate>
      <ItemCode>7290004068011</ItemCode>
      <ItemType>1</ItemType>
      <ItemName>יוגורט כבשים בדלי 5%</ItemName>
      <ManufacturerName>,</ManufacturerName>
      <ManufactureCountry>לא ידוע</ManufactureCountry>
      <ManufacturerItemDescription>יוגורט כבשים בדלי 5% 600 גרם</ManufacturerItemDescription>
      <UnitQty>גרמים</UnitQty>
      <Quantity>600.00</Quantity>
      <UnitOfMeasure>100 גרם</UnitOfMeasure>
      <bIsWeighted>0</bIsWeighted>
      <QtyInPackage>1</QtyInPackage>
      <ItemPrice>21.90</ItemPrice>
      <UnitOfMeasurePrice>3.6500</UnitOfMeasurePrice>
      <AllowDiscount>1</AllowDiscount>
      <ItemStatus>1</ItemStatus>
      <ItemId>55042</ItemId>
    </Item>
    <Item>
      <PriceUpdateDate>2025-01-28 09:02:21</PriceUpdateDate>
      <ItemCode>17335</ItemCode>
      <ItemType>0</ItemType>
      <ItemName>בייבי ריבס לבן</ItemName>
      <ManufacturerName>המפרק פירוק ושיווק ב</ManufacturerName>
      <ManufactureCountry>לא ידוע</ManufactureCountry>
      <ManufacturerItemDescription>בביריבס לבן</ManufacturerItemDescription>
      <UnitQty>קילוגרמים</UnitQty>
      <Quantity>1.00</Quantity>
      <UnitOfMeasure>ק"ג</UnitOfMeasure>
      <bIsWeighted>1</bIsWeighted>
      <QtyInPackage>לא ידוע</QtyInPackage>
      <ItemPrice>109.90</ItemPrice>
      <UnitOfMeasurePrice>109.9000</UnitOfMeasurePrice>
      <AllowDiscount>1</AllowDiscount>
      <ItemStatus>1</ItemStatus>
      <ItemId>55058</ItemId>
    </Item>
    <Item>
      <PriceUpdateDate>2024-03-03 08:54:23</PriceUpdateDate>
      <ItemCode>8000420000491</ItemCode>
      <ItemType>1</ItemType>
      <ItemName>יין מבעבע אסטי לבן מ</ItemName>
      <ManufacturerName>,</ManufacturerName>
      <ManufactureCountry>לא ידוע</ManufactureCountry>
      <ManufacturerItemDescription>יין מבעבע אסטי לבן מתוק 750מל</ManufacturerItemDescription>
      <UnitQty>מיליליטרים</UnitQty>
      <Quantity>750.00</Quantity>
      <UnitOfMeasure>100 מ"ל</UnitOfMeasure>
      <bIsWeighted>0</bIsWeighted>
      <QtyInPackage>1</QtyInPackage>
      <ItemPrice>54.90</ItemPrice>
      <UnitOfMeasurePrice>7.3200</UnitOfMeasurePrice>
      <AllowDiscount>1</AllowDiscount>
      <ItemStatus>1</ItemStatus>
      <ItemId>55065</ItemId>
    </Item>
    <Item>
      <PriceUpdateDate>2024-03-03 08:54:23</PriceUpdateDate>
      <ItemCode>8000420000538</ItemCode>
      <ItemType>1</ItemType>
      <ItemName>יין מבעבע ברוט לבן י</ItemName>
      <ManufacturerName>GANCIA</ManufacturerName>
      <ManufactureCountry>לא ידוע</ManufactureCountry>
      <ManufacturerItemDescription>יין מבעבע ברוט לבן יבש 750מל</ManufacturerItemDescription>
      <UnitQty>מיליליטרים</UnitQty>
      <Quantity>750.00</Quantity>
      <UnitOfMeasure>100 מ"ל</UnitOfMeasure>
      <bIsWeighted>0</bIsWeighted>
      <QtyInPackage>1</QtyInPackage>
      <ItemPrice>54.90</ItemPrice>
      <UnitOfMeasurePrice>7.3200</UnitOfMeasurePrice>
      <AllowDiscount>1</AllowDiscount>
      <ItemStatus>1</ItemStatus>
      <ItemId>55066</ItemId>
    </Item>
    <Item>
      <PriceUpdateDate>2024-03-03 08:54:23</PriceUpdateDate>
      <ItemCode>8000420742193</ItemCode>
      <ItemType>1</ItemType>
      <ItemName>יין מבעבע פרוסקו לבן</ItemName>
      <ManufacturerName>GANCIA</ManufacturerName>
      <ManufactureCountry>לא ידוע</ManufactureCountry>
      <ManufacturerItemDescription>יין מבעבע פרוסקו לבן יבש 750מל</ManufacturerItemDescription>
      <UnitQty>מיליליטרים</UnitQty>
      <Quantity>750.00</Quantity>
      <UnitOfMeasure>100 מ"ל</UnitOfMeasure>
      <bIsWeighted>0</bIsWeighted>
      <QtyInPackage>1</QtyInPackage>
      <ItemPrice>54.90</ItemPrice>
      <UnitOfMeasurePrice>7.3200</UnitOfMeasurePrice>
      <AllowDiscount>1</AllowDiscount>
      <ItemStatus>1</ItemStatus>
      <ItemId>55067</ItemId>
    </Item>
    <Item>
      <PriceUpdateDate>2023-12-31 12:48:52</PriceUpdateDate>
      <ItemCode>10317</ItemCode>
      <ItemType>0</ItemType>
      <ItemName>סופגנייה מטוגנת קטנה</ItemName>
      <ManufacturerName>,</ManufacturerName>
      <ManufactureCountry>לא ידוע</ManufactureCountry>
      <ManufacturerItemDescription>סופגנייה מטוגנת קטנה</ManufacturerItemDescription>
      <UnitQty>גרמים</UnitQty>
      <Quantity>40.00</Quantity>
      <UnitOfMeasure>100 גרם</UnitOfMeasure>
      <bIsWeighted>0</bIsWeighted>
      <QtyInPackage>1</QtyInPackage>
      <ItemPrice>2.90</ItemPrice>
      <UnitOfMeasurePrice>7.2500</UnitOfMeasurePrice>
      <AllowDiscount>1</AllowDiscount>
      <ItemStatus>1</ItemStatus>
      <ItemId>55095</ItemId>
    </Item>
    <Item>
      <PriceUpdateDate>2025-08-18 09:54:59</PriceUpdateDate>
      <ItemCode>7290000101421</ItemCode>
      <ItemType>1</ItemType>
      <ItemName>קוסטיצה בוואקום</ItemName>
      <ManufacturerName>,</ManufacturerName>
      <ManufactureCountry>לא ידוע</ManufactureCountry>
      <ManufacturerItemDescription>קוסטיצה בוואקום</ManufacturerItemDescription>
      <UnitQty>קילוגרמים</UnitQty>
      <Quantity>1.00</Quantity>
      <UnitOfMeasure>ק"ג</UnitOfMeasure>
      <bIsWeighted>1</bIsWeighted>
      <QtyInPackage>לא ידוע</QtyInPackage>
      <ItemPrice>169.00</ItemPrice>
      <UnitOfMeasurePrice>169.0000</UnitOfMeasurePrice>
      <AllowDiscount>1</AllowDiscount>
      <ItemStatus>1</ItemStatus>
      <ItemId>100326</ItemId>
    </Item>
    <Item>
      <PriceUpdateDate>2023-12-31 12:48:52</PriceUpdateDate>
      <ItemCode>7290000001438</ItemCode>
      <ItemType>1</ItemType>
      <ItemName>אסאדו חזיר מעושן</ItemName>
      <ManufacturerName>ולדמן ביח"ר לנקניק ו</ManufacturerName>
      <ManufactureCountry>לא ידוע</ManufactureCountry>
      <ManufacturerItemDescription>אסאדו חזיר מעושן</ManufacturerItemDescription>
      <UnitQty>קילוגרמים</UnitQty>
      <Quantity>1.00</Quantity>
      <UnitOfMeasure>ק"ג</UnitOfMeasure>
      <bIsWeighted>1</bIsWeighted>
      <QtyInPackage>לא ידוע</QtyInPackage>
      <ItemPrice>149.00</ItemPrice>
      <UnitOfMeasurePrice>149.0000</UnitOfMeasurePrice>
      <AllowDiscount>1</AllowDiscount>
      <ItemStatus>1</ItemStatus>
      <ItemId>55118</ItemId>
    </Item>
    <Item>
      <PriceUpdateDate>2023-12-31 12:48:52</PriceUpdateDate>
      <ItemCode>7290000001437</ItemCode>
      <ItemType>1</ItemType>
      <ItemName>בוזנינה פסטיבל ביתי</ItemName>
      <ManufacturerName>ולדמן ביח"ר לנקניק ו</ManufacturerName>
      <ManufactureCountry>לא ידוע</ManufactureCountry>
      <ManufacturerItemDescription>בוזנינה פסטיבל ביתי</ManufacturerItemDescription>
      <UnitQty>קילוגרמים</UnitQty>
      <Quantity>1.00</Quantity>
      <UnitOfMeasure>ק"ג</UnitOfMeasure>
      <bIsWeighted>1</bIsWeighted>
      <QtyInPackage>לא ידוע</QtyInPackage>
      <ItemPrice>149.00</ItemPrice>
      <UnitOfMeasurePrice>149.0000</UnitOfMeasurePrice>
      <AllowDiscount>1</AllowDiscount>
      <ItemStatus>1</ItemStatus>
      <ItemId>55119</ItemId>
    </Item>
    <Item>
      <PriceUpdateDate>2024-11-12 12:03:22</PriceUpdateDate>
      <ItemCode>7290000001446</ItemCode>
      <ItemType>1</ItemType>
      <ItemName>אוסובוקו מעושן עם עו</ItemName>
      <ManufacturerName>ולדמן ביח"ר לנקניק ו</ManufacturerName>
      <ManufactureCountry>לא ידוע</ManufactureCountry>
      <ManufacturerItemDescription>אוסובוקו מעושן עם עור</ManufacturerItemDescription>
      <UnitQty>קילוגרמים</UnitQty>
      <Quantity>1.00</Quantity>
      <UnitOfMeasure>ק"ג</UnitOfMeasure>
      <bIsWeighted>1</bIsWeighted>
      <QtyInPackage>לא ידוע</QtyInPackage>
      <ItemPrice>79.00</ItemPrice>
      <UnitOfMeasurePrice>79.0000</UnitOfMeasurePrice>
      <AllowDiscount>1</AllowDiscount>
      <ItemStatus>1</ItemStatus>
      <ItemId>55121</ItemId>
    </Item>
    <Item>
      <PriceUpdateDate>2024-05-08 08:42:19</PriceUpdateDate>
      <ItemCode>7290000001445</ItemCode>
      <ItemType>1</ItemType>
      <ItemName>פסטרמה חזיר צאך ברבק</ItemName>
      <ManufacturerName>ולדמן ביח"ר לנקניק ו</ManufacturerName>
      <ManufactureCountry>לא ידוע</ManufactureCountry>
      <ManufacturerItemDescription>פסטרמה חזיר צאך ברבקיו</ManufacturerItemDescription>
      <UnitQty>קילוגרמים</UnitQty>
      <Quantity>1.00</Quantity>
      <UnitOfMeasure>ק"ג</UnitOfMeasure>
      <bIsWeighted>1</bIsWeighted>
      <QtyInPackage>לא ידוע</QtyInPackage>
      <ItemPrice>149.00</ItemPrice>
      <UnitOfMeasurePrice>149.0000</UnitOfMeasurePrice>
      <AllowDiscount>1</AllowDiscount>
      <ItemStatus>1</ItemStatus>
      <ItemId>55122</ItemId>
    </Item>
    <Item>
      <PriceUpdateDate>2024-11-12 12:03:22</PriceUpdateDate>
      <ItemCode>7290000001450</ItemCode>
      <ItemType>1</ItemType>
      <ItemName>סינטה ברשת</ItemName>
      <ManufacturerName>ולדמן ביח"ר לנקניק ו</ManufacturerName>
      <ManufactureCountry>לא ידוע</ManufactureCountry>
      <ManufacturerItemDescription>סינטה ברשת</ManufacturerItemDescription>
      <UnitQty>קילוגרמים</UnitQty>
      <Quantity>1.00</Quantity>
      <UnitOfMeasure>ק"ג</UnitOfMeasure>
      <bIsWeighted>1</bIsWeighted>
      <QtyInPackage>לא ידוע</QtyInPackage>
      <ItemPrice>179.00</ItemPrice>
      <UnitOfMeasurePrice>179.0000</UnitOfMeasurePrice>
      <AllowDiscount>1</AllowDiscount>
      <ItemStatus>1</ItemStatus>
      <ItemId>55123</ItemId>
    </Item>
    <Item>
      <PriceUpdateDate>2024-05-08 08:42:19</PriceUpdateDate>
      <ItemCode>7290000001451</ItemCode>
      <ItemType>1</ItemType>
      <ItemName>פסטרמה חזיר צאך שום</ItemName>
      <ManufacturerName>ולדמן ביח"ר לנקניק ו</ManufacturerName>
      <ManufactureCountry>לא ידוע</ManufactureCountry>
      <ManufacturerItemDescription>פסטרמה חזיר צאך שום</ManufacturerItemDescription>
      <UnitQty>קילוגרמים</UnitQty>
      <Quantity>1.00</Quantity>
      <UnitOfMeasure>ק"ג</UnitOfMeasure>
      <bIsWeighted>1</bIsWeighted>
      <QtyInPackage>לא ידוע</QtyInPackage>
      <ItemPrice>149.00</ItemPrice>
      <UnitOfMeasurePrice>149.0000</UnitOfMeasurePrice>
      <AllowDiscount>1</AllowDiscount>
      <ItemStatus>1</ItemStatus>
      <ItemId>55124</ItemId>
    </Item>
    <Item>
      <PriceUpdateDate>2024-05-08 08:42:19</PriceUpdateDate>
      <ItemCode>7290000001469</ItemCode>
      <ItemType>1</ItemType>
      <ItemName>שוק רוסי מעושן</ItemName>
      <ManufacturerName>ולדמן ביח"ר לנקניק ו</ManufacturerName>
      <ManufactureCountry>לא ידוע</ManufactureCountry>
      <ManufacturerItemDescription>שוק רוסי מעושן</ManufacturerItemDescription>
      <UnitQty>קילוגרמים</UnitQty>
      <Quantity>1.00</Quantity>
      <UnitOfMeasure>ק"ג</UnitOfMeasure>
      <bIsWeighted>1</bIsWeighted>
      <QtyInPackage>לא ידוע</QtyInPackage>
      <ItemPrice>149.00</ItemPrice>
      <UnitOfMeasurePrice>149.0000</UnitOfMeasurePrice>
      <AllowDiscount>1</AllowDiscount>
      <ItemStatus>1</ItemStatus>
      <ItemId>55127</ItemId>
    </Item>
    <Item>
      <PriceUpdateDate>2024-05-08 08:42:19</PriceUpdateDate>
      <ItemCode>7290000001459</ItemCode>
      <ItemType>1</ItemType>
      <ItemName>פסטרמה חזיר צאך עם ח</ItemName>
      <ManufacturerName>ולדמן ביח"ר לנקניק ו</ManufacturerName>
      <ManufactureCountry>לא ידוע</ManufactureCountry>
      <ManufacturerItemDescription>פסטרמה חזיר צאך עם חרדל</ManufacturerItemDescription>
      <UnitQty>קילוגרמים</UnitQty>
      <Quantity>1.00</Quantity>
      <UnitOfMeasure>ק"ג</UnitOfMeasure>
      <bIsWeighted>1</bIsWeighted>
      <QtyInPackage>לא ידוע</QtyInPackage>
      <ItemPrice>149.00</ItemPrice>
      <UnitOfMeasurePrice>149.0000</UnitOfMeasurePrice>
      <AllowDiscount>1</AllowDiscount>
      <ItemStatus>1</ItemStatus>
      <ItemId>55134</ItemId>
    </Item>
    <Item>
      <PriceUpdateDate>2025-08-19 10:27:02</PriceUpdateDate>
      <ItemCode>5203064008929</ItemCode>
      <ItemType>1</ItemType>
      <ItemName>עוגיות שוקולד מריר צ</ItemName>
      <ManufacturerName>,</ManufacturerName>
      <ManufactureCountry>לא ידוע</ManufactureCountry>
      <ManufacturerItemDescription>עוגיות שוקולד מריר ציפס 160 גר</ManufacturerItemDescription>
      <UnitQty>גרמים</UnitQty>
      <Quantity>160.00</Quantity>
      <UnitOfMeasure>100 גרם</UnitOfMeasure>
      <bIsWeighted>0</bIsWeighted>
      <QtyInPackage>1</QtyInPackage>
      <ItemPrice>17.90</ItemPrice>
      <UnitOfMeasurePrice>11.1875</UnitOfMeasurePrice>
      <AllowDiscount>1</AllowDiscount>
      <ItemStatus>1</ItemStatus>
      <ItemId>100394</ItemId>
    </Item>
    <Item>
      <PriceUpdateDate>2025-02-25 14:20:53</PriceUpdateDate>
      <ItemCode>7610400070577</ItemCode>
      <ItemType>1</ItemType>
      <ItemName>שוקולד לינדט אקסלנס</ItemName>
      <ManufacturerName>לינדט</ManufacturerName>
      <ManufactureCountry>לא ידוע</ManufactureCountry>
      <ManufacturerItemDescription>שוקולד "לינדט אקסלנס</ManufacturerItemDescription>
      <UnitQty>גרמים</UnitQty>
      <Quantity>100.00</Quantity>
      <UnitOfMeasure>100 גרם</UnitOfMeasure>
      <bIsWeighted>0</bIsWeighted>
      <QtyInPackage>1</QtyInPackage>
      <ItemPrice>22.90</ItemPrice>
      <UnitOfMeasurePrice>22.9000</UnitOfMeasurePrice>
      <AllowDiscount>1</AllowDiscount>
      <ItemStatus>1</ItemStatus>
      <ItemId>55213</ItemId>
    </Item>
    <Item>
      <PriceUpdateDate>2024-03-25 09:37:30</PriceUpdateDate>
      <ItemCode>7290000001144</ItemCode>
      <ItemType>1</ItemType>
      <ItemName>שייקה מוסקובסקיה</ItemName>
      <ManufacturerName>מעדני מניה תעשיות בש</ManufacturerName>
      <ManufactureCountry>לא ידוע</ManufactureCountry>
      <ManufacturerItemDescription>שייקה מוסקובסקיה</ManufacturerItemDescription>
      <UnitQty>קילוגרמים</UnitQty>
      <Quantity>1.00</Quantity>
      <UnitOfMeasure>ק"ג</UnitOfMeasure>
      <bIsWeighted>1</bIsWeighted>
      <QtyInPackage>לא ידוע</QtyInPackage>
      <ItemPrice>169.00</ItemPrice>
      <UnitOfMeasurePrice>169.0000</UnitOfMeasurePrice>
      <AllowDiscount>1</AllowDiscount>
      <ItemStatus>1</ItemStatus>
      <ItemId>55227</ItemId>
    </Item>
    <Item>
      <PriceUpdateDate>2024-11-11 15:01:11</PriceUpdateDate>
      <ItemCode>4813538004282</ItemCode>
      <ItemType>1</ItemType>
      <ItemName>נקטר סוצני תפוח עץ 1</ItemName>
      <ManufacturerName>OASIS GROUP</ManufacturerName>
      <ManufactureCountry>לא ידוע</ManufactureCountry>
      <ManufacturerItemDescription>נקטר "סוצני" תפוח עץ 1.950 ל</ManufacturerItemDescription>
      <UnitQty>ליטרים</UnitQty>
      <Quantity>1.95</Quantity>
      <UnitOfMeasure>ליטר    </UnitOfMeasure>
      <bIsWeighted>0</bIsWeighted>
      <QtyInPackage>1</QtyInPackage>
      <ItemPrice>22.90</ItemPrice>
      <UnitOfMeasurePrice>11.7436</UnitOfMeasurePrice>
      <AllowDiscount>1</AllowDiscount>
      <ItemStatus>1</ItemStatus>
      <ItemId>55283</ItemId>
    </Item>
    <Item>
      <PriceUpdateDate>2025-09-19 12:06:31</PriceUpdateDate>
      <ItemCode>4001751064262</ItemCode>
      <ItemType>1</ItemType>
      <ItemName>חזרת בשמנת 190 גר</ItemName>
      <ManufacturerName>Erich trapp</ManufacturerName>
      <ManufactureCountry>לא ידוע</ManufactureCountry>
      <ManufacturerItemDescription>חזרת בשמנת 200גר</ManufacturerItemDescription>
      <UnitQty>גרמים</UnitQty>
      <Quantity>190.00</Quantity>
      <UnitOfMeasure>100 גרם</UnitOfMeasure>
      <bIsWeighted>0</bIsWeighted>
      <QtyInPackage>1</QtyInPackage>
      <ItemPrice>10.90</ItemPrice>
      <UnitOfMeasurePrice>5.7368</UnitOfMeasurePrice>
      <AllowDiscount>1</AllowDiscount>
      <ItemStatus>1</ItemStatus>
      <ItemId>55395</ItemId>
    </Item>
    <Item>
      <PriceUpdateDate>2023-12-31 12:48:53</PriceUpdateDate>
      <ItemCode>4820029960620</ItemCode>
      <ItemType>1</ItemType>
      <ItemName>קונפיטורה דובדבנים ל</ItemName>
      <ManufacturerName>טסומאן</ManufacturerName>
      <ManufactureCountry>לא ידוע</ManufactureCountry>
      <ManufacturerItemDescription>קונפיטורה דובדבנים ללא חרצנים 1250 גר</ManufacturerItemDescription>
      <UnitQty>גרמים</UnitQty>
      <Quantity>1250.00</Quantity>
      <UnitOfMeasure>100 גרם</UnitOfMeasure>
      <bIsWeighted>0</bIsWeighted>
      <QtyInPackage>1</QtyInPackage>
      <ItemPrice>39.90</ItemPrice>
      <UnitOfMeasurePrice>3.1920</UnitOfMeasurePrice>
      <AllowDiscount>1</AllowDiscount>
      <ItemStatus>1</ItemStatus>
      <ItemId>55433</ItemId>
    </Item>
    <Item>
      <PriceUpdateDate>2024-11-06 16:48:21</PriceUpdateDate>
      <ItemCode>7290012306587</ItemCode>
      <ItemType>1</ItemType>
      <ItemName>ברבריס מאיין 25 גר</ItemName>
      <ManufacturerName>PROFAGROTECHNIKA</ManufacturerName>
      <ManufactureCountry>לא ידוע</ManufactureCountry>
      <ManufacturerItemDescription>ברבריס מאיין 25גר</ManufacturerItemDescription>
      <UnitQty>גרמים</UnitQty>
      <Quantity>25.00</Quantity>
      <UnitOfMeasure>100 גרם</UnitOfMeasure>
      <bIsWeighted>0</bIsWeighted>
      <QtyInPackage>1</QtyInPackage>
      <ItemPrice>11.90</ItemPrice>
      <UnitOfMeasurePrice>47.6000</UnitOfMeasurePrice>
      <AllowDiscount>1</AllowDiscount>
      <ItemStatus>1</ItemStatus>
      <ItemId>55456</ItemId>
    </Item>
    <Item>
      <PriceUpdateDate>2023-12-31 12:48:54</PriceUpdateDate>
      <ItemCode>8850367990443</ItemCode>
      <ItemType>1</ItemType>
      <ItemName>רוטב לסלט בסגנון אסי</ItemName>
      <ManufacturerName>Theppadungporn cocon</ManufacturerName>
      <ManufactureCountry>לא ידוע</ManufactureCountry>
      <ManufacturerItemDescription>רוטב לסלט בסגנון אסיאטי 285מל</ManufacturerItemDescription>
      <UnitQty>מיליליטרים</UnitQty>
      <Quantity>285.00</Quantity>
      <UnitOfMeasure>100 מ"ל</UnitOfMeasure>
      <bIsWeighted>0</bIsWeighted>
      <QtyInPackage>1</QtyInPackage>
      <ItemPrice>11.90</ItemPrice>
      <UnitOfMeasurePrice>4.1754</UnitOfMeasurePrice>
      <AllowDiscount>1</AllowDiscount>
      <ItemStatus>1</ItemStatus>
      <ItemId>55470</ItemId>
    </Item>
    <Item>
      <PriceUpdateDate>2023-12-31 12:48:54</PriceUpdateDate>
      <ItemCode>16151</ItemCode>
      <ItemType>0</ItemType>
      <ItemName>לזניה בשר</ItemName>
      <ManufacturerName>,</ManufacturerName>
      <ManufactureCountry>לא ידוע</ManufactureCountry>
      <ManufacturerItemDescription>לזניה בשר</ManufacturerItemDescription>
      <UnitQty>קילוגרמים</UnitQty>
      <Quantity>1.00</Quantity>
      <UnitOfMeasure>ק"ג</UnitOfMeasure>
      <bIsWeighted>1</bIsWeighted>
      <QtyInPackage>לא ידוע</QtyInPackage>
      <ItemPrice>99.00</ItemPrice>
      <UnitOfMeasurePrice>99.0000</UnitOfMeasurePrice>
      <AllowDiscount>1</AllowDiscount>
      <ItemStatus>1</ItemStatus>
      <ItemId>55484</ItemId>
    </Item>
    <Item>
      <PriceUpdateDate>2025-02-02 07:39:54</PriceUpdateDate>
      <ItemCode>16154</ItemCode>
      <ItemType>0</ItemType>
      <ItemName>קציצות עוף ברוטב עגב</ItemName>
      <ManufacturerName>,</ManufacturerName>
      <ManufactureCountry>לא ידוע</ManufactureCountry>
      <ManufacturerItemDescription>קציצות עוף ברוטב עגבניות</ManufacturerItemDescription>
      <UnitQty>קילוגרמים</UnitQty>
      <Quantity>1.00</Quantity>
      <UnitOfMeasure>ק"ג</UnitOfMeasure>
      <bIsWeighted>1</bIsWeighted>
      <QtyInPackage>לא ידוע</QtyInPackage>
      <ItemPrice>79.00</ItemPrice>
      <UnitOfMeasurePrice>79.0000</UnitOfMeasurePrice>
      <AllowDiscount>1</AllowDiscount>
      <ItemStatus>1</ItemStatus>
      <ItemId>55485</ItemId>
    </Item>
    <Item>
      <PriceUpdateDate>2025-02-02 07:39:54</PriceUpdateDate>
      <ItemCode>16147</ItemCode>
      <ItemType>0</ItemType>
      <ItemName>סלט פטריות כבושות</ItemName>
      <ManufacturerName>,</ManufacturerName>
      <ManufactureCountry>לא ידוע</ManufactureCountry>
      <ManufacturerItemDescription>סלט פטריות כבושות</ManufacturerItemDescription>
      <UnitQty>קילוגרמים</UnitQty>
      <Quantity>1.00</Quantity>
      <UnitOfMeasure>ק"ג</UnitOfMeasure>
      <bIsWeighted>1</bIsWeighted>
      <QtyInPackage>לא ידוע</QtyInPackage>
      <ItemPrice>79.00</ItemPrice>
      <UnitOfMeasurePrice>79.0000</UnitOfMeasurePrice>
      <AllowDiscount>1</AllowDiscount>
      <ItemStatus>1</ItemStatus>
      <ItemId>55487</ItemId>
    </Item>
    <Item>
      <PriceUpdateDate>2023-12-31 12:48:54</PriceUpdateDate>
      <ItemCode>16153</ItemCode>
      <ItemType>0</ItemType>
      <ItemName>שניצל עוף סופר קריספ</ItemName>
      <ManufacturerName>,</ManufacturerName>
      <ManufactureCountry>לא ידוע</ManufactureCountry>
      <ManufacturerItemDescription>שניצל עוף סופר קריספי</ManufacturerItemDescription>
      <UnitQty>קילוגרמים</UnitQty>
      <Quantity>1.00</Quantity>
      <UnitOfMeasure>ק"ג</UnitOfMeasure>
      <bIsWeighted>1</bIsWeighted>
      <QtyInPackage>לא ידוע</QtyInPackage>
      <ItemPrice>89.00</ItemPrice>
      <UnitOfMeasurePrice>89.0000</UnitOfMeasurePrice>
      <AllowDiscount>1</AllowDiscount>
      <ItemStatus>1</ItemStatus>
      <ItemId>55488</ItemId>
    </Item>
    <Item>
      <PriceUpdateDate>2025-06-03 08:36:01</PriceUpdateDate>
      <ItemCode>16152</ItemCode>
      <ItemType>0</ItemType>
      <ItemName>לביבות גבינה</ItemName>
      <ManufacturerName>,</ManufacturerName>
      <ManufactureCountry>לא ידוע</ManufactureCountry>
      <ManufacturerItemDescription>לביבות גבינה</ManufacturerItemDescription>
      <UnitQty>קילוגרמים</UnitQty>
      <Quantity>1.00</Quantity>
      <UnitOfMeasure>ק"ג</UnitOfMeasure>
      <bIsWeighted>1</bIsWeighted>
      <QtyInPackage>לא ידוע</QtyInPackage>
      <ItemPrice>75.00</ItemPrice>
      <UnitOfMeasurePrice>75.0000</UnitOfMeasurePrice>
      <AllowDiscount>1</AllowDiscount>
      <ItemStatus>1</ItemStatus>
      <ItemId>55491</ItemId>
    </Item>
    <Item>
      <PriceUpdateDate>2024-11-22 08:27:50</PriceUpdateDate>
      <ItemCode>7290000007605</ItemCode>
      <ItemType>1</ItemType>
      <ItemName>פילה הרינג לבן</ItemName>
      <ManufacturerName>,</ManufacturerName>
      <ManufactureCountry>לא ידוע</ManufactureCountry>
      <ManufacturerItemDescription>פילה הרינג לבן</ManufacturerItemDescription>
      <UnitQty>קילוגרמים</UnitQty>
      <Quantity>1.00</Quantity>
      <UnitOfMeasure>ק"ג</UnitOfMeasure>
      <bIsWeighted>1</bIsWeighted>
      <QtyInPackage>לא ידוע</QtyInPackage>
      <ItemPrice>49.00</ItemPrice>
      <UnitOfMeasurePrice>49.0000</UnitOfMeasurePrice>
      <AllowDiscount>1</AllowDiscount>
      <ItemStatus>1</ItemStatus>
      <ItemId>55530</ItemId>
    </Item>
    <Item>
      <PriceUpdateDate>2025-12-01 19:57:14</PriceUpdateDate>
      <ItemCode>1607</ItemCode>
      <ItemType>0</ItemType>
      <ItemName>שינקה לקס</ItemName>
      <ManufacturerName>קרלברג ייצור ושיווק</ManufacturerName>
      <ManufactureCountry>לא ידוע</ManufactureCountry>
      <ManufacturerItemDescription>שינקה לקס</ManufacturerItemDescription>
      <UnitQty>קילוגרמים</UnitQty>
      <Quantity>1.00</Quantity>
      <UnitOfMeasure>ק"ג</UnitOfMeasure>
      <bIsWeighted>1</bIsWeighted>
      <QtyInPackage>לא ידוע</QtyInPackage>
      <ItemPrice>259.00</ItemPrice>
      <UnitOfMeasurePrice>259.0000</UnitOfMeasurePrice>
      <AllowDiscount>1</AllowDiscount>
      <ItemStatus>1</ItemStatus>
      <ItemId>55559</ItemId>
    </Item>
    <Item>
      <PriceUpdateDate>2024-11-06 16:48:21</PriceUpdateDate>
      <ItemCode>4607931605210</ItemCode>
      <ItemType>1</ItemType>
      <ItemName>משקה דושס 500 מל</ItemName>
      <ManufacturerName>RASSVET</ManufacturerName>
      <ManufactureCountry>לא ידוע</ManufactureCountry>
      <ManufacturerItemDescription>משקה "דושס" 0.5 ל</ManufacturerItemDescription>
      <UnitQty>מיליליטרים</UnitQty>
      <Quantity>500.00</Quantity>
      <UnitOfMeasure>100 מ"ל</UnitOfMeasure>
      <bIsWeighted>0</bIsWeighted>
      <QtyInPackage>1</QtyInPackage>
      <ItemPrice>8.90</ItemPrice>
      <UnitOfMeasurePrice>1.7800</UnitOfMeasurePrice>
      <AllowDiscount>1</AllowDiscount>
      <ItemStatus>1</ItemStatus>
      <ItemId>55605</ItemId>
    </Item>
    <Item>
      <PriceUpdateDate>2025-08-12 12:29:43</PriceUpdateDate>
      <ItemCode>4607931605234</ItemCode>
      <ItemType>1</ItemType>
      <ItemName>משקה לימונד 500 מל</ItemName>
      <ManufacturerName>RASSVET</ManufacturerName>
      <ManufactureCountry>לא ידוע</ManufactureCountry>
      <ManufacturerItemDescription>משקה "לימונד" 0.5 ל</ManufacturerItemDescription>
      <UnitQty>מיליליטרים</UnitQty>
      <Quantity>500.00</Quantity>
      <UnitOfMeasure>100 מ"ל</UnitOfMeasure>
      <bIsWeighted>0</bIsWeighted>
      <QtyInPackage>1</QtyInPackage>
      <ItemPrice>8.90</ItemPrice>
      <UnitOfMeasurePrice>1.7800</UnitOfMeasurePrice>
      <AllowDiscount>1</AllowDiscount>
      <ItemStatus>1</ItemStatus>
      <ItemId>55606</ItemId>
    </Item>
    <Item>
      <PriceUpdateDate>2025-08-12 12:29:43</PriceUpdateDate>
      <ItemCode>4607931605227</ItemCode>
      <ItemType>1</ItemType>
      <ItemName>משקה טרחון 500 מל</ItemName>
      <ManufacturerName>RASSVET</ManufacturerName>
      <ManufactureCountry>לא ידוע</ManufactureCountry>
      <ManufacturerItemDescription>משקה "טרחון" 0.5 ל</ManufacturerItemDescription>
      <UnitQty>מיליליטרים</UnitQty>
      <Quantity>500.00</Quantity>
      <UnitOfMeasure>100 מ"ל</UnitOfMeasure>
      <bIsWeighted>0</bIsWeighted>
      <QtyInPackage>1</QtyInPackage>
      <ItemPrice>8.90</ItemPrice>
      <UnitOfMeasurePrice>1.7800</UnitOfMeasurePrice>
      <AllowDiscount>1</AllowDiscount>
      <ItemStatus>1</ItemStatus>
      <ItemId>55607</ItemId>
    </Item>
    <Item>
      <PriceUpdateDate>2025-08-12 12:29:43</PriceUpdateDate>
      <ItemCode>4607931605302</ItemCode>
      <ItemType>1</ItemType>
      <ItemName>משקה אקסטרה-סיטרו 50</ItemName>
      <ManufacturerName>RASSVET</ManufacturerName>
      <ManufactureCountry>לא ידוע</ManufactureCountry>
      <ManufacturerItemDescription>משקה "אקסטרה-סיטרו" 0.5 ל</ManufacturerItemDescription>
      <UnitQty>מיליליטרים</UnitQty>
      <Quantity>500.00</Quantity>
      <UnitOfMeasure>100 מ"ל</UnitOfMeasure>
      <bIsWeighted>0</bIsWeighted>
      <QtyInPackage>1</QtyInPackage>
      <ItemPrice>8.90</ItemPrice>
      <UnitOfMeasurePrice>1.7800</UnitOfMeasurePrice>
      <AllowDiscount>1</AllowDiscount>
      <ItemStatus>1</ItemStatus>
      <ItemId>55609</ItemId>
    </Item>
    <Item>
      <PriceUpdateDate>2023-12-31 12:48:55</PriceUpdateDate>
      <ItemCode>4607035191688</ItemCode>
      <ItemType>1</ItemType>
      <ItemName>עמילן תפוא 180 גר</ItemName>
      <ManufacturerName>COMPANI SPACE</ManufacturerName>
      <ManufactureCountry>לא ידוע</ManufactureCountry>
      <ManufacturerItemDescription>עמילן תפו"א 180גר</ManufacturerItemDescription>
      <UnitQty>גרמים</UnitQty>
      <Quantity>180.00</Quantity>
      <UnitOfMeasure>100 גרם</UnitOfMeasure>
      <bIsWeighted>0</bIsWeighted>
      <QtyInPackage>1</QtyInPackage>
      <ItemPrice>4.90</ItemPrice>
      <UnitOfMeasurePrice>2.7222</UnitOfMeasurePrice>
      <AllowDiscount>1</AllowDiscount>
      <ItemStatus>1</ItemStatus>
      <ItemId>55617</ItemId>
    </Item>
    <Item>
      <PriceUpdateDate>2023-12-31 12:48:55</PriceUpdateDate>
      <ItemCode>4607035192814</ItemCode>
      <ItemType>1</ItemType>
      <ItemName>חומצת לימון 10גר</ItemName>
      <ManufacturerName>COMPANI SPACE</ManufacturerName>
      <ManufactureCountry>לא ידוע</ManufactureCountry>
      <ManufacturerItemDescription>חומצת לימון 10גר</ManufacturerItemDescription>
      <UnitQty>גרמים</UnitQty>
      <Quantity>10.00</Quantity>
      <UnitOfMeasure>100 גרם</UnitOfMeasure>
      <bIsWeighted>0</bIsWeighted>
      <QtyInPackage>1</QtyInPackage>
      <ItemPrice>2.90</ItemPrice>
      <UnitOfMeasurePrice>29.0000</UnitOfMeasurePrice>
      <AllowDiscount>1</AllowDiscount>
      <ItemStatus>1</ItemStatus>
      <ItemId>55624</ItemId>
    </Item>
    <Item>
      <PriceUpdateDate>2024-11-25 08:43:53</PriceUpdateDate>
      <ItemCode>6430016342049</ItemCode>
      <ItemType>1</ItemType>
      <ItemName>חמאה טאוסנד לייק 475</ItemName>
      <ManufacturerName>,</ManufacturerName>
      <ManufactureCountry>לא ידוע</ManufactureCountry>
      <ManufacturerItemDescription>חמאה "טאוסנד לייק" 475 גר</ManufacturerItemDescription>
      <UnitQty>גרמים</UnitQty>
      <Quantity>475.00</Quantity>
      <UnitOfMeasure>100 גרם</UnitOfMeasure>
      <bIsWeighted>0</bIsWeighted>
      <QtyInPackage>1</QtyInPackage>
      <ItemPrice>49.90</ItemPrice>
      <UnitOfMeasurePrice>10.5053</UnitOfMeasurePrice>
      <AllowDiscount>1</AllowDiscount>
      <ItemStatus>1</ItemStatus>
      <ItemId>55631</ItemId>
    </Item>
    <Item>
      <PriceUpdateDate>2024-11-22 08:30:48</PriceUpdateDate>
      <ItemCode>4607016310176</ItemCode>
      <ItemType>1</ItemType>
      <ItemName>רוטב עגבניות קינטו</ItemName>
      <ManufacturerName>אואואו דרסיל</ManufacturerName>
      <ManufactureCountry>לא ידוע</ManufactureCountry>
      <ManufacturerItemDescription>רוטב עגבניות קינטו  300גר</ManufacturerItemDescription>
      <UnitQty>גרמים</UnitQty>
      <Quantity>300.00</Quantity>
      <UnitOfMeasure>100 גרם</UnitOfMeasure>
      <bIsWeighted>0</bIsWeighted>
      <QtyInPackage>1</QtyInPackage>
      <ItemPrice>13.90</ItemPrice>
      <UnitOfMeasurePrice>4.6333</UnitOfMeasurePrice>
      <AllowDiscount>1</AllowDiscount>
      <ItemStatus>1</ItemStatus>
      <ItemId>55639</ItemId>
    </Item>
    <Item>
      <PriceUpdateDate>2024-11-22 08:30:48</PriceUpdateDate>
      <ItemCode>4607016310251</ItemCode>
      <ItemType>1</ItemType>
      <ItemName>רוטב טקמלי קינטו קלא</ItemName>
      <ManufacturerName>אואואו דרסיל</ManufacturerName>
      <ManufactureCountry>לא ידוע</ManufactureCountry>
      <ManufacturerItemDescription>רוטב טקמלי קינטו קלאסיק 300גר</ManufacturerItemDescription>
      <UnitQty>גרמים</UnitQty>
      <Quantity>300.00</Quantity>
      <UnitOfMeasure>100 גרם</UnitOfMeasure>
      <bIsWeighted>0</bIsWeighted>
      <QtyInPackage>1</QtyInPackage>
      <ItemPrice>18.90</ItemPrice>
      <UnitOfMeasurePrice>6.3000</UnitOfMeasurePrice>
      <AllowDiscount>1</AllowDiscount>
      <ItemStatus>1</ItemStatus>
      <ItemId>55641</ItemId>
    </Item>
    <Item>
      <PriceUpdateDate>2024-11-22 08:30:48</PriceUpdateDate>
      <ItemCode>4607016310268</ItemCode>
      <ItemType>1</ItemType>
      <ItemName>רוטב טקמלי קינטו ירו</ItemName>
      <ManufacturerName>אואואו דרסיל</ManufacturerName>
      <ManufactureCountry>לא ידוע</ManufactureCountry>
      <ManufacturerItemDescription>רוטב טקמלי קינטו ירוק 300גר</ManufacturerItemDescription>
      <UnitQty>גרמים</UnitQty>
      <Quantity>300.00</Quantity>
      <UnitOfMeasure>100 גרם</UnitOfMeasure>
      <bIsWeighted>0</bIsWeighted>
      <QtyInPackage>1</QtyInPackage>
      <ItemPrice>18.90</ItemPrice>
      <UnitOfMeasurePrice>6.3000</UnitOfMeasurePrice>
      <AllowDiscount>1</AllowDiscount>
      <ItemStatus>1</ItemStatus>
      <ItemId>55643</ItemId>
    </Item>
    <Item>
      <PriceUpdateDate>2023-12-31 12:48:55</PriceUpdateDate>
      <ItemCode>7290013710338</ItemCode>
      <ItemType>1</ItemType>
      <ItemName>סובין פישתן3 200 גר</ItemName>
      <ManufacturerName>BETTER FLEX</ManufacturerName>
      <ManufactureCountry>לא ידוע</ManufactureCountry>
      <ManufacturerItemDescription>סובין פישתן3 200גר</ManufacturerItemDescription>
      <UnitQty>גרמים</UnitQty>
      <Quantity>200.00</Quantity>
      <UnitOfMeasure>100 גרם</UnitOfMeasure>
      <bIsWeighted>0</bIsWeighted>
      <QtyInPackage>1</QtyInPackage>
      <ItemPrice>10.90</ItemPrice>
      <UnitOfMeasurePrice>5.4500</UnitOfMeasurePrice>
      <AllowDiscount>1</AllowDiscount>
      <ItemStatus>1</ItemStatus>
      <ItemId>55703</ItemId>
    </Item>
    <Item>
      <PriceUpdateDate>2025-06-15 10:42:36</PriceUpdateDate>
      <ItemCode>4770237048088</ItemCode>
      <ItemType>1</ItemType>
      <ItemName>גלידת שרבט אוכמניות</ItemName>
      <ManufacturerName>,</ManufacturerName>
      <ManufactureCountry>לא ידוע</ManufactureCountry>
      <ManufacturerItemDescription>גלידת שרבט אוכמניות גביע 82 גר</ManufacturerItemDescription>
      <UnitQty>גרמים</UnitQty>
      <Quantity>82.00</Quantity>
      <UnitOfMeasure>100 גרם</UnitOfMeasure>
      <bIsWeighted>0</bIsWeighted>
      <QtyInPackage>1</QtyInPackage>
      <ItemPrice>8.90</ItemPrice>
      <UnitOfMeasurePrice>10.8537</UnitOfMeasurePrice>
      <AllowDiscount>1</AllowDiscount>
      <ItemStatus>1</ItemStatus>
      <ItemId>55730</ItemId>
    </Item>
    <Item>
      <PriceUpdateDate>2024-11-12 12:03:22</PriceUpdateDate>
      <ItemCode>7290000001499</ItemCode>
      <ItemType>1</ItemType>
      <ItemName>כנפיים עוף מעושנים</ItemName>
      <ManufacturerName>ולדמן ביח"ר לנקניק ו</ManufacturerName>
      <ManufactureCountry>לא ידוע</ManufactureCountry>
      <ManufacturerItemDescription>כנפיים עוף מעושנים</ManufacturerItemDescription>
      <UnitQty>קילוגרמים</UnitQty>
      <Quantity>1.00</Quantity>
      <UnitOfMeasure>ק"ג</UnitOfMeasure>
      <bIsWeighted>1</bIsWeighted>
      <QtyInPackage>לא ידוע</QtyInPackage>
      <ItemPrice>45.00</ItemPrice>
      <UnitOfMeasurePrice>45.0000</UnitOfMeasurePrice>
      <AllowDiscount>1</AllowDiscount>
      <ItemStatus>1</ItemStatus>
      <ItemId>55736</ItemId>
    </Item>
    <Item>
      <PriceUpdateDate>2024-11-25 08:44:16</PriceUpdateDate>
      <ItemCode>4607012351999</ItemCode>
      <ItemType>1</ItemType>
      <ItemName>גרעיני חמנייה מרטין</ItemName>
      <ManufacturerName>,</ManufacturerName>
      <ManufactureCountry>לא ידוע</ManufactureCountry>
      <ManufacturerItemDescription>גרעיני חמנייה מרטין עם מלח 200גר</ManufacturerItemDescription>
      <UnitQty>גרמים</UnitQty>
      <Quantity>200.00</Quantity>
      <UnitOfMeasure>100 גרם</UnitOfMeasure>
      <bIsWeighted>0</bIsWeighted>
      <QtyInPackage>1</QtyInPackage>
      <ItemPrice>13.90</ItemPrice>
      <UnitOfMeasurePrice>6.9500</UnitOfMeasurePrice>
      <AllowDiscount>1</AllowDiscount>
      <ItemStatus>1</ItemStatus>
      <ItemId>55750</ItemId>
    </Item>
    <Item>
      <PriceUpdateDate>2024-11-03 14:19:35</PriceUpdateDate>
      <ItemCode>7290013720924</ItemCode>
      <ItemType>1</ItemType>
      <ItemName>ממרח פטה אווז 140 גר</ItemName>
      <ManufacturerName>,</ManufacturerName>
      <ManufactureCountry>לא ידוע</ManufactureCountry>
      <ManufacturerItemDescription>ממרח פטה אווז 140 גר</ManufacturerItemDescription>
      <UnitQty>גרמים</UnitQty>
      <Quantity>140.00</Quantity>
      <UnitOfMeasure>100 גרם</UnitOfMeasure>
      <bIsWeighted>0</bIsWeighted>
      <QtyInPackage>1</QtyInPackage>
      <ItemPrice>21.90</ItemPrice>
      <UnitOfMeasurePrice>15.6429</UnitOfMeasurePrice>
      <AllowDiscount>1</AllowDiscount>
      <ItemStatus>1</ItemStatus>
      <ItemId>55791</ItemId>
    </Item>
    <Item>
      <PriceUpdateDate>2023-12-31 12:48:56</PriceUpdateDate>
      <ItemCode>5010391100703</ItemCode>
      <ItemType>1</ItemType>
      <ItemName>ליקר דרמבוי 700 מל</ItemName>
      <ManufacturerName>,</ManufacturerName>
      <ManufactureCountry>לא ידוע</ManufactureCountry>
      <ManufacturerItemDescription>ליקר דרמבוי 700 מ"ל</ManufacturerItemDescription>
      <UnitQty>מיליליטרים</UnitQty>
      <Quantity>700.00</Quantity>
      <UnitOfMeasure>100 מ"ל</UnitOfMeasure>
      <bIsWeighted>0</bIsWeighted>
      <QtyInPackage>1</QtyInPackage>
      <ItemPrice>159.90</ItemPrice>
      <UnitOfMeasurePrice>22.8429</UnitOfMeasurePrice>
      <AllowDiscount>1</AllowDiscount>
      <ItemStatus>1</ItemStatus>
      <ItemId>55802</ItemId>
    </Item>
    <Item>
      <PriceUpdateDate>2024-11-12 12:03:23</PriceUpdateDate>
      <ItemCode>1394</ItemCode>
      <ItemType>0</ItemType>
      <ItemName>פסטרמה סטוליצניה</ItemName>
      <ManufacturerName>ולדמן ביח"ר לנקניק ו</ManufacturerName>
      <ManufactureCountry>לא ידוע</ManufactureCountry>
      <ManufacturerItemDescription>פסטרמה סטוליצניה</ManufacturerItemDescription>
      <UnitQty>קילוגרמים</UnitQty>
      <Quantity>1.00</Quantity>
      <UnitOfMeasure>ק"ג</UnitOfMeasure>
      <bIsWeighted>1</bIsWeighted>
      <QtyInPackage>לא ידוע</QtyInPackage>
      <ItemPrice>169.00</ItemPrice>
      <UnitOfMeasurePrice>169.0000</UnitOfMeasurePrice>
      <AllowDiscount>1</AllowDiscount>
      <ItemStatus>1</ItemStatus>
      <ItemId>55865</ItemId>
    </Item>
    <Item>
      <PriceUpdateDate>2023-12-31 12:48:56</PriceUpdateDate>
      <ItemCode>8015997000911</ItemCode>
      <ItemType>1</ItemType>
      <ItemName>בישקוטים מאריני 200</ItemName>
      <ManufacturerName>Biscottificio Verona</ManufacturerName>
      <ManufactureCountry>לא ידוע</ManufactureCountry>
      <ManufacturerItemDescription>בישקוטים מאריני 200 גר</ManufacturerItemDescription>
      <UnitQty>גרמים</UnitQty>
      <Quantity>200.00</Quantity>
      <UnitOfMeasure>100 גרם</UnitOfMeasure>
      <bIsWeighted>0</bIsWeighted>
      <QtyInPackage>1</QtyInPackage>
      <ItemPrice>7.90</ItemPrice>
      <UnitOfMeasurePrice>3.9500</UnitOfMeasurePrice>
      <AllowDiscount>1</AllowDiscount>
      <ItemStatus>1</ItemStatus>
      <ItemId>55896</ItemId>
    </Item>
    <Item>
      <PriceUpdateDate>2023-12-31 12:48:57</PriceUpdateDate>
      <ItemCode>7290000319803</ItemCode>
      <ItemType>1</ItemType>
      <ItemName>קבנוס יחיעם קלאסי 12</ItemName>
      <ManufacturerName>מעדני יחיעם 1993</ManufacturerName>
      <ManufactureCountry>לא ידוע</ManufactureCountry>
      <ManufacturerItemDescription>קבנוס יחיעם קלאסי 125 גר</ManufacturerItemDescription>
      <UnitQty>גרמים</UnitQty>
      <Quantity>125.00</Quantity>
      <UnitOfMeasure>100 גרם</UnitOfMeasure>
      <bIsWeighted>0</bIsWeighted>
      <QtyInPackage>1</QtyInPackage>
      <ItemPrice>18.90</ItemPrice>
      <UnitOfMeasurePrice>15.1200</UnitOfMeasurePrice>
      <AllowDiscount>1</AllowDiscount>
      <ItemStatus>1</ItemStatus>
      <ItemId>55901</ItemId>
    </Item>
    <Item>
      <PriceUpdateDate>2025-08-12 12:29:43</PriceUpdateDate>
      <ItemCode>4607931605654</ItemCode>
      <ItemType>1</ItemType>
      <ItemName>משקה מוחיטו 500 מל</ItemName>
      <ManufacturerName>משקה</ManufacturerName>
      <ManufactureCountry>לא ידוע</ManufactureCountry>
      <ManufacturerItemDescription>משקה מוחיטו 500 מ"ל</ManufacturerItemDescription>
      <UnitQty>מיליליטרים</UnitQty>
      <Quantity>500.00</Quantity>
      <UnitOfMeasure>100 מ"ל</UnitOfMeasure>
      <bIsWeighted>0</bIsWeighted>
      <QtyInPackage>1</QtyInPackage>
      <ItemPrice>8.90</ItemPrice>
      <UnitOfMeasurePrice>1.7800</UnitOfMeasurePrice>
      <AllowDiscount>1</AllowDiscount>
      <ItemStatus>1</ItemStatus>
      <ItemId>55910</ItemId>
    </Item>
    <Item>
      <PriceUpdateDate>2024-11-27 12:31:34</PriceUpdateDate>
      <ItemCode>4600919807637</ItemCode>
      <ItemType>1</ItemType>
      <ItemName>עוגת נפולאון 830 גר</ItemName>
      <ManufacturerName>דוברינינסקיי</ManufacturerName>
      <ManufactureCountry>לא ידוע</ManufactureCountry>
      <ManufacturerItemDescription>עוגת נפולאון 830 גר</ManufacturerItemDescription>
      <UnitQty>גרמים</UnitQty>
      <Quantity>830.00</Quantity>
      <UnitOfMeasure>100 גרם</UnitOfMeasure>
      <bIsWeighted>0</bIsWeighted>
      <QtyInPackage>1</QtyInPackage>
      <ItemPrice>86.90</ItemPrice>
      <UnitOfMeasurePrice>10.4699</UnitOfMeasurePrice>
      <AllowDiscount>1</AllowDiscount>
      <ItemStatus>1</ItemStatus>
      <ItemId>55911</ItemId>
    </Item>
    <Item>
      <PriceUpdateDate>2024-09-02 10:54:09</PriceUpdateDate>
      <ItemCode>4600919806845</ItemCode>
      <ItemType>1</ItemType>
      <ItemName>קורזינוצקי מיקס 300</ItemName>
      <ManufacturerName>דוברינינסקיי</ManufacturerName>
      <ManufactureCountry>לא ידוע</ManufactureCountry>
      <ManufacturerItemDescription>קורזינוצקי מיקס 300 גר</ManufacturerItemDescription>
      <UnitQty>גרמים</UnitQty>
      <Quantity>300.00</Quantity>
      <UnitOfMeasure>100 גרם</UnitOfMeasure>
      <bIsWeighted>0</bIsWeighted>
      <QtyInPackage>1</QtyInPackage>
      <ItemPrice>42.90</ItemPrice>
      <UnitOfMeasurePrice>14.3000</UnitOfMeasurePrice>
      <AllowDiscount>1</AllowDiscount>
      <ItemStatus>1</ItemStatus>
      <ItemId>55913</ItemId>
    </Item>
    <Item>
      <PriceUpdateDate>2024-09-02 10:54:09</PriceUpdateDate>
      <ItemCode>4600919807798</ItemCode>
      <ItemType>1</ItemType>
      <ItemName>כדורי שוקולד בטעם בר</ItemName>
      <ManufacturerName>דוברינינסקיי</ManufacturerName>
      <ManufactureCountry>לא ידוע</ManufactureCountry>
      <ManufacturerItemDescription>כדורי שוקולד בטעם ברנדי 490 גר</ManufacturerItemDescription>
      <UnitQty>גרמים</UnitQty>
      <Quantity>490.00</Quantity>
      <UnitOfMeasure>100 גרם</UnitOfMeasure>
      <bIsWeighted>0</bIsWeighted>
      <QtyInPackage>1</QtyInPackage>
      <ItemPrice>55.90</ItemPrice>
      <UnitOfMeasurePrice>11.4082</UnitOfMeasurePrice>
      <AllowDiscount>1</AllowDiscount>
      <ItemStatus>1</ItemStatus>
      <ItemId>55916</ItemId>
    </Item>
    <Item>
      <PriceUpdateDate>2023-12-31 12:48:57</PriceUpdateDate>
      <ItemCode>4770299394680</ItemCode>
      <ItemType>1</ItemType>
      <ItemName>חטיפי גבינה מילד מעו</ItemName>
      <ManufacturerName>ג'ימטיוס</ManufacturerName>
      <ManufactureCountry>לא ידוע</ManufactureCountry>
      <ManufacturerItemDescription>חטיפי גבינה מילד מעושן 75 גר</ManufacturerItemDescription>
      <UnitQty>גרמים</UnitQty>
      <Quantity>75.00</Quantity>
      <UnitOfMeasure>100 גרם</UnitOfMeasure>
      <bIsWeighted>0</bIsWeighted>
      <QtyInPackage>1</QtyInPackage>
      <ItemPrice>9.90</ItemPrice>
      <UnitOfMeasurePrice>13.2000</UnitOfMeasurePrice>
      <AllowDiscount>1</AllowDiscount>
      <ItemStatus>1</ItemStatus>
      <ItemId>55959</ItemId>
    </Item>
    <Item>
      <PriceUpdateDate>2023-12-31 12:48:58</PriceUpdateDate>
      <ItemCode>4792252100060</ItemCode>
      <ItemType>1</ItemType>
      <ItemName>תה ציילון אובה בסילו</ItemName>
      <ManufacturerName>בסילור</ManufacturerName>
      <ManufactureCountry>לא ידוע</ManufactureCountry>
      <ManufacturerItemDescription>תה ציילון אובה 100 גר</ManufacturerItemDescription>
      <UnitQty>גרמים</UnitQty>
      <Quantity>100.00</Quantity>
      <UnitOfMeasure>100 גרם</UnitOfMeasure>
      <bIsWeighted>0</bIsWeighted>
      <QtyInPackage>24</QtyInPackage>
      <ItemPrice>19.90</ItemPrice>
      <UnitOfMeasurePrice>19.9000</UnitOfMeasurePrice>
      <AllowDiscount>1</AllowDiscount>
      <ItemStatus>1</ItemStatus>
      <ItemId>56140</ItemId>
    </Item>
    <Item>
      <PriceUpdateDate>2023-12-31 12:48:58</PriceUpdateDate>
      <ItemCode>5703985072240</ItemCode>
      <ItemType>0</ItemType>
      <ItemName>בסגנון דנבלו 100 גר</ItemName>
      <ManufacturerName>,</ManufacturerName>
      <ManufactureCountry>לא ידוע</ManufactureCountry>
      <ManufacturerItemDescription>בסגנון דנאבלו 100 גר</ManufacturerItemDescription>
      <UnitQty>גרמים</UnitQty>
      <Quantity>100.00</Quantity>
      <UnitOfMeasure>100 גרם</UnitOfMeasure>
      <bIsWeighted>0</bIsWeighted>
      <QtyInPackage>1</QtyInPackage>
      <ItemPrice>13.90</ItemPrice>
      <UnitOfMeasurePrice>13.9000</UnitOfMeasurePrice>
      <AllowDiscount>1</AllowDiscount>
      <ItemStatus>1</ItemStatus>
      <ItemId>56160</ItemId>
    </Item>
    <Item>
      <PriceUpdateDate>2025-02-25 14:20:53</PriceUpdateDate>
      <ItemCode>3046920029759</ItemCode>
      <ItemType>1</ItemType>
      <ItemName>שוקולד לינדט אקסלנס</ItemName>
      <ManufacturerName>לינדט</ManufacturerName>
      <ManufactureCountry>לא ידוע</ManufactureCountry>
      <ManufacturerItemDescription>שוקולד לינדט אקסלנס 90% 100 גר</ManufacturerItemDescription>
      <UnitQty>גרמים</UnitQty>
      <Quantity>100.00</Quantity>
      <UnitOfMeasure>100 גרם</UnitOfMeasure>
      <bIsWeighted>0</bIsWeighted>
      <QtyInPackage>1</QtyInPackage>
      <ItemPrice>22.90</ItemPrice>
      <UnitOfMeasurePrice>22.9000</UnitOfMeasurePrice>
      <AllowDiscount>1</AllowDiscount>
      <ItemStatus>1</ItemStatus>
      <ItemId>56174</ItemId>
    </Item>
    <Item>
      <PriceUpdateDate>2025-02-25 14:20:53</PriceUpdateDate>
      <ItemCode>3046920027281</ItemCode>
      <ItemType>1</ItemType>
      <ItemName>שוקולד לינדט אקסלנס</ItemName>
      <ManufacturerName>לינדט</ManufacturerName>
      <ManufactureCountry>לא ידוע</ManufactureCountry>
      <ManufacturerItemDescription>שוקולד לינדט אקסלנס קרמלסולט 100 גר</ManufacturerItemDescription>
      <UnitQty>גרמים</UnitQty>
      <Quantity>100.00</Quantity>
      <UnitOfMeasure>100 גרם</UnitOfMeasure>
      <bIsWeighted>0</bIsWeighted>
      <QtyInPackage>1</QtyInPackage>
      <ItemPrice>22.90</ItemPrice>
      <UnitOfMeasurePrice>22.9000</UnitOfMeasurePrice>
      <AllowDiscount>1</AllowDiscount>
      <ItemStatus>1</ItemStatus>
      <ItemId>56175</ItemId>
    </Item>
    <Item>
      <PriceUpdateDate>2023-12-31 12:48:58</PriceUpdateDate>
      <ItemCode>4601780007058</ItemCode>
      <ItemType>1</ItemType>
      <ItemName>אטריות מסרקי תרנגול</ItemName>
      <ManufacturerName>מקפה</ManufacturerName>
      <ManufactureCountry>לא ידוע</ManufactureCountry>
      <ManufacturerItemDescription>אטריות מסרקי תרנגול 400 גר</ManufacturerItemDescription>
      <UnitQty>גרמים</UnitQty>
      <Quantity>400.00</Quantity>
      <UnitOfMeasure>100 גרם</UnitOfMeasure>
      <bIsWeighted>0</bIsWeighted>
      <QtyInPackage>1</QtyInPackage>
      <ItemPrice>7.90</ItemPrice>
      <UnitOfMeasurePrice>1.9750</UnitOfMeasurePrice>
      <AllowDiscount>1</AllowDiscount>
      <ItemStatus>1</ItemStatus>
      <ItemId>56180</ItemId>
    </Item>
    <Item>
      <PriceUpdateDate>2024-11-22 08:30:11</PriceUpdateDate>
      <ItemCode>4601780010089</ItemCode>
      <ItemType>1</ItemType>
      <ItemName>אפונה 400 גר</ItemName>
      <ManufacturerName>מקפה</ManufacturerName>
      <ManufactureCountry>לא ידוע</ManufactureCountry>
      <ManufacturerItemDescription>אפונה 400 גר</ManufacturerItemDescription>
      <UnitQty>גרמים</UnitQty>
      <Quantity>400.00</Quantity>
      <UnitOfMeasure>100 גרם</UnitOfMeasure>
      <bIsWeighted>0</bIsWeighted>
      <QtyInPackage>1</QtyInPackage>
      <ItemPrice>8.90</ItemPrice>
      <UnitOfMeasurePrice>2.2250</UnitOfMeasurePrice>
      <AllowDiscount>1</AllowDiscount>
      <ItemStatus>1</ItemStatus>
      <ItemId>56181</ItemId>
    </Item>
    <Item>
      <PriceUpdateDate>2023-12-31 12:48:58</PriceUpdateDate>
      <ItemCode>4607050693143</ItemCode>
      <ItemType>1</ItemType>
      <ItemName>משקה מוגז בטעם ברברי</ItemName>
      <ManufacturerName>פונטה אקווה</ManufacturerName>
      <ManufactureCountry>לא ידוע</ManufactureCountry>
      <ManufacturerItemDescription>משקה מוגז בטעם ברבריס 1.5 ל</ManufacturerItemDescription>
      <UnitQty>ליטרים</UnitQty>
      <Quantity>1.50</Quantity>
      <UnitOfMeasure>ליטר    </UnitOfMeasure>
      <bIsWeighted>0</bIsWeighted>
      <QtyInPackage>1</QtyInPackage>
      <ItemPrice>10.90</ItemPrice>
      <UnitOfMeasurePrice>7.2667</UnitOfMeasurePrice>
      <AllowDiscount>1</AllowDiscount>
      <ItemStatus>1</ItemStatus>
      <ItemId>56210</ItemId>
    </Item>
    <Item>
      <PriceUpdateDate>2023-12-31 12:48:58</PriceUpdateDate>
      <ItemCode>9002859046322</ItemCode>
      <ItemType>1</ItemType>
      <ItemName>ארטישוק חתוך פיאצלי</ItemName>
      <ManufacturerName>GUNZ WARENHANDELS</ManufacturerName>
      <ManufactureCountry>לא ידוע</ManufactureCountry>
      <ManufacturerItemDescription>ארטישוק חתוך פיאצלי 280 גר</ManufacturerItemDescription>
      <UnitQty>גרמים</UnitQty>
      <Quantity>280.00</Quantity>
      <UnitOfMeasure>100 גרם</UnitOfMeasure>
      <bIsWeighted>0</bIsWeighted>
      <QtyInPackage>1</QtyInPackage>
      <ItemPrice>22.90</ItemPrice>
      <UnitOfMeasurePrice>8.1786</UnitOfMeasurePrice>
      <AllowDiscount>1</AllowDiscount>
      <ItemStatus>1</ItemStatus>
      <ItemId>56213</ItemId>
    </Item>
    <Item>
      <PriceUpdateDate>2023-12-31 12:48:58</PriceUpdateDate>
      <ItemCode>9002859046346</ItemCode>
      <ItemType>1</ItemType>
      <ItemName>עגבניות פיאצצלי מיוב</ItemName>
      <ManufacturerName>GUNZ WARENHANDELS</ManufacturerName>
      <ManufactureCountry>לא ידוע</ManufactureCountry>
      <ManufacturerItemDescription>עגבניות פיאצצלי מיובשות בשמן 280 גר</ManufacturerItemDescription>
      <UnitQty>גרמים</UnitQty>
      <Quantity>280.00</Quantity>
      <UnitOfMeasure>100 גרם</UnitOfMeasure>
      <bIsWeighted>0</bIsWeighted>
      <QtyInPackage>1</QtyInPackage>
      <ItemPrice>21.90</ItemPrice>
      <UnitOfMeasurePrice>7.8214</UnitOfMeasurePrice>
      <AllowDiscount>1</AllowDiscount>
      <ItemStatus>1</ItemStatus>
      <ItemId>56214</ItemId>
    </Item>
    <Item>
      <PriceUpdateDate>2023-12-31 12:48:58</PriceUpdateDate>
      <ItemCode>5420066330203</ItemCode>
      <ItemType>1</ItemType>
      <ItemName>טרופל ביאנקה קקאו בא</ItemName>
      <ManufacturerName>Chocolate Q</ManufacturerName>
      <ManufactureCountry>לא ידוע</ManufactureCountry>
      <ManufacturerItemDescription>טרופל ביאנקה קקאו באריזת זהב 175 גר</ManufacturerItemDescription>
      <UnitQty>גרמים</UnitQty>
      <Quantity>175.00</Quantity>
      <UnitOfMeasure>100 גרם</UnitOfMeasure>
      <bIsWeighted>0</bIsWeighted>
      <QtyInPackage>1</QtyInPackage>
      <ItemPrice>14.90</ItemPrice>
      <UnitOfMeasurePrice>8.5143</UnitOfMeasurePrice>
      <AllowDiscount>1</AllowDiscount>
      <ItemStatus>1</ItemStatus>
      <ItemId>56217</ItemId>
    </Item>
    <Item>
      <PriceUpdateDate>2023-12-31 12:48:58</PriceUpdateDate>
      <ItemCode>5420066330210</ItemCode>
      <ItemType>1</ItemType>
      <ItemName>טרופל ביאנקה קקאו בא</ItemName>
      <ManufacturerName>Chocolate Q</ManufacturerName>
      <ManufactureCountry>לא ידוע</ManufactureCountry>
      <ManufacturerItemDescription>טרופל ביאנקה קקאו באריזת כסף 175 גר</ManufacturerItemDescription>
      <UnitQty>גרמים</UnitQty>
      <Quantity>175.00</Quantity>
      <UnitOfMeasure>100 גרם</UnitOfMeasure>
      <bIsWeighted>0</bIsWeighted>
      <QtyInPackage>1</QtyInPackage>
      <ItemPrice>14.90</ItemPrice>
      <UnitOfMeasurePrice>8.5143</UnitOfMeasurePrice>
      <AllowDiscount>1</AllowDiscount>
      <ItemStatus>1</ItemStatus>
      <ItemId>56218</ItemId>
    </Item>
    <Item>
      <PriceUpdateDate>2025-03-06 19:02:14</PriceUpdateDate>
      <ItemCode>9002859054099</ItemCode>
      <ItemType>1</ItemType>
      <ItemName>שוקולד מוצרט משושה 3</ItemName>
      <ManufacturerName>Gunz BV</ManufacturerName>
      <ManufactureCountry>לא ידוע</ManufactureCountry>
      <ManufacturerItemDescription>שוקולד מוצרט משושה 300 גר</ManufacturerItemDescription>
      <UnitQty>גרמים</UnitQty>
      <Quantity>300.00</Quantity>
      <UnitOfMeasure>100 גרם</UnitOfMeasure>
      <bIsWeighted>0</bIsWeighted>
      <QtyInPackage>1</QtyInPackage>
      <ItemPrice>46.90</ItemPrice>
      <UnitOfMeasurePrice>15.6333</UnitOfMeasurePrice>
      <AllowDiscount>1</AllowDiscount>
      <ItemStatus>1</ItemStatus>
      <ItemId>56219</ItemId>
    </Item>
    <Item>
      <PriceUpdateDate>2025-03-06 19:02:14</PriceUpdateDate>
      <ItemCode>9002859042799</ItemCode>
      <ItemType>1</ItemType>
      <ItemName>מוצרט גונץ שקית 300</ItemName>
      <ManufacturerName>Gunz BV</ManufacturerName>
      <ManufactureCountry>לא ידוע</ManufactureCountry>
      <ManufacturerItemDescription>מוצרט גונץ שקית 300 גר</ManufacturerItemDescription>
      <UnitQty>גרמים</UnitQty>
      <Quantity>300.00</Quantity>
      <UnitOfMeasure>100 גרם</UnitOfMeasure>
      <bIsWeighted>0</bIsWeighted>
      <QtyInPackage>1</QtyInPackage>
      <ItemPrice>46.90</ItemPrice>
      <UnitOfMeasurePrice>15.6333</UnitOfMeasurePrice>
      <AllowDiscount>1</AllowDiscount>
      <ItemStatus>1</ItemStatus>
      <ItemId>56220</ItemId>
    </Item>
    <Item>
      <PriceUpdateDate>2025-01-15 10:08:51</PriceUpdateDate>
      <ItemCode>4740098079316</ItemCode>
      <ItemType>1</ItemType>
      <ItemName>סידר פיז תות שדה 500</ItemName>
      <ManufacturerName>CESU ALUS</ManufacturerName>
      <ManufactureCountry>לא ידוע</ManufactureCountry>
      <ManufacturerItemDescription>סידר פיז תות שדה 500 מ"ל</ManufacturerItemDescription>
      <UnitQty>מיליליטרים</UnitQty>
      <Quantity>500.00</Quantity>
      <UnitOfMeasure>100 מ"ל</UnitOfMeasure>
      <bIsWeighted>0</bIsWeighted>
      <QtyInPackage>1</QtyInPackage>
      <ItemPrice>8.50</ItemPrice>
      <UnitOfMeasurePrice>1.7000</UnitOfMeasurePrice>
      <AllowDiscount>1</AllowDiscount>
      <ItemStatus>1</ItemStatus>
      <ItemId>56222</ItemId>
    </Item>
    <Item>
      <PriceUpdateDate>2024-11-27 12:41:19</PriceUpdateDate>
      <ItemCode>5900820014230</ItemCode>
      <ItemType>1</ItemType>
      <ItemName>גבינה נורויסקי סלמון</ItemName>
      <ManufacturerName>מלקפול</ManufacturerName>
      <ManufactureCountry>לא ידוע</ManufactureCountry>
      <ManufacturerItemDescription>גבינה נורוויסקי סלמון 150 גר</ManufacturerItemDescription>
      <UnitQty>גרמים</UnitQty>
      <Quantity>150.00</Quantity>
      <UnitOfMeasure>100 גרם</UnitOfMeasure>
      <bIsWeighted>0</bIsWeighted>
      <QtyInPackage>1</QtyInPackage>
      <ItemPrice>14.90</ItemPrice>
      <UnitOfMeasurePrice>9.9333</UnitOfMeasurePrice>
      <AllowDiscount>1</AllowDiscount>
      <ItemStatus>1</ItemStatus>
      <ItemId>56223</ItemId>
    </Item>
    <Item>
      <PriceUpdateDate>2024-07-25 08:46:36</PriceUpdateDate>
      <ItemCode>4022025390030</ItemCode>
      <ItemType>1</ItemType>
      <ItemName>יין בלו נאן ריזלינג</ItemName>
      <ManufacturerName>,</ManufacturerName>
      <ManufactureCountry>לא ידוע</ManufactureCountry>
      <ManufacturerItemDescription>יין בלו נאן ריזלינג 750 מ"ל</ManufacturerItemDescription>
      <UnitQty>מיליליטרים</UnitQty>
      <Quantity>750.00</Quantity>
      <UnitOfMeasure>100 מ"ל</UnitOfMeasure>
      <bIsWeighted>0</bIsWeighted>
      <QtyInPackage>1</QtyInPackage>
      <ItemPrice>44.90</ItemPrice>
      <UnitOfMeasurePrice>5.9867</UnitOfMeasurePrice>
      <AllowDiscount>1</AllowDiscount>
      <ItemStatus>1</ItemStatus>
      <ItemId>56242</ItemId>
    </Item>
    <Item>
      <PriceUpdateDate>2024-09-02 10:50:35</PriceUpdateDate>
      <ItemCode>7290000003125</ItemCode>
      <ItemType>1</ItemType>
      <ItemName>פסטרמה עננים פרוס בו</ItemName>
      <ManufacturerName>מעדני בשר השוקת</ManufacturerName>
      <ManufactureCountry>לא ידוע</ManufactureCountry>
      <ManufacturerItemDescription>פסטרמה עננים פרוס בוואקום</ManufacturerItemDescription>
      <UnitQty>קילוגרמים</UnitQty>
      <Quantity>1.00</Quantity>
      <UnitOfMeasure>ק"ג</UnitOfMeasure>
      <bIsWeighted>1</bIsWeighted>
      <QtyInPackage>לא ידוע</QtyInPackage>
      <ItemPrice>115.00</ItemPrice>
      <UnitOfMeasurePrice>115.0000</UnitOfMeasurePrice>
      <AllowDiscount>1</AllowDiscount>
      <ItemStatus>1</ItemStatus>
      <ItemId>56272</ItemId>
    </Item>
    <Item>
      <PriceUpdateDate>2024-09-02 10:50:35</PriceUpdateDate>
      <ItemCode>7290000003124</ItemCode>
      <ItemType>1</ItemType>
      <ItemName>פסטרמה שוורצואלד פרו</ItemName>
      <ManufacturerName>מעדני בשר השוקת</ManufacturerName>
      <ManufactureCountry>לא ידוע</ManufactureCountry>
      <ManufacturerItemDescription>פסטרמה שוורצואלד פרוס בוואקום</ManufacturerItemDescription>
      <UnitQty>קילוגרמים</UnitQty>
      <Quantity>1.00</Quantity>
      <UnitOfMeasure>ק"ג</UnitOfMeasure>
      <bIsWeighted>1</bIsWeighted>
      <QtyInPackage>לא ידוע</QtyInPackage>
      <ItemPrice>115.00</ItemPrice>
      <UnitOfMeasurePrice>115.0000</UnitOfMeasurePrice>
      <AllowDiscount>1</AllowDiscount>
      <ItemStatus>1</ItemStatus>
      <ItemId>56273</ItemId>
    </Item>
    <Item>
      <PriceUpdateDate>2024-08-16 11:25:09</PriceUpdateDate>
      <ItemCode>8410161511253</ItemCode>
      <ItemType>1</ItemType>
      <ItemName>ברנדי דה חרז רומטה ס</ItemName>
      <ManufacturerName>רומטה</ManufacturerName>
      <ManufactureCountry>לא ידוע</ManufactureCountry>
      <ManufacturerItemDescription>ברנדי דה חרז רומטה סולרה 700 מל</ManufacturerItemDescription>
      <UnitQty>מיליליטרים</UnitQty>
      <Quantity>700.00</Quantity>
      <UnitOfMeasure>100 מ"ל</UnitOfMeasure>
      <bIsWeighted>0</bIsWeighted>
      <QtyInPackage>1</QtyInPackage>
      <ItemPrice>89.90</ItemPrice>
      <UnitOfMeasurePrice>12.8429</UnitOfMeasurePrice>
      <AllowDiscount>1</AllowDiscount>
      <ItemStatus>1</ItemStatus>
      <ItemId>56336</ItemId>
    </Item>
    <Item>
      <PriceUpdateDate>2025-02-02 07:39:54</PriceUpdateDate>
      <ItemCode>16180</ItemCode>
      <ItemType>0</ItemType>
      <ItemName>עלי גפן ממולאים</ItemName>
      <ManufacturerName>,</ManufacturerName>
      <ManufactureCountry>לא ידוע</ManufactureCountry>
      <ManufacturerItemDescription>עלי גפן ממולאים</ManufacturerItemDescription>
      <UnitQty>קילוגרמים</UnitQty>
      <Quantity>1.00</Quantity>
      <UnitOfMeasure>ק"ג</UnitOfMeasure>
      <bIsWeighted>1</bIsWeighted>
      <QtyInPackage>לא ידוע</QtyInPackage>
      <ItemPrice>89.00</ItemPrice>
      <UnitOfMeasurePrice>89.0000</UnitOfMeasurePrice>
      <AllowDiscount>1</AllowDiscount>
      <ItemStatus>1</ItemStatus>
      <ItemId>56346</ItemId>
    </Item>
    <Item>
      <PriceUpdateDate>2023-12-31 12:48:59</PriceUpdateDate>
      <ItemCode>4607051158269</ItemCode>
      <ItemType>1</ItemType>
      <ItemName>תה לימון 34 גר</ItemName>
      <ManufacturerName>או א.או מאי קומפני</ManufacturerName>
      <ManufactureCountry>לא ידוע</ManufactureCountry>
      <ManufacturerItemDescription>תה לימון 34 גר</ManufacturerItemDescription>
      <UnitQty>גרמים</UnitQty>
      <Quantity>34.00</Quantity>
      <UnitOfMeasure>100 גרם</UnitOfMeasure>
      <bIsWeighted>0</bIsWeighted>
      <QtyInPackage>1</QtyInPackage>
      <ItemPrice>12.90</ItemPrice>
      <UnitOfMeasurePrice>37.9412</UnitOfMeasurePrice>
      <AllowDiscount>1</AllowDiscount>
      <ItemStatus>1</ItemStatus>
      <ItemId>56371</ItemId>
    </Item>
    <Item>
      <PriceUpdateDate>2023-12-31 12:48:59</PriceUpdateDate>
      <ItemCode>8690799020192</ItemCode>
      <ItemType>1</ItemType>
      <ItemName>ממתק צורקחלה 80 גר</ItemName>
      <ManufacturerName>בוזטופרק גידה סאנאי</ManufacturerName>
      <ManufactureCountry>לא ידוע</ManufactureCountry>
      <ManufacturerItemDescription>ממתק צורקחלה 80 גר</ManufacturerItemDescription>
      <UnitQty>גרמים</UnitQty>
      <Quantity>80.00</Quantity>
      <UnitOfMeasure>100 גרם</UnitOfMeasure>
      <bIsWeighted>0</bIsWeighted>
      <QtyInPackage>1</QtyInPackage>
      <ItemPrice>8.90</ItemPrice>
      <UnitOfMeasurePrice>11.1250</UnitOfMeasurePrice>
      <AllowDiscount>1</AllowDiscount>
      <ItemStatus>1</ItemStatus>
      <ItemId>56382</ItemId>
    </Item>
    <Item>
      <PriceUpdateDate>2023-12-31 12:48:59</PriceUpdateDate>
      <ItemCode>9002859025204</ItemCode>
      <ItemType>1</ItemType>
      <ItemName>פלחי מרמלדה גונץ 200</ItemName>
      <ManufacturerName>Gunz BV</ManufacturerName>
      <ManufactureCountry>לא ידוע</ManufactureCountry>
      <ManufacturerItemDescription>פלחי מרמלדה גונץ 200 גר</ManufacturerItemDescription>
      <UnitQty>גרמים</UnitQty>
      <Quantity>200.00</Quantity>
      <UnitOfMeasure>100 גרם</UnitOfMeasure>
      <bIsWeighted>0</bIsWeighted>
      <QtyInPackage>1</QtyInPackage>
      <ItemPrice>14.90</ItemPrice>
      <UnitOfMeasurePrice>7.4500</UnitOfMeasurePrice>
      <AllowDiscount>1</AllowDiscount>
      <ItemStatus>1</ItemStatus>
      <ItemId>56414</ItemId>
    </Item>
    <Item>
      <PriceUpdateDate>2025-03-06 18:27:25</PriceUpdateDate>
      <ItemCode>4810168038991</ItemCode>
      <ItemType>1</ItemType>
      <ItemName>גלידת שמנת יוקי שוקו</ItemName>
      <ManufacturerName>,</ManufacturerName>
      <ManufactureCountry>לא ידוע</ManufactureCountry>
      <ManufacturerItemDescription>גלידת שמנת יוקי שוקולד בגביע וופל 75 גר</ManufacturerItemDescription>
      <UnitQty>גרמים</UnitQty>
      <Quantity>75.00</Quantity>
      <UnitOfMeasure>100 גרם</UnitOfMeasure>
      <bIsWeighted>0</bIsWeighted>
      <QtyInPackage>1</QtyInPackage>
      <ItemPrice>6.90</ItemPrice>
      <UnitOfMeasurePrice>9.2000</UnitOfMeasurePrice>
      <AllowDiscount>1</AllowDiscount>
      <ItemStatus>1</ItemStatus>
      <ItemId>56489</ItemId>
    </Item>
    <Item>
      <PriceUpdateDate>2023-12-31 12:49:00</PriceUpdateDate>
      <ItemCode>7290014455252</ItemCode>
      <ItemType>1</ItemType>
      <ItemName>גבינה גרנה פדנו מגור</ItemName>
      <ManufacturerName>מחלבות גד שיווק 1992</ManufacturerName>
      <ManufactureCountry>לא ידוע</ManufactureCountry>
      <ManufacturerItemDescription>גבינה גרנה פדנו מגורד 100 גר</ManufacturerItemDescription>
      <UnitQty>גרמים</UnitQty>
      <Quantity>100.00</Quantity>
      <UnitOfMeasure>100 גרם</UnitOfMeasure>
      <bIsWeighted>0</bIsWeighted>
      <QtyInPackage>1</QtyInPackage>
      <ItemPrice>14.90</ItemPrice>
      <UnitOfMeasurePrice>14.9000</UnitOfMeasurePrice>
      <AllowDiscount>1</AllowDiscount>
      <ItemStatus>1</ItemStatus>
      <ItemId>56505</ItemId>
    </Item>
    <Item>
      <PriceUpdateDate>2024-11-06 16:48:29</PriceUpdateDate>
      <ItemCode>4600080501013</ItemCode>
      <ItemType>1</ItemType>
      <ItemName>וופל קורובקה בטעם חל</ItemName>
      <ManufacturerName>רוט פרונט</ManufacturerName>
      <ManufactureCountry>לא ידוע</ManufactureCountry>
      <ManufacturerItemDescription>וופל קורובקה בטעם חלב 250 גר</ManufacturerItemDescription>
      <UnitQty>גרמים</UnitQty>
      <Quantity>250.00</Quantity>
      <UnitOfMeasure>100 גרם</UnitOfMeasure>
      <bIsWeighted>0</bIsWeighted>
      <QtyInPackage>1</QtyInPackage>
      <ItemPrice>15.90</ItemPrice>
      <UnitOfMeasurePrice>6.3600</UnitOfMeasurePrice>
      <AllowDiscount>1</AllowDiscount>
      <ItemStatus>1</ItemStatus>
      <ItemId>56511</ItemId>
    </Item>
    <Item>
      <PriceUpdateDate>2024-11-06 16:48:29</PriceUpdateDate>
      <ItemCode>4600080501037</ItemCode>
      <ItemType>1</ItemType>
      <ItemName>וופל קורובקה מצופה ש</ItemName>
      <ManufacturerName>רוט פרונט</ManufacturerName>
      <ManufactureCountry>לא ידוע</ManufactureCountry>
      <ManufacturerItemDescription>וופל קורובקה מצופה שוקולד 250 גר</ManufacturerItemDescription>
      <UnitQty>גרמים</UnitQty>
      <Quantity>250.00</Quantity>
      <UnitOfMeasure>100 גרם</UnitOfMeasure>
      <bIsWeighted>0</bIsWeighted>
      <QtyInPackage>1</QtyInPackage>
      <ItemPrice>15.90</ItemPrice>
      <UnitOfMeasurePrice>6.3600</UnitOfMeasurePrice>
      <AllowDiscount>1</AllowDiscount>
      <ItemStatus>1</ItemStatus>
      <ItemId>56512</ItemId>
    </Item>
    <Item>
      <PriceUpdateDate>2025-07-02 09:18:33</PriceUpdateDate>
      <ItemCode>4019400444631</ItemCode>
      <ItemType>1</ItemType>
      <ItemName>שוקולד הלורן במילוי</ItemName>
      <ManufacturerName>Halloren</ManufacturerName>
      <ManufactureCountry>לא ידוע</ManufactureCountry>
      <ManufacturerItemDescription>שוקולד הלורן במילוי דובדבן וברנדי 150 גר</ManufacturerItemDescription>
      <UnitQty>גרמים</UnitQty>
      <Quantity>150.00</Quantity>
      <UnitOfMeasure>100 גרם</UnitOfMeasure>
      <bIsWeighted>0</bIsWeighted>
      <QtyInPackage>1</QtyInPackage>
      <ItemPrice>22.90</ItemPrice>
      <UnitOfMeasurePrice>15.2667</UnitOfMeasurePrice>
      <AllowDiscount>1</AllowDiscount>
      <ItemStatus>1</ItemStatus>
      <ItemId>56515</ItemId>
    </Item>
    <Item>
      <PriceUpdateDate>2024-11-22 08:30:11</PriceUpdateDate>
      <ItemCode>4602009007729</ItemCode>
      <ItemType>1</ItemType>
      <ItemName>לש ארנה 300 גר</ItemName>
      <ManufacturerName>ARENA</ManufacturerName>
      <ManufactureCountry>לא ידוע</ManufactureCountry>
      <ManufacturerItemDescription>לש ארנה 300 גר</ManufacturerItemDescription>
      <UnitQty>גרמים</UnitQty>
      <Quantity>300.00</Quantity>
      <UnitOfMeasure>100 גרם</UnitOfMeasure>
      <bIsWeighted>0</bIsWeighted>
      <QtyInPackage>1</QtyInPackage>
      <ItemPrice>31.90</ItemPrice>
      <UnitOfMeasurePrice>10.6333</UnitOfMeasurePrice>
      <AllowDiscount>1</AllowDiscount>
      <ItemStatus>1</ItemStatus>
      <ItemId>56522</ItemId>
    </Item>
    <Item>
      <PriceUpdateDate>2023-12-31 12:49:00</PriceUpdateDate>
      <ItemCode>4602009008412</ItemCode>
      <ItemType>1</ItemType>
      <ItemName>דג קרפיון ארנה ללא ק</ItemName>
      <ManufacturerName>ARENA</ManufacturerName>
      <ManufactureCountry>לא ידוע</ManufactureCountry>
      <ManufacturerItemDescription>דג קרפיון ארנה ללא קרביים 150 גר</ManufacturerItemDescription>
      <UnitQty>גרמים</UnitQty>
      <Quantity>150.00</Quantity>
      <UnitOfMeasure>100 גרם</UnitOfMeasure>
      <bIsWeighted>0</bIsWeighted>
      <QtyInPackage>1</QtyInPackage>
      <ItemPrice>18.90</ItemPrice>
      <UnitOfMeasurePrice>12.6000</UnitOfMeasurePrice>
      <AllowDiscount>1</AllowDiscount>
      <ItemStatus>1</ItemStatus>
      <ItemId>56525</ItemId>
    </Item>
    <Item>
      <PriceUpdateDate>2023-12-31 12:49:01</PriceUpdateDate>
      <ItemCode>7290015603560</ItemCode>
      <ItemType>1</ItemType>
      <ItemName>שימורי קרם קוקוס 400</ItemName>
      <ManufacturerName>Kodanmal group co.lt</ManufacturerName>
      <ManufactureCountry>לא ידוע</ManufactureCountry>
      <ManufacturerItemDescription>שימורי קרם קוקוס 400 מל</ManufacturerItemDescription>
      <UnitQty>מיליליטרים</UnitQty>
      <Quantity>400.00</Quantity>
      <UnitOfMeasure>100 מ"ל</UnitOfMeasure>
      <bIsWeighted>0</bIsWeighted>
      <QtyInPackage>1</QtyInPackage>
      <ItemPrice>9.90</ItemPrice>
      <UnitOfMeasurePrice>2.4750</UnitOfMeasurePrice>
      <AllowDiscount>1</AllowDiscount>
      <ItemStatus>1</ItemStatus>
      <ItemId>56569</ItemId>
    </Item>
    <Item>
      <PriceUpdateDate>2023-12-31 12:49:01</PriceUpdateDate>
      <ItemCode>7290015603522</ItemCode>
      <ItemType>1</ItemType>
      <ItemName>נוזל אגוזי קוקוס 400</ItemName>
      <ManufacturerName>Celebes coconut corp</ManufacturerName>
      <ManufactureCountry>לא ידוע</ManufactureCountry>
      <ManufacturerItemDescription>נוזל אגוזי קוקוס 400 מל</ManufacturerItemDescription>
      <UnitQty>מיליליטרים</UnitQty>
      <Quantity>400.00</Quantity>
      <UnitOfMeasure>100 מ"ל</UnitOfMeasure>
      <bIsWeighted>0</bIsWeighted>
      <QtyInPackage>24</QtyInPackage>
      <ItemPrice>6.90</ItemPrice>
      <UnitOfMeasurePrice>1.7250</UnitOfMeasurePrice>
      <AllowDiscount>1</AllowDiscount>
      <ItemStatus>1</ItemStatus>
      <ItemId>56570</ItemId>
    </Item>
    <Item>
      <PriceUpdateDate>2025-02-02 07:39:55</PriceUpdateDate>
      <ItemCode>16205</ItemCode>
      <ItemType>0</ItemType>
      <ItemName>כרעיים מתובלים</ItemName>
      <ManufacturerName>,</ManufacturerName>
      <ManufactureCountry>לא ידוע</ManufactureCountry>
      <ManufacturerItemDescription>כרעיים מתובלים</ManufacturerItemDescription>
      <UnitQty>קילוגרמים</UnitQty>
      <Quantity>1.00</Quantity>
      <UnitOfMeasure>ק"ג</UnitOfMeasure>
      <bIsWeighted>1</bIsWeighted>
      <QtyInPackage>לא ידוע</QtyInPackage>
      <ItemPrice>79.00</ItemPrice>
      <UnitOfMeasurePrice>79.0000</UnitOfMeasurePrice>
      <AllowDiscount>1</AllowDiscount>
      <ItemStatus>1</ItemStatus>
      <ItemId>56605</ItemId>
    </Item>
    <Item>
      <PriceUpdateDate>2025-08-12 12:29:43</PriceUpdateDate>
      <ItemCode>4607037431164</ItemCode>
      <ItemType>1</ItemType>
      <ItemName>זפיר לאנז סליבוצני 4</ItemName>
      <ManufacturerName>פקטורי נבה אל טי די</ManufacturerName>
      <ManufactureCountry>לא ידוע</ManufactureCountry>
      <ManufacturerItemDescription>זפיר לאנז סליבוצני 420 גר</ManufacturerItemDescription>
      <UnitQty>גרמים</UnitQty>
      <Quantity>420.00</Quantity>
      <UnitOfMeasure>100 גרם</UnitOfMeasure>
      <bIsWeighted>0</bIsWeighted>
      <QtyInPackage>1</QtyInPackage>
      <ItemPrice>18.90</ItemPrice>
      <UnitOfMeasurePrice>4.5000</UnitOfMeasurePrice>
      <AllowDiscount>1</AllowDiscount>
      <ItemStatus>1</ItemStatus>
      <ItemId>56610</ItemId>
    </Item>
    <Item>
      <PriceUpdateDate>2023-12-31 12:49:01</PriceUpdateDate>
      <ItemCode>4607037437616</ItemCode>
      <ItemType>1</ItemType>
      <ItemName>פסטילה לבן ורוד 200</ItemName>
      <ManufacturerName>פקטורי נבה אל טי די</ManufacturerName>
      <ManufactureCountry>לא ידוע</ManufactureCountry>
      <ManufacturerItemDescription>פסטילה לבן ורוד 200 גר</ManufacturerItemDescription>
      <UnitQty>גרמים</UnitQty>
      <Quantity>200.00</Quantity>
      <UnitOfMeasure>100 גרם</UnitOfMeasure>
      <bIsWeighted>0</bIsWeighted>
      <QtyInPackage>1</QtyInPackage>
      <ItemPrice>12.90</ItemPrice>
      <UnitOfMeasurePrice>6.4500</UnitOfMeasurePrice>
      <AllowDiscount>1</AllowDiscount>
      <ItemStatus>1</ItemStatus>
      <ItemId>56613</ItemId>
    </Item>
    <Item>
      <PriceUpdateDate>2024-01-23 10:15:31</PriceUpdateDate>
      <ItemCode>4601780011390</ItemCode>
      <ItemType>1</ItemType>
      <ItemName>פתיתים מקפה כוכבים 2</ItemName>
      <ManufacturerName>MAKFA</ManufacturerName>
      <ManufactureCountry>לא ידוע</ManufactureCountry>
      <ManufacturerItemDescription>פתיתים מקפה כוכבים 250 גר</ManufacturerItemDescription>
      <UnitQty>גרמים</UnitQty>
      <Quantity>250.00</Quantity>
      <UnitOfMeasure>100 גרם</UnitOfMeasure>
      <bIsWeighted>0</bIsWeighted>
      <QtyInPackage>1</QtyInPackage>
      <ItemPrice>5.90</ItemPrice>
      <UnitOfMeasurePrice>2.3600</UnitOfMeasurePrice>
      <AllowDiscount>1</AllowDiscount>
      <ItemStatus>1</ItemStatus>
      <ItemId>56637</ItemId>
    </Item>
    <Item>
      <PriceUpdateDate>2025-06-20 08:31:13</PriceUpdateDate>
      <ItemCode>4820075502515</ItemCode>
      <ItemType>1</ItemType>
      <ItemName>סוכריות ריביירה 250</ItemName>
      <ManufacturerName>MALBI CHOCOLATE</ManufacturerName>
      <ManufactureCountry>לא ידוע</ManufactureCountry>
      <ManufacturerItemDescription>סוכריות ריביירה 250 גר</ManufacturerItemDescription>
      <UnitQty>גרמים</UnitQty>
      <Quantity>250.00</Quantity>
      <UnitOfMeasure>100 גרם</UnitOfMeasure>
      <bIsWeighted>0</bIsWeighted>
      <QtyInPackage>1</QtyInPackage>
      <ItemPrice>27.90</ItemPrice>
      <UnitOfMeasurePrice>11.1600</UnitOfMeasurePrice>
      <AllowDiscount>1</AllowDiscount>
      <ItemStatus>1</ItemStatus>
      <ItemId>56641</ItemId>
    </Item>
    <Item>
      <PriceUpdateDate>2025-06-20 08:31:13</PriceUpdateDate>
      <ItemCode>4820075505523</ItemCode>
      <ItemType>1</ItemType>
      <ItemName>שוקולד מילניום לבן א</ItemName>
      <ManufacturerName>MALBI CHOCOLATE</ManufacturerName>
      <ManufactureCountry>לא ידוע</ManufactureCountry>
      <ManufacturerItemDescription>שוקולד מילניום לבן אוורירי 90 גר</ManufacturerItemDescription>
      <UnitQty>גרמים</UnitQty>
      <Quantity>90.00</Quantity>
      <UnitOfMeasure>100 גרם</UnitOfMeasure>
      <bIsWeighted>0</bIsWeighted>
      <QtyInPackage>1</QtyInPackage>
      <ItemPrice>9.90</ItemPrice>
      <UnitOfMeasurePrice>11.0000</UnitOfMeasurePrice>
      <AllowDiscount>1</AllowDiscount>
      <ItemStatus>1</ItemStatus>
      <ItemId>56643</ItemId>
    </Item>
    <Item>
      <PriceUpdateDate>2025-06-20 08:31:13</PriceUpdateDate>
      <ItemCode>4820075505547</ItemCode>
      <ItemType>1</ItemType>
      <ItemName>שוקולד מילניום חלב א</ItemName>
      <ManufacturerName>MALBI CHOCOLATE</ManufacturerName>
      <ManufactureCountry>לא ידוע</ManufactureCountry>
      <ManufacturerItemDescription>שוקולד מילניום חלב אוורירי 90 גר</ManufacturerItemDescription>
      <UnitQty>גרמים</UnitQty>
      <Quantity>90.00</Quantity>
      <UnitOfMeasure>100 גרם</UnitOfMeasure>
      <bIsWeighted>0</bIsWeighted>
      <QtyInPackage>1</QtyInPackage>
      <ItemPrice>9.90</ItemPrice>
      <UnitOfMeasurePrice>11.0000</UnitOfMeasurePrice>
      <AllowDiscount>1</AllowDiscount>
      <ItemStatus>1</ItemStatus>
      <ItemId>56644</ItemId>
    </Item>
    <Item>
      <PriceUpdateDate>2024-08-04 09:47:08</PriceUpdateDate>
      <ItemCode>7290010679676</ItemCode>
      <ItemType>1</ItemType>
      <ItemName>גיוזה צימחונית 240 ג</ItemName>
      <ManufacturerName>וין לוק פוד</ManufacturerName>
      <ManufactureCountry>לא ידוע</ManufactureCountry>
      <ManufacturerItemDescription>גיוזה צימחונית 240 גר</ManufacturerItemDescription>
      <UnitQty>גרמים</UnitQty>
      <Quantity>240.00</Quantity>
      <UnitOfMeasure>100 גרם</UnitOfMeasure>
      <bIsWeighted>0</bIsWeighted>
      <QtyInPackage>1</QtyInPackage>
      <ItemPrice>24.90</ItemPrice>
      <UnitOfMeasurePrice>10.3750</UnitOfMeasurePrice>
      <AllowDiscount>1</AllowDiscount>
      <ItemStatus>1</ItemStatus>
      <ItemId>56645</ItemId>
    </Item>
    <Item>
      <PriceUpdateDate>2024-08-04 09:47:08</PriceUpdateDate>
      <ItemCode>7290010679669</ItemCode>
      <ItemType>1</ItemType>
      <ItemName>גיוזה פירות ים 240 ג</ItemName>
      <ManufacturerName>וין לוק פוד</ManufacturerName>
      <ManufactureCountry>לא ידוע</ManufactureCountry>
      <ManufacturerItemDescription>גיוזה פירות ים 240 גר</ManufacturerItemDescription>
      <UnitQty>גרמים</UnitQty>
      <Quantity>240.00</Quantity>
      <UnitOfMeasure>100 גרם</UnitOfMeasure>
      <bIsWeighted>0</bIsWeighted>
      <QtyInPackage>1</QtyInPackage>
      <ItemPrice>24.90</ItemPrice>
      <UnitOfMeasurePrice>10.3750</UnitOfMeasurePrice>
      <AllowDiscount>1</AllowDiscount>
      <ItemStatus>1</ItemStatus>
      <ItemId>56646</ItemId>
    </Item>
    <Item>
      <PriceUpdateDate>2023-12-31 12:49:01</PriceUpdateDate>
      <ItemCode>3800065723015</ItemCode>
      <ItemType>1</ItemType>
      <ItemName>סטיקס גריסיני קלאסי</ItemName>
      <ManufacturerName>,</ManufacturerName>
      <ManufactureCountry>לא ידוע</ManufactureCountry>
      <ManufacturerItemDescription>סטיקס גריסיני קלאסי עם מלח 220 גר</ManufacturerItemDescription>
      <UnitQty>גרמים</UnitQty>
      <Quantity>220.00</Quantity>
      <UnitOfMeasure>100 גרם</UnitOfMeasure>
      <bIsWeighted>0</bIsWeighted>
      <QtyInPackage>12</QtyInPackage>
      <ItemPrice>8.90</ItemPrice>
      <UnitOfMeasurePrice>4.0455</UnitOfMeasurePrice>
      <AllowDiscount>1</AllowDiscount>
      <ItemStatus>1</ItemStatus>
      <ItemId>56672</ItemId>
    </Item>
    <Item>
      <PriceUpdateDate>2025-07-25 10:01:40</PriceUpdateDate>
      <ItemCode>17257</ItemCode>
      <ItemType>0</ItemType>
      <ItemName>פורטר האוס משויש בקר</ItemName>
      <ManufacturerName>,</ManufacturerName>
      <ManufactureCountry>לא ידוע</ManufactureCountry>
      <ManufacturerItemDescription>שניצל עגל</ManufacturerItemDescription>
      <UnitQty>קילוגרמים</UnitQty>
      <Quantity>1.00</Quantity>
      <UnitOfMeasure>ק"ג</UnitOfMeasure>
      <bIsWeighted>1</bIsWeighted>
      <QtyInPackage>לא ידוע</QtyInPackage>
      <ItemPrice>169.90</ItemPrice>
      <UnitOfMeasurePrice>169.9000</UnitOfMeasurePrice>
      <AllowDiscount>1</AllowDiscount>
      <ItemStatus>1</ItemStatus>
      <ItemId>56697</ItemId>
    </Item>
    <Item>
      <PriceUpdateDate>2023-12-31 12:49:02</PriceUpdateDate>
      <ItemCode>4820182740084</ItemCode>
      <ItemType>1</ItemType>
      <ItemName>ציפס בטעם בייקון 70</ItemName>
      <ManufacturerName>קלוס צ'פסוב</ManufacturerName>
      <ManufactureCountry>לא ידוע</ManufactureCountry>
      <ManufacturerItemDescription>ציפס בטעם בייקון 70 גר</ManufacturerItemDescription>
      <UnitQty>גרמים</UnitQty>
      <Quantity>70.00</Quantity>
      <UnitOfMeasure>100 גרם</UnitOfMeasure>
      <bIsWeighted>0</bIsWeighted>
      <QtyInPackage>1</QtyInPackage>
      <ItemPrice>8.90</ItemPrice>
      <UnitOfMeasurePrice>12.7143</UnitOfMeasurePrice>
      <AllowDiscount>1</AllowDiscount>
      <ItemStatus>1</ItemStatus>
      <ItemId>56769</ItemId>
    </Item>
    <Item>
      <PriceUpdateDate>2023-12-31 12:49:02</PriceUpdateDate>
      <ItemCode>4820182740053</ItemCode>
      <ItemType>1</ItemType>
      <ItemName>ציפס בטעם סרטן 70 גר</ItemName>
      <ManufacturerName>קלוס צ'פסוב</ManufacturerName>
      <ManufactureCountry>לא ידוע</ManufactureCountry>
      <ManufacturerItemDescription>ציפס בטעם סרטן 70 גר</ManufacturerItemDescription>
      <UnitQty>גרמים</UnitQty>
      <Quantity>70.00</Quantity>
      <UnitOfMeasure>100 גרם</UnitOfMeasure>
      <bIsWeighted>0</bIsWeighted>
      <QtyInPackage>1</QtyInPackage>
      <ItemPrice>8.90</ItemPrice>
      <UnitOfMeasurePrice>12.7143</UnitOfMeasurePrice>
      <AllowDiscount>1</AllowDiscount>
      <ItemStatus>1</ItemStatus>
      <ItemId>56770</ItemId>
    </Item>
    <Item>
      <PriceUpdateDate>2023-12-31 12:49:02</PriceUpdateDate>
      <ItemCode>4820182740077</ItemCode>
      <ItemType>1</ItemType>
      <ItemName>ציפס בטעם גבינה 70 ג</ItemName>
      <ManufacturerName>קלוס צ'פסוב</ManufacturerName>
      <ManufactureCountry>לא ידוע</ManufactureCountry>
      <ManufacturerItemDescription>ציפס בטעם גבינה 70 גר</ManufacturerItemDescription>
      <UnitQty>גרמים</UnitQty>
      <Quantity>70.00</Quantity>
      <UnitOfMeasure>100 גרם</UnitOfMeasure>
      <bIsWeighted>0</bIsWeighted>
      <QtyInPackage>1</QtyInPackage>
      <ItemPrice>8.90</ItemPrice>
      <UnitOfMeasurePrice>12.7143</UnitOfMeasurePrice>
      <AllowDiscount>1</AllowDiscount>
      <ItemStatus>1</ItemStatus>
      <ItemId>56771</ItemId>
    </Item>
    <Item>
      <PriceUpdateDate>2024-08-30 08:42:07</PriceUpdateDate>
      <ItemCode>7290010679485</ItemCode>
      <ItemType>1</ItemType>
      <ItemName>שרימפס מקולף 31-40 1</ItemName>
      <ManufacturerName>,</ManufacturerName>
      <ManufactureCountry>לא ידוע</ManufactureCountry>
      <ManufacturerItemDescription>שרימפס מקולף 31-40 1 קג</ManufacturerItemDescription>
      <UnitQty>קילוגרמים</UnitQty>
      <Quantity>1.00</Quantity>
      <UnitOfMeasure>ק"ג     </UnitOfMeasure>
      <bIsWeighted>0</bIsWeighted>
      <QtyInPackage>1</QtyInPackage>
      <ItemPrice>84.90</ItemPrice>
      <UnitOfMeasurePrice>84.9000</UnitOfMeasurePrice>
      <AllowDiscount>1</AllowDiscount>
      <ItemStatus>1</ItemStatus>
      <ItemId>56794</ItemId>
    </Item>
    <Item>
      <PriceUpdateDate>2023-12-31 12:49:02</PriceUpdateDate>
      <ItemCode>7290011996703</ItemCode>
      <ItemType>1</ItemType>
      <ItemName>אצות וואקמה 100 גר</ItemName>
      <ManufacturerName>קינגדאו</ManufacturerName>
      <ManufactureCountry>לא ידוע</ManufactureCountry>
      <ManufacturerItemDescription>אצות וואקמה 100 גר</ManufacturerItemDescription>
      <UnitQty>גרמים</UnitQty>
      <Quantity>100.00</Quantity>
      <UnitOfMeasure>100 גרם</UnitOfMeasure>
      <bIsWeighted>0</bIsWeighted>
      <QtyInPackage>6</QtyInPackage>
      <ItemPrice>21.90</ItemPrice>
      <UnitOfMeasurePrice>21.9000</UnitOfMeasurePrice>
      <AllowDiscount>1</AllowDiscount>
      <ItemStatus>1</ItemStatus>
      <ItemId>56811</ItemId>
    </Item>
    <Item>
      <PriceUpdateDate>2023-12-31 12:49:02</PriceUpdateDate>
      <ItemCode>7290012911293</ItemCode>
      <ItemType>1</ItemType>
      <ItemName>דפי אורז 300 גר</ItemName>
      <ManufacturerName>סאפוקו פודסטאף</ManufacturerName>
      <ManufactureCountry>לא ידוע</ManufactureCountry>
      <ManufacturerItemDescription>דפי אורז 300 גר</ManufacturerItemDescription>
      <UnitQty>גרמים</UnitQty>
      <Quantity>300.00</Quantity>
      <UnitOfMeasure>100 גרם</UnitOfMeasure>
      <bIsWeighted>0</bIsWeighted>
      <QtyInPackage>10</QtyInPackage>
      <ItemPrice>15.90</ItemPrice>
      <UnitOfMeasurePrice>5.3000</UnitOfMeasurePrice>
      <AllowDiscount>1</AllowDiscount>
      <ItemStatus>1</ItemStatus>
      <ItemId>56812</ItemId>
    </Item>
    <Item>
      <PriceUpdateDate>2024-07-01 11:07:36</PriceUpdateDate>
      <ItemCode>812664009356</ItemCode>
      <ItemType>1</ItemType>
      <ItemName>רכז תמר הינדי 400 גר</ItemName>
      <ManufacturerName>TAMICON</ManufacturerName>
      <ManufactureCountry>לא ידוע</ManufactureCountry>
      <ManufacturerItemDescription>רכז תמר הינדי 400 גר</ManufacturerItemDescription>
      <UnitQty>גרמים</UnitQty>
      <Quantity>400.00</Quantity>
      <UnitOfMeasure>100 גרם</UnitOfMeasure>
      <bIsWeighted>0</bIsWeighted>
      <QtyInPackage>1</QtyInPackage>
      <ItemPrice>21.90</ItemPrice>
      <UnitOfMeasurePrice>5.4750</UnitOfMeasurePrice>
      <AllowDiscount>1</AllowDiscount>
      <ItemStatus>1</ItemStatus>
      <ItemId>56815</ItemId>
    </Item>
    <Item>
      <PriceUpdateDate>2024-03-20 08:28:50</PriceUpdateDate>
      <ItemCode>17270</ItemCode>
      <ItemType>0</ItemType>
      <ItemName>אנטריקוט בקר משויש ע</ItemName>
      <ManufacturerName>,</ManufacturerName>
      <ManufactureCountry>לא ידוע</ManufactureCountry>
      <ManufacturerItemDescription>אנטריקוט בקר משויש עם עצם</ManufacturerItemDescription>
      <UnitQty>קילוגרמים</UnitQty>
      <Quantity>1.00</Quantity>
      <UnitOfMeasure>ק"ג</UnitOfMeasure>
      <bIsWeighted>1</bIsWeighted>
      <QtyInPackage>לא ידוע</QtyInPackage>
      <ItemPrice>169.90</ItemPrice>
      <UnitOfMeasurePrice>169.9000</UnitOfMeasurePrice>
      <AllowDiscount>1</AllowDiscount>
      <ItemStatus>1</ItemStatus>
      <ItemId>56884</ItemId>
    </Item>
    <Item>
      <PriceUpdateDate>2024-11-22 08:30:50</PriceUpdateDate>
      <ItemCode>4750211710415</ItemCode>
      <ItemType>1</ItemType>
      <ItemName>מרק קרוניס בורש 500</ItemName>
      <ManufacturerName>,</ManufacturerName>
      <ManufactureCountry>לא ידוע</ManufactureCountry>
      <ManufacturerItemDescription>מרק קרוניס בורש 500 גר</ManufacturerItemDescription>
      <UnitQty>גרמים</UnitQty>
      <Quantity>500.00</Quantity>
      <UnitOfMeasure>100 גרם</UnitOfMeasure>
      <bIsWeighted>0</bIsWeighted>
      <QtyInPackage>1</QtyInPackage>
      <ItemPrice>12.90</ItemPrice>
      <UnitOfMeasurePrice>2.5800</UnitOfMeasurePrice>
      <AllowDiscount>1</AllowDiscount>
      <ItemStatus>1</ItemStatus>
      <ItemId>56954</ItemId>
    </Item>
    <Item>
      <PriceUpdateDate>2024-11-27 12:39:56</PriceUpdateDate>
      <ItemCode>4607084351385</ItemCode>
      <ItemType>1</ItemType>
      <ItemName>עוגיות שוקו פאי 360</ItemName>
      <ManufacturerName>,</ManufacturerName>
      <ManufactureCountry>לא ידוע</ManufactureCountry>
      <ManufacturerItemDescription>עוגיות שוקו פאי 360 גר</ManufacturerItemDescription>
      <UnitQty>גרמים</UnitQty>
      <Quantity>360.00</Quantity>
      <UnitOfMeasure>100 גרם</UnitOfMeasure>
      <bIsWeighted>0</bIsWeighted>
      <QtyInPackage>1</QtyInPackage>
      <ItemPrice>19.90</ItemPrice>
      <UnitOfMeasurePrice>5.5278</UnitOfMeasurePrice>
      <AllowDiscount>1</AllowDiscount>
      <ItemStatus>1</ItemStatus>
      <ItemId>56957</ItemId>
    </Item>
    <Item>
      <PriceUpdateDate>2025-08-15 08:58:02</PriceUpdateDate>
      <ItemCode>5099873038758</ItemCode>
      <ItemType>1</ItemType>
      <ItemName>ויסקי גנטלמן גק 700</ItemName>
      <ManufacturerName>,</ManufacturerName>
      <ManufactureCountry>לא ידוע</ManufactureCountry>
      <ManufacturerItemDescription>וויסקי גנטלמן גק 700מל</ManufacturerItemDescription>
      <UnitQty>מיליליטרים</UnitQty>
      <Quantity>700.00</Quantity>
      <UnitOfMeasure>100 מ"ל</UnitOfMeasure>
      <bIsWeighted>0</bIsWeighted>
      <QtyInPackage>1</QtyInPackage>
      <ItemPrice>149.90</ItemPrice>
      <UnitOfMeasurePrice>21.4143</UnitOfMeasurePrice>
      <AllowDiscount>1</AllowDiscount>
      <ItemStatus>1</ItemStatus>
      <ItemId>57002</ItemId>
    </Item>
    <Item>
      <PriceUpdateDate>2024-11-11 14:58:39</PriceUpdateDate>
      <ItemCode>4001751073677</ItemCode>
      <ItemType>1</ItemType>
      <ItemName>רוטב חזרת עם סלק 200</ItemName>
      <ManufacturerName>Erich trapp</ManufacturerName>
      <ManufactureCountry>לא ידוע</ManufactureCountry>
      <ManufacturerItemDescription>רוטב חזרת עם סלק 200 גר</ManufacturerItemDescription>
      <UnitQty>גרמים</UnitQty>
      <Quantity>200.00</Quantity>
      <UnitOfMeasure>100 גרם</UnitOfMeasure>
      <bIsWeighted>0</bIsWeighted>
      <QtyInPackage>1</QtyInPackage>
      <ItemPrice>10.90</ItemPrice>
      <UnitOfMeasurePrice>5.4500</UnitOfMeasurePrice>
      <AllowDiscount>1</AllowDiscount>
      <ItemStatus>1</ItemStatus>
      <ItemId>57015</ItemId>
    </Item>
    <Item>
      <PriceUpdateDate>2024-11-19 15:35:51</PriceUpdateDate>
      <ItemCode>4841075001167</ItemCode>
      <ItemType>1</ItemType>
      <ItemName>עוגיה אגוז במילוי רי</ItemName>
      <ManufacturerName>SAVI-PLUS</ManufacturerName>
      <ManufactureCountry>לא ידוע</ManufactureCountry>
      <ManufacturerItemDescription>עוגיה אגוז במילוי ריבת חלב ראדלי 470 גר</ManufacturerItemDescription>
      <UnitQty>גרמים</UnitQty>
      <Quantity>470.00</Quantity>
      <UnitOfMeasure>100 גרם</UnitOfMeasure>
      <bIsWeighted>0</bIsWeighted>
      <QtyInPackage>1</QtyInPackage>
      <ItemPrice>24.90</ItemPrice>
      <UnitOfMeasurePrice>5.2979</UnitOfMeasurePrice>
      <AllowDiscount>1</AllowDiscount>
      <ItemStatus>1</ItemStatus>
      <ItemId>57017</ItemId>
    </Item>
    <Item>
      <PriceUpdateDate>2025-04-07 09:09:33</PriceUpdateDate>
      <ItemCode>16226</ItemCode>
      <ItemType>0</ItemType>
      <ItemName>שעועית ירוקה</ItemName>
      <ManufacturerName>,</ManufacturerName>
      <ManufactureCountry>לא ידוע</ManufactureCountry>
      <ManufacturerItemDescription>שעועית ירוקה</ManufacturerItemDescription>
      <UnitQty>קילוגרמים</UnitQty>
      <Quantity>1.00</Quantity>
      <UnitOfMeasure>ק"ג</UnitOfMeasure>
      <bIsWeighted>1</bIsWeighted>
      <QtyInPackage>לא ידוע</QtyInPackage>
      <ItemPrice>59.00</ItemPrice>
      <UnitOfMeasurePrice>59.0000</UnitOfMeasurePrice>
      <AllowDiscount>1</AllowDiscount>
      <ItemStatus>1</ItemStatus>
      <ItemId>57022</ItemId>
    </Item>
    <Item>
      <PriceUpdateDate>2024-05-08 08:42:20</PriceUpdateDate>
      <ItemCode>1458</ItemCode>
      <ItemType>0</ItemType>
      <ItemName>לשון בקר מעושן</ItemName>
      <ManufacturerName>,</ManufacturerName>
      <ManufactureCountry>לא ידוע</ManufactureCountry>
      <ManufacturerItemDescription>לשון בקר מעושן</ManufacturerItemDescription>
      <UnitQty>קילוגרמים</UnitQty>
      <Quantity>1.00</Quantity>
      <UnitOfMeasure>ק"ג</UnitOfMeasure>
      <bIsWeighted>1</bIsWeighted>
      <QtyInPackage>לא ידוע</QtyInPackage>
      <ItemPrice>99.00</ItemPrice>
      <UnitOfMeasurePrice>99.0000</UnitOfMeasurePrice>
      <AllowDiscount>1</AllowDiscount>
      <ItemStatus>1</ItemStatus>
      <ItemId>57026</ItemId>
    </Item>
    <Item>
      <PriceUpdateDate>2023-12-31 12:49:03</PriceUpdateDate>
      <ItemCode>4607035190131</ItemCode>
      <ItemType>1</ItemType>
      <ItemName>תערובת לתיבול דגים 1</ItemName>
      <ManufacturerName>COMPANI SPACE</ManufacturerName>
      <ManufactureCountry>לא ידוע</ManufactureCountry>
      <ManufacturerItemDescription>תערובת לתיבול דגים 15 גר</ManufacturerItemDescription>
      <UnitQty>גרמים</UnitQty>
      <Quantity>15.00</Quantity>
      <UnitOfMeasure>100 גרם</UnitOfMeasure>
      <bIsWeighted>0</bIsWeighted>
      <QtyInPackage>1</QtyInPackage>
      <ItemPrice>2.90</ItemPrice>
      <UnitOfMeasurePrice>19.3333</UnitOfMeasurePrice>
      <AllowDiscount>1</AllowDiscount>
      <ItemStatus>1</ItemStatus>
      <ItemId>57028</ItemId>
    </Item>
    <Item>
      <PriceUpdateDate>2023-12-31 12:49:04</PriceUpdateDate>
      <ItemCode>4811176241953</ItemCode>
      <ItemType>1</ItemType>
      <ItemName>לחם צרסקי 300 גר</ItemName>
      <ManufacturerName>,</ManufacturerName>
      <ManufactureCountry>לא ידוע</ManufactureCountry>
      <ManufacturerItemDescription>לחם צרסקי 300 גר</ManufacturerItemDescription>
      <UnitQty>גרמים</UnitQty>
      <Quantity>300.00</Quantity>
      <UnitOfMeasure>100 גרם</UnitOfMeasure>
      <bIsWeighted>0</bIsWeighted>
      <QtyInPackage>1</QtyInPackage>
      <ItemPrice>19.90</ItemPrice>
      <UnitOfMeasurePrice>6.6333</UnitOfMeasurePrice>
      <AllowDiscount>1</AllowDiscount>
      <ItemStatus>1</ItemStatus>
      <ItemId>57063</ItemId>
    </Item>
    <Item>
      <PriceUpdateDate>2023-12-31 12:49:04</PriceUpdateDate>
      <ItemCode>3523230026888</ItemCode>
      <ItemType>0</ItemType>
      <ItemName>גבינת פירמידה עיזים</ItemName>
      <ManufacturerName>אוריאל</ManufacturerName>
      <ManufactureCountry>לא ידוע</ManufactureCountry>
      <ManufacturerItemDescription>גבינת פירמידה עיזים שום 140 גר</ManufacturerItemDescription>
      <UnitQty>גרמים</UnitQty>
      <Quantity>140.00</Quantity>
      <UnitOfMeasure>100 גרם</UnitOfMeasure>
      <bIsWeighted>0</bIsWeighted>
      <QtyInPackage>1</QtyInPackage>
      <ItemPrice>29.90</ItemPrice>
      <UnitOfMeasurePrice>21.3571</UnitOfMeasurePrice>
      <AllowDiscount>1</AllowDiscount>
      <ItemStatus>1</ItemStatus>
      <ItemId>57139</ItemId>
    </Item>
    <Item>
      <PriceUpdateDate>2023-12-31 12:49:04</PriceUpdateDate>
      <ItemCode>3523230025652</ItemCode>
      <ItemType>0</ItemType>
      <ItemName>גבינה בושה עיזים שום</ItemName>
      <ManufacturerName>אוריאל</ManufacturerName>
      <ManufactureCountry>לא ידוע</ManufactureCountry>
      <ManufacturerItemDescription>גבינה בושה עיזים שום 125 גר</ManufacturerItemDescription>
      <UnitQty>גרמים</UnitQty>
      <Quantity>125.00</Quantity>
      <UnitOfMeasure>100 גרם</UnitOfMeasure>
      <bIsWeighted>0</bIsWeighted>
      <QtyInPackage>1</QtyInPackage>
      <ItemPrice>24.90</ItemPrice>
      <UnitOfMeasurePrice>19.9200</UnitOfMeasurePrice>
      <AllowDiscount>1</AllowDiscount>
      <ItemStatus>1</ItemStatus>
      <ItemId>57141</ItemId>
    </Item>
    <Item>
      <PriceUpdateDate>2023-12-31 12:49:04</PriceUpdateDate>
      <ItemCode>9001414041130</ItemCode>
      <ItemType>1</ItemType>
      <ItemName>פלפל קוטניה 4 סוגים</ItemName>
      <ManufacturerName>,</ManufacturerName>
      <ManufactureCountry>לא ידוע</ManufactureCountry>
      <ManufacturerItemDescription>פלפל קוטניה 4 סוגים 35 גר</ManufacturerItemDescription>
      <UnitQty>גרמים</UnitQty>
      <Quantity>35.00</Quantity>
      <UnitOfMeasure>100 גרם</UnitOfMeasure>
      <bIsWeighted>0</bIsWeighted>
      <QtyInPackage>1</QtyInPackage>
      <ItemPrice>17.90</ItemPrice>
      <UnitOfMeasurePrice>51.1429</UnitOfMeasurePrice>
      <AllowDiscount>1</AllowDiscount>
      <ItemStatus>1</ItemStatus>
      <ItemId>57167</ItemId>
    </Item>
    <Item>
      <PriceUpdateDate>2023-12-31 12:49:04</PriceUpdateDate>
      <ItemCode>8852633119039</ItemCode>
      <ItemType>1</ItemType>
      <ItemName>רוטב דגים 300 מל</ItemName>
      <ManufacturerName>,</ManufacturerName>
      <ManufactureCountry>לא ידוע</ManufactureCountry>
      <ManufacturerItemDescription>רוטב דגים 300 מל</ManufacturerItemDescription>
      <UnitQty>מיליליטרים</UnitQty>
      <Quantity>300.00</Quantity>
      <UnitOfMeasure>100 מ"ל</UnitOfMeasure>
      <bIsWeighted>0</bIsWeighted>
      <QtyInPackage>6</QtyInPackage>
      <ItemPrice>11.90</ItemPrice>
      <UnitOfMeasurePrice>3.9667</UnitOfMeasurePrice>
      <AllowDiscount>1</AllowDiscount>
      <ItemStatus>1</ItemStatus>
      <ItemId>57178</ItemId>
    </Item>
    <Item>
      <PriceUpdateDate>2023-12-31 12:49:05</PriceUpdateDate>
      <ItemCode>4820000455909</ItemCode>
      <ItemType>1</ItemType>
      <ItemName>קוואס טאראס 1.5 ל</ItemName>
      <ManufacturerName>,</ManufacturerName>
      <ManufactureCountry>לא ידוע</ManufactureCountry>
      <ManufacturerItemDescription>קוואס טאראס 1.5 ל</ManufacturerItemDescription>
      <UnitQty>ליטרים</UnitQty>
      <Quantity>1.50</Quantity>
      <UnitOfMeasure>ליטר    </UnitOfMeasure>
      <bIsWeighted>0</bIsWeighted>
      <QtyInPackage>1</QtyInPackage>
      <ItemPrice>14.90</ItemPrice>
      <UnitOfMeasurePrice>9.9333</UnitOfMeasurePrice>
      <AllowDiscount>1</AllowDiscount>
      <ItemStatus>1</ItemStatus>
      <ItemId>57276</ItemId>
    </Item>
    <Item>
      <PriceUpdateDate>2024-06-20 17:49:50</PriceUpdateDate>
      <ItemCode>5000299609347</ItemCode>
      <ItemType>1</ItemType>
      <ItemName>ויסקי גלנליווט פאונד</ItemName>
      <ManufacturerName>,</ManufacturerName>
      <ManufactureCountry>לא ידוע</ManufactureCountry>
      <ManufacturerItemDescription>וויסקי גלנליווט פאונדרס רזרב 700 מ"ל</ManufacturerItemDescription>
      <UnitQty>מיליליטרים</UnitQty>
      <Quantity>700.00</Quantity>
      <UnitOfMeasure>100 מ"ל</UnitOfMeasure>
      <bIsWeighted>0</bIsWeighted>
      <QtyInPackage>1</QtyInPackage>
      <ItemPrice>179.90</ItemPrice>
      <UnitOfMeasurePrice>25.7000</UnitOfMeasurePrice>
      <AllowDiscount>1</AllowDiscount>
      <ItemStatus>1</ItemStatus>
      <ItemId>57282</ItemId>
    </Item>
    <Item>
      <PriceUpdateDate>2025-11-06 09:04:44</PriceUpdateDate>
      <ItemCode>4823077649288</ItemCode>
      <ItemType>1</ItemType>
      <ItemName>מתנה מס 10 - 665 גר</ItemName>
      <ManufacturerName>,</ManufacturerName>
      <ManufactureCountry>לא ידוע</ManufactureCountry>
      <ManufacturerItemDescription>מתנה מס 10 - 665 גר</ManufacturerItemDescription>
      <UnitQty>גרמים</UnitQty>
      <Quantity>665.00</Quantity>
      <UnitOfMeasure>100 גרם</UnitOfMeasure>
      <bIsWeighted>0</bIsWeighted>
      <QtyInPackage>1</QtyInPackage>
      <ItemPrice>69.90</ItemPrice>
      <UnitOfMeasurePrice>10.5113</UnitOfMeasurePrice>
      <AllowDiscount>1</AllowDiscount>
      <ItemStatus>1</ItemStatus>
      <ItemId>102462</ItemId>
    </Item>
    <Item>
      <PriceUpdateDate>2023-12-31 12:49:05</PriceUpdateDate>
      <ItemCode>9002859049422</ItemCode>
      <ItemType>1</ItemType>
      <ItemName>תיבול לפיצה במטחנה ג</ItemName>
      <ManufacturerName>Gunz</ManufacturerName>
      <ManufactureCountry>לא ידוע</ManufactureCountry>
      <ManufacturerItemDescription>תיבול לפיצה במטחנה גונץ ניקו 35 גר</ManufacturerItemDescription>
      <UnitQty>גרמים</UnitQty>
      <Quantity>35.00</Quantity>
      <UnitOfMeasure>100 גרם</UnitOfMeasure>
      <bIsWeighted>0</bIsWeighted>
      <QtyInPackage>1</QtyInPackage>
      <ItemPrice>12.90</ItemPrice>
      <UnitOfMeasurePrice>36.8571</UnitOfMeasurePrice>
      <AllowDiscount>1</AllowDiscount>
      <ItemStatus>1</ItemStatus>
      <ItemId>57392</ItemId>
    </Item>
    <Item>
      <PriceUpdateDate>2023-12-31 12:49:05</PriceUpdateDate>
      <ItemCode>4750211797218</ItemCode>
      <ItemType>1</ItemType>
      <ItemName>מרק קרוניס פטריות 50</ItemName>
      <ManufacturerName>סיא קרוניס</ManufacturerName>
      <ManufactureCountry>לא ידוע</ManufactureCountry>
      <ManufacturerItemDescription>מרק קרוניס פטריות 500 גר</ManufacturerItemDescription>
      <UnitQty>גרמים</UnitQty>
      <Quantity>500.00</Quantity>
      <UnitOfMeasure>100 גרם</UnitOfMeasure>
      <bIsWeighted>0</bIsWeighted>
      <QtyInPackage>1</QtyInPackage>
      <ItemPrice>13.90</ItemPrice>
      <UnitOfMeasurePrice>2.7800</UnitOfMeasurePrice>
      <AllowDiscount>1</AllowDiscount>
      <ItemStatus>1</ItemStatus>
      <ItemId>57398</ItemId>
    </Item>
    <Item>
      <PriceUpdateDate>2024-11-22 08:30:48</PriceUpdateDate>
      <ItemCode>4750211750411</ItemCode>
      <ItemType>1</ItemType>
      <ItemName>מרק קרוניס שעועית 50</ItemName>
      <ManufacturerName>סיא קרוניס</ManufacturerName>
      <ManufactureCountry>לא ידוע</ManufactureCountry>
      <ManufacturerItemDescription>מרק קרוניס שעועית 500 גר</ManufacturerItemDescription>
      <UnitQty>גרמים</UnitQty>
      <Quantity>500.00</Quantity>
      <UnitOfMeasure>100 גרם</UnitOfMeasure>
      <bIsWeighted>0</bIsWeighted>
      <QtyInPackage>1</QtyInPackage>
      <ItemPrice>12.90</ItemPrice>
      <UnitOfMeasurePrice>2.5800</UnitOfMeasurePrice>
      <AllowDiscount>1</AllowDiscount>
      <ItemStatus>1</ItemStatus>
      <ItemId>57399</ItemId>
    </Item>
    <Item>
      <PriceUpdateDate>2024-11-22 08:30:48</PriceUpdateDate>
      <ItemCode>4750211790813</ItemCode>
      <ItemType>1</ItemType>
      <ItemName>מרק קרוניס חמציץ 500</ItemName>
      <ManufacturerName>סיא קרוניס</ManufacturerName>
      <ManufactureCountry>לא ידוע</ManufactureCountry>
      <ManufacturerItemDescription>מרק קרוניס חמציץ 500 גר</ManufacturerItemDescription>
      <UnitQty>גרמים</UnitQty>
      <Quantity>500.00</Quantity>
      <UnitOfMeasure>100 גרם</UnitOfMeasure>
      <bIsWeighted>0</bIsWeighted>
      <QtyInPackage>1</QtyInPackage>
      <ItemPrice>12.90</ItemPrice>
      <UnitOfMeasurePrice>2.5800</UnitOfMeasurePrice>
      <AllowDiscount>1</AllowDiscount>
      <ItemStatus>1</ItemStatus>
      <ItemId>57400</ItemId>
    </Item>
    <Item>
      <PriceUpdateDate>2025-03-06 19:07:23</PriceUpdateDate>
      <ItemCode>4823077613630</ItemCode>
      <ItemType>1</ItemType>
      <ItemName>בטונציק שוקולד רושן</ItemName>
      <ManufacturerName>רושן</ManufacturerName>
      <ManufactureCountry>לא ידוע</ManufactureCountry>
      <ManufacturerItemDescription>בטונציק שוקולד רושן קרם ברולה 43 גר</ManufacturerItemDescription>
      <UnitQty>גרמים</UnitQty>
      <Quantity>43.00</Quantity>
      <UnitOfMeasure>100 גרם</UnitOfMeasure>
      <bIsWeighted>0</bIsWeighted>
      <QtyInPackage>1</QtyInPackage>
      <ItemPrice>5.90</ItemPrice>
      <UnitOfMeasurePrice>13.7209</UnitOfMeasurePrice>
      <AllowDiscount>1</AllowDiscount>
      <ItemStatus>1</ItemStatus>
      <ItemId>57405</ItemId>
    </Item>
    <Item>
      <PriceUpdateDate>2025-06-15 10:42:36</PriceUpdateDate>
      <ItemCode>4770237054423</ItemCode>
      <ItemType>1</ItemType>
      <ItemName>גלידה שרבט מנגו ואפר</ItemName>
      <ManufacturerName>,</ManufacturerName>
      <ManufactureCountry>לא ידוע</ManufactureCountry>
      <ManufacturerItemDescription>גלידה שרבט מנגו ואפרסק בגביע 85 גר</ManufacturerItemDescription>
      <UnitQty>גרמים</UnitQty>
      <Quantity>85.00</Quantity>
      <UnitOfMeasure>100 גרם</UnitOfMeasure>
      <bIsWeighted>0</bIsWeighted>
      <QtyInPackage>1</QtyInPackage>
      <ItemPrice>8.90</ItemPrice>
      <UnitOfMeasurePrice>10.4706</UnitOfMeasurePrice>
      <AllowDiscount>1</AllowDiscount>
      <ItemStatus>1</ItemStatus>
      <ItemId>57406</ItemId>
    </Item>
    <Item>
      <PriceUpdateDate>2025-04-11 08:12:06</PriceUpdateDate>
      <ItemCode>8002793000504</ItemCode>
      <ItemType>1</ItemType>
      <ItemName>יין פיציני קיאנטי כת</ItemName>
      <ManufacturerName>,</ManufacturerName>
      <ManufactureCountry>לא ידוע</ManufactureCountry>
      <ManufacturerItemDescription>יין פיציני קיאנטי כתום 750 מל</ManufacturerItemDescription>
      <UnitQty>מיליליטרים</UnitQty>
      <Quantity>750.00</Quantity>
      <UnitOfMeasure>100 מ"ל</UnitOfMeasure>
      <bIsWeighted>0</bIsWeighted>
      <QtyInPackage>1</QtyInPackage>
      <ItemPrice>44.90</ItemPrice>
      <UnitOfMeasurePrice>5.9867</UnitOfMeasurePrice>
      <AllowDiscount>1</AllowDiscount>
      <ItemStatus>1</ItemStatus>
      <ItemId>57493</ItemId>
    </Item>
    <Item>
      <PriceUpdateDate>2024-03-03 08:54:24</PriceUpdateDate>
      <ItemCode>8002793005370</ItemCode>
      <ItemType>1</ItemType>
      <ItemName>יין ממורו רוסו 750 מ</ItemName>
      <ManufacturerName>,</ManufacturerName>
      <ManufactureCountry>לא ידוע</ManufactureCountry>
      <ManufacturerItemDescription>יין ממורו רוסו 750 מל</ManufacturerItemDescription>
      <UnitQty>מיליליטרים</UnitQty>
      <Quantity>750.00</Quantity>
      <UnitOfMeasure>100 מ"ל</UnitOfMeasure>
      <bIsWeighted>0</bIsWeighted>
      <QtyInPackage>1</QtyInPackage>
      <ItemPrice>49.90</ItemPrice>
      <UnitOfMeasurePrice>6.6533</UnitOfMeasurePrice>
      <AllowDiscount>1</AllowDiscount>
      <ItemStatus>1</ItemStatus>
      <ItemId>57496</ItemId>
    </Item>
    <Item>
      <PriceUpdateDate>2024-03-03 08:54:24</PriceUpdateDate>
      <ItemCode>8002793007435</ItemCode>
      <ItemType>1</ItemType>
      <ItemName>יין ממורו רוזאטו 750</ItemName>
      <ManufacturerName>,</ManufacturerName>
      <ManufactureCountry>לא ידוע</ManufactureCountry>
      <ManufacturerItemDescription>יין ממורו רוזאטו 750 מל</ManufacturerItemDescription>
      <UnitQty>מיליליטרים</UnitQty>
      <Quantity>750.00</Quantity>
      <UnitOfMeasure>100 מ"ל</UnitOfMeasure>
      <bIsWeighted>0</bIsWeighted>
      <QtyInPackage>1</QtyInPackage>
      <ItemPrice>49.90</ItemPrice>
      <UnitOfMeasurePrice>6.6533</UnitOfMeasurePrice>
      <AllowDiscount>1</AllowDiscount>
      <ItemStatus>1</ItemStatus>
      <ItemId>57497</ItemId>
    </Item>
    <Item>
      <PriceUpdateDate>2024-11-22 08:33:02</PriceUpdateDate>
      <ItemCode>4850009744704</ItemCode>
      <ItemType>1</ItemType>
      <ItemName>לפתן דובדבנים 1 ל</ItemName>
      <ManufacturerName>,</ManufacturerName>
      <ManufactureCountry>לא ידוע</ManufactureCountry>
      <ManufacturerItemDescription>לפתן דובדבנים 1 ל</ManufacturerItemDescription>
      <UnitQty>ליטרים</UnitQty>
      <Quantity>1.00</Quantity>
      <UnitOfMeasure>ליטר    </UnitOfMeasure>
      <bIsWeighted>0</bIsWeighted>
      <QtyInPackage>1</QtyInPackage>
      <ItemPrice>16.90</ItemPrice>
      <UnitOfMeasurePrice>16.9000</UnitOfMeasurePrice>
      <AllowDiscount>1</AllowDiscount>
      <ItemStatus>1</ItemStatus>
      <ItemId>57521</ItemId>
    </Item>
    <Item>
      <PriceUpdateDate>2025-11-06 09:07:21</PriceUpdateDate>
      <ItemCode>4823105818822</ItemCode>
      <ItemType>1</ItemType>
      <ItemName>ממתקים קריסמיס ידית</ItemName>
      <ManufacturerName>,</ManufacturerName>
      <ManufactureCountry>לא ידוע</ManufactureCountry>
      <ManufacturerItemDescription>ממתקים קריסמיס ידית אדומה מס 2 300 גר</ManufacturerItemDescription>
      <UnitQty>גרמים</UnitQty>
      <Quantity>300.00</Quantity>
      <UnitOfMeasure>100 גרם</UnitOfMeasure>
      <bIsWeighted>0</bIsWeighted>
      <QtyInPackage>1</QtyInPackage>
      <ItemPrice>59.90</ItemPrice>
      <UnitOfMeasurePrice>19.9667</UnitOfMeasurePrice>
      <AllowDiscount>1</AllowDiscount>
      <ItemStatus>1</ItemStatus>
      <ItemId>102583</ItemId>
    </Item>
    <Item>
      <PriceUpdateDate>2025-03-06 19:07:23</PriceUpdateDate>
      <ItemCode>4823077617041</ItemCode>
      <ItemType>1</ItemType>
      <ItemName>חטיף שוקולד רושן קרמ</ItemName>
      <ManufacturerName>רושן</ManufacturerName>
      <ManufactureCountry>לא ידוע</ManufactureCountry>
      <ManufacturerItemDescription>בטונציק שוקולד רושן קרמל  43 גר</ManufacturerItemDescription>
      <UnitQty>גרמים</UnitQty>
      <Quantity>43.00</Quantity>
      <UnitOfMeasure>100 גרם</UnitOfMeasure>
      <bIsWeighted>0</bIsWeighted>
      <QtyInPackage>1</QtyInPackage>
      <ItemPrice>5.90</ItemPrice>
      <UnitOfMeasurePrice>13.7209</UnitOfMeasurePrice>
      <AllowDiscount>1</AllowDiscount>
      <ItemStatus>1</ItemStatus>
      <ItemId>57563</ItemId>
    </Item>
    <Item>
      <PriceUpdateDate>2025-03-06 19:07:23</PriceUpdateDate>
      <ItemCode>4823077615757</ItemCode>
      <ItemType>1</ItemType>
      <ItemName>בונ סטרלה 200 גר</ItemName>
      <ManufacturerName>רושן</ManufacturerName>
      <ManufactureCountry>לא ידוע</ManufactureCountry>
      <ManufacturerItemDescription>בונ סטרלה 200 גר</ManufacturerItemDescription>
      <UnitQty>גרמים</UnitQty>
      <Quantity>200.00</Quantity>
      <UnitOfMeasure>100 גרם</UnitOfMeasure>
      <bIsWeighted>0</bIsWeighted>
      <QtyInPackage>1</QtyInPackage>
      <ItemPrice>44.90</ItemPrice>
      <UnitOfMeasurePrice>22.4500</UnitOfMeasurePrice>
      <AllowDiscount>1</AllowDiscount>
      <ItemStatus>1</ItemStatus>
      <ItemId>57565</ItemId>
    </Item>
    <Item>
      <PriceUpdateDate>2025-03-06 19:07:23</PriceUpdateDate>
      <ItemCode>4823077614699</ItemCode>
      <ItemType>1</ItemType>
      <ItemName>ביסקוויט וניל 185 גר</ItemName>
      <ManufacturerName>קייב קרמנציק</ManufacturerName>
      <ManufactureCountry>לא ידוע</ManufactureCountry>
      <ManufacturerItemDescription>ביסקוויט וניל 185 גר</ManufacturerItemDescription>
      <UnitQty>גרמים</UnitQty>
      <Quantity>185.00</Quantity>
      <UnitOfMeasure>100 גרם</UnitOfMeasure>
      <bIsWeighted>0</bIsWeighted>
      <QtyInPackage>1</QtyInPackage>
      <ItemPrice>6.90</ItemPrice>
      <UnitOfMeasurePrice>3.7297</UnitOfMeasurePrice>
      <AllowDiscount>1</AllowDiscount>
      <ItemStatus>1</ItemStatus>
      <ItemId>57566</ItemId>
    </Item>
    <Item>
      <PriceUpdateDate>2025-03-06 19:07:23</PriceUpdateDate>
      <ItemCode>4823077614675</ItemCode>
      <ItemType>1</ItemType>
      <ItemName>ביסקוויט חלב 185 גר</ItemName>
      <ManufacturerName>קייב קרמנציק</ManufacturerName>
      <ManufactureCountry>לא ידוע</ManufactureCountry>
      <ManufacturerItemDescription>ביסקוויט חלב 185 גר</ManufacturerItemDescription>
      <UnitQty>גרמים</UnitQty>
      <Quantity>185.00</Quantity>
      <UnitOfMeasure>100 גרם</UnitOfMeasure>
      <bIsWeighted>0</bIsWeighted>
      <QtyInPackage>1</QtyInPackage>
      <ItemPrice>6.90</ItemPrice>
      <UnitOfMeasurePrice>3.7297</UnitOfMeasurePrice>
      <AllowDiscount>1</AllowDiscount>
      <ItemStatus>1</ItemStatus>
      <ItemId>57567</ItemId>
    </Item>
    <Item>
      <PriceUpdateDate>2024-11-03 14:19:35</PriceUpdateDate>
      <ItemCode>7290012251047</ItemCode>
      <ItemType>1</ItemType>
      <ItemName>קבנוס כפרי 250 גר</ItemName>
      <ManufacturerName>,</ManufacturerName>
      <ManufactureCountry>לא ידוע</ManufactureCountry>
      <ManufacturerItemDescription>קבנוס כפרי 250 גר</ManufacturerItemDescription>
      <UnitQty>גרמים</UnitQty>
      <Quantity>250.00</Quantity>
      <UnitOfMeasure>100 גרם</UnitOfMeasure>
      <bIsWeighted>0</bIsWeighted>
      <QtyInPackage>1</QtyInPackage>
      <ItemPrice>24.90</ItemPrice>
      <UnitOfMeasurePrice>9.9600</UnitOfMeasurePrice>
      <AllowDiscount>1</AllowDiscount>
      <ItemStatus>1</ItemStatus>
      <ItemId>57620</ItemId>
    </Item>
    <Item>
      <PriceUpdateDate>2024-11-22 08:30:11</PriceUpdateDate>
      <ItemCode>4604248014674</ItemCode>
      <ItemType>1</ItemType>
      <ItemName>תערובת תחמיץ לשישליק</ItemName>
      <ManufacturerName>Maheev</ManufacturerName>
      <ManufactureCountry>לא ידוע</ManufactureCountry>
      <ManufacturerItemDescription>תערובת תחמיץ לשישליק 300 גר</ManufacturerItemDescription>
      <UnitQty>גרמים</UnitQty>
      <Quantity>300.00</Quantity>
      <UnitOfMeasure>100 גרם</UnitOfMeasure>
      <bIsWeighted>0</bIsWeighted>
      <QtyInPackage>1</QtyInPackage>
      <ItemPrice>11.90</ItemPrice>
      <UnitOfMeasurePrice>3.9667</UnitOfMeasurePrice>
      <AllowDiscount>1</AllowDiscount>
      <ItemStatus>1</ItemStatus>
      <ItemId>57631</ItemId>
    </Item>
    <Item>
      <PriceUpdateDate>2024-11-22 08:30:14</PriceUpdateDate>
      <ItemCode>4604248014667</ItemCode>
      <ItemType>1</ItemType>
      <ItemName>תערובת תבלינים תחמיץ</ItemName>
      <ManufacturerName>Maheev</ManufacturerName>
      <ManufactureCountry>לא ידוע</ManufactureCountry>
      <ManufacturerItemDescription>תערובת תבלינים תחמיץ לעוף בטעם חרדל 300</ManufacturerItemDescription>
      <UnitQty>גרמים</UnitQty>
      <Quantity>300.00</Quantity>
      <UnitOfMeasure>100 גרם</UnitOfMeasure>
      <bIsWeighted>0</bIsWeighted>
      <QtyInPackage>1</QtyInPackage>
      <ItemPrice>11.90</ItemPrice>
      <UnitOfMeasurePrice>3.9667</UnitOfMeasurePrice>
      <AllowDiscount>1</AllowDiscount>
      <ItemStatus>1</ItemStatus>
      <ItemId>57632</ItemId>
    </Item>
    <Item>
      <PriceUpdateDate>2025-06-27 08:49:08</PriceUpdateDate>
      <ItemCode>4820012681372</ItemCode>
      <ItemType>0</ItemType>
      <ItemName>חלב כחוש מרוכז מבושל</ItemName>
      <ManufacturerName>,</ManufacturerName>
      <ManufactureCountry>לא ידוע</ManufactureCountry>
      <ManufacturerItemDescription>חלב כחוש מרוכז מבושל איריסקה 470 גר</ManufacturerItemDescription>
      <UnitQty>גרמים</UnitQty>
      <Quantity>470.00</Quantity>
      <UnitOfMeasure>100 גרם</UnitOfMeasure>
      <bIsWeighted>0</bIsWeighted>
      <QtyInPackage>1</QtyInPackage>
      <ItemPrice>16.90</ItemPrice>
      <UnitOfMeasurePrice>3.5957</UnitOfMeasurePrice>
      <AllowDiscount>1</AllowDiscount>
      <ItemStatus>1</ItemStatus>
      <ItemId>57662</ItemId>
    </Item>
    <Item>
      <PriceUpdateDate>2023-12-31 12:49:08</PriceUpdateDate>
      <ItemCode>4607016245782</ItemCode>
      <ItemType>1</ItemType>
      <ItemName>שיבולת שועל עם ענב ש</ItemName>
      <ManufacturerName>אובלקה</ManufacturerName>
      <ManufactureCountry>לא ידוע</ManufactureCountry>
      <ManufacturerItemDescription>דייסה שיבולת שועל עם ענב שחור חמישייה</ManufacturerItemDescription>
      <UnitQty>גרמים</UnitQty>
      <Quantity>200.00</Quantity>
      <UnitOfMeasure>100 גרם</UnitOfMeasure>
      <bIsWeighted>0</bIsWeighted>
      <QtyInPackage>1</QtyInPackage>
      <ItemPrice>13.90</ItemPrice>
      <UnitOfMeasurePrice>6.9500</UnitOfMeasurePrice>
      <AllowDiscount>1</AllowDiscount>
      <ItemStatus>1</ItemStatus>
      <ItemId>57669</ItemId>
    </Item>
    <Item>
      <PriceUpdateDate>2023-12-31 12:49:08</PriceUpdateDate>
      <ItemCode>4607016245805</ItemCode>
      <ItemType>1</ItemType>
      <ItemName>שיבולת שועל עם תערוב</ItemName>
      <ManufacturerName>אובלקה</ManufacturerName>
      <ManufactureCountry>לא ידוע</ManufactureCountry>
      <ManufacturerItemDescription>דייסה שיבולת שועל עם תערובת פירות יער 5</ManufacturerItemDescription>
      <UnitQty>גרמים</UnitQty>
      <Quantity>200.00</Quantity>
      <UnitOfMeasure>100 גרם</UnitOfMeasure>
      <bIsWeighted>0</bIsWeighted>
      <QtyInPackage>1</QtyInPackage>
      <ItemPrice>13.90</ItemPrice>
      <UnitOfMeasurePrice>6.9500</UnitOfMeasurePrice>
      <AllowDiscount>1</AllowDiscount>
      <ItemStatus>1</ItemStatus>
      <ItemId>57670</ItemId>
    </Item>
    <Item>
      <PriceUpdateDate>2024-11-06 16:48:22</PriceUpdateDate>
      <ItemCode>4607016245485</ItemCode>
      <ItemType>1</ItemType>
      <ItemName>קטניות כוסמת 80 גר ח</ItemName>
      <ManufacturerName>אובלקה</ManufacturerName>
      <ManufactureCountry>לא ידוע</ManufactureCountry>
      <ManufacturerItemDescription>קטניות כוסמת 80 גר חמישייה</ManufacturerItemDescription>
      <UnitQty>גרמים</UnitQty>
      <Quantity>400.00</Quantity>
      <UnitOfMeasure>100 גרם</UnitOfMeasure>
      <bIsWeighted>0</bIsWeighted>
      <QtyInPackage>1</QtyInPackage>
      <ItemPrice>13.90</ItemPrice>
      <UnitOfMeasurePrice>3.4750</UnitOfMeasurePrice>
      <AllowDiscount>1</AllowDiscount>
      <ItemStatus>1</ItemStatus>
      <ItemId>57677</ItemId>
    </Item>
    <Item>
      <PriceUpdateDate>2024-06-07 08:33:25</PriceUpdateDate>
      <ItemCode>4850016340135</ItemCode>
      <ItemType>1</ItemType>
      <ItemName>מרק דגים חדקן רואילי</ItemName>
      <ManufacturerName>או או או אקו פוד</ManufacturerName>
      <ManufactureCountry>לא ידוע</ManufactureCountry>
      <ManufacturerItemDescription>מרק דגים חדקן רואילי 530 גר</ManufacturerItemDescription>
      <UnitQty>גרמים</UnitQty>
      <Quantity>530.00</Quantity>
      <UnitOfMeasure>100 גרם</UnitOfMeasure>
      <bIsWeighted>0</bIsWeighted>
      <QtyInPackage>1</QtyInPackage>
      <ItemPrice>37.90</ItemPrice>
      <UnitOfMeasurePrice>7.1509</UnitOfMeasurePrice>
      <AllowDiscount>1</AllowDiscount>
      <ItemStatus>1</ItemStatus>
      <ItemId>57721</ItemId>
    </Item>
    <Item>
      <PriceUpdateDate>2024-10-20 11:33:59</PriceUpdateDate>
      <ItemCode>4750007898341</ItemCode>
      <ItemType>1</ItemType>
      <ItemName>עוגיות לאימה גינגר ד</ItemName>
      <ManufacturerName>LAIMA</ManufacturerName>
      <ManufactureCountry>לא ידוע</ManufactureCountry>
      <ManufacturerItemDescription>עוגיות לאימה גינגר דקים בצורות 500 גר</ManufacturerItemDescription>
      <UnitQty>גרמים</UnitQty>
      <Quantity>500.00</Quantity>
      <UnitOfMeasure>100 גרם</UnitOfMeasure>
      <bIsWeighted>0</bIsWeighted>
      <QtyInPackage>1</QtyInPackage>
      <ItemPrice>39.90</ItemPrice>
      <UnitOfMeasurePrice>7.9800</UnitOfMeasurePrice>
      <AllowDiscount>1</AllowDiscount>
      <ItemStatus>1</ItemStatus>
      <ItemId>57744</ItemId>
    </Item>
    <Item>
      <PriceUpdateDate>2023-12-31 12:49:08</PriceUpdateDate>
      <ItemCode>7290014910300</ItemCode>
      <ItemType>1</ItemType>
      <ItemName>טבורוג חלבן ליטאי 30</ItemName>
      <ManufacturerName>גימטוס</ManufacturerName>
      <ManufactureCountry>לא ידוע</ManufactureCountry>
      <ManufacturerItemDescription>טבורוג חלבן ליטאי 300 גר</ManufacturerItemDescription>
      <UnitQty>גרמים</UnitQty>
      <Quantity>300.00</Quantity>
      <UnitOfMeasure>100 גרם</UnitOfMeasure>
      <bIsWeighted>0</bIsWeighted>
      <QtyInPackage>1</QtyInPackage>
      <ItemPrice>14.90</ItemPrice>
      <UnitOfMeasurePrice>4.9667</UnitOfMeasurePrice>
      <AllowDiscount>1</AllowDiscount>
      <ItemStatus>1</ItemStatus>
      <ItemId>57747</ItemId>
    </Item>
    <Item>
      <PriceUpdateDate>2025-08-12 12:29:43</PriceUpdateDate>
      <ItemCode>4607037437647</ItemCode>
      <ItemType>1</ItemType>
      <ItemName>זפיר לאנז חמוציות 42</ItemName>
      <ManufacturerName>,</ManufacturerName>
      <ManufactureCountry>לא ידוע</ManufactureCountry>
      <ManufacturerItemDescription>זפיר לאנז חמוציות 420 גר</ManufacturerItemDescription>
      <UnitQty>גרמים</UnitQty>
      <Quantity>420.00</Quantity>
      <UnitOfMeasure>100 גרם</UnitOfMeasure>
      <bIsWeighted>0</bIsWeighted>
      <QtyInPackage>1</QtyInPackage>
      <ItemPrice>18.90</ItemPrice>
      <UnitOfMeasurePrice>4.5000</UnitOfMeasurePrice>
      <AllowDiscount>1</AllowDiscount>
      <ItemStatus>1</ItemStatus>
      <ItemId>57857</ItemId>
    </Item>
    <Item>
      <PriceUpdateDate>2023-12-31 12:49:09</PriceUpdateDate>
      <ItemCode>5900056007655</ItemCode>
      <ItemType>1</ItemType>
      <ItemName>דובשניות בצורת לב 12</ItemName>
      <ManufacturerName>,</ManufacturerName>
      <ManufactureCountry>לא ידוע</ManufactureCountry>
      <ManufacturerItemDescription>דובשניות בצורת לב 120 גר</ManufacturerItemDescription>
      <UnitQty>גרמים</UnitQty>
      <Quantity>120.00</Quantity>
      <UnitOfMeasure>100 גרם</UnitOfMeasure>
      <bIsWeighted>0</bIsWeighted>
      <QtyInPackage>1</QtyInPackage>
      <ItemPrice>9.90</ItemPrice>
      <UnitOfMeasurePrice>8.2500</UnitOfMeasurePrice>
      <AllowDiscount>1</AllowDiscount>
      <ItemStatus>1</ItemStatus>
      <ItemId>57866</ItemId>
    </Item>
    <Item>
      <PriceUpdateDate>2023-12-31 12:49:09</PriceUpdateDate>
      <ItemCode>5420066370032</ItemCode>
      <ItemType>1</ItemType>
      <ItemName>טרופל בלגי מריר 150</ItemName>
      <ManufacturerName>,</ManufacturerName>
      <ManufactureCountry>לא ידוע</ManufactureCountry>
      <ManufacturerItemDescription>טרופל בלגי מריר 150 גר</ManufacturerItemDescription>
      <UnitQty>גרמים</UnitQty>
      <Quantity>150.00</Quantity>
      <UnitOfMeasure>100 גרם</UnitOfMeasure>
      <bIsWeighted>0</bIsWeighted>
      <QtyInPackage>1</QtyInPackage>
      <ItemPrice>14.90</ItemPrice>
      <UnitOfMeasurePrice>9.9333</UnitOfMeasurePrice>
      <AllowDiscount>1</AllowDiscount>
      <ItemStatus>1</ItemStatus>
      <ItemId>57934</ItemId>
    </Item>
    <Item>
      <PriceUpdateDate>2023-12-31 12:49:09</PriceUpdateDate>
      <ItemCode>5420066370018</ItemCode>
      <ItemType>1</ItemType>
      <ItemName>טרופל בלגי קקאו 150</ItemName>
      <ManufacturerName>,</ManufacturerName>
      <ManufactureCountry>לא ידוע</ManufactureCountry>
      <ManufacturerItemDescription>טרופל בלגי קקאו 150 גר</ManufacturerItemDescription>
      <UnitQty>גרמים</UnitQty>
      <Quantity>150.00</Quantity>
      <UnitOfMeasure>100 גרם</UnitOfMeasure>
      <bIsWeighted>0</bIsWeighted>
      <QtyInPackage>1</QtyInPackage>
      <ItemPrice>14.90</ItemPrice>
      <UnitOfMeasurePrice>9.9333</UnitOfMeasurePrice>
      <AllowDiscount>1</AllowDiscount>
      <ItemStatus>1</ItemStatus>
      <ItemId>57935</ItemId>
    </Item>
    <Item>
      <PriceUpdateDate>2023-12-31 12:49:09</PriceUpdateDate>
      <ItemCode>5420066370049</ItemCode>
      <ItemType>1</ItemType>
      <ItemName>טרופל בלגי תפוז 150</ItemName>
      <ManufacturerName>,</ManufacturerName>
      <ManufactureCountry>לא ידוע</ManufactureCountry>
      <ManufacturerItemDescription>טרופל בלגי תפוז 150 גר</ManufacturerItemDescription>
      <UnitQty>גרמים</UnitQty>
      <Quantity>150.00</Quantity>
      <UnitOfMeasure>100 גרם</UnitOfMeasure>
      <bIsWeighted>0</bIsWeighted>
      <QtyInPackage>1</QtyInPackage>
      <ItemPrice>14.90</ItemPrice>
      <UnitOfMeasurePrice>9.9333</UnitOfMeasurePrice>
      <AllowDiscount>1</AllowDiscount>
      <ItemStatus>1</ItemStatus>
      <ItemId>57939</ItemId>
    </Item>
    <Item>
      <PriceUpdateDate>2023-12-31 12:49:09</PriceUpdateDate>
      <ItemCode>4067700014849</ItemCode>
      <ItemType>1</ItemType>
      <ItemName>ליקר ייגרמייסטר 700</ItemName>
      <ManufacturerName>יגרמייסטר</ManufacturerName>
      <ManufactureCountry>לא ידוע</ManufactureCountry>
      <ManufacturerItemDescription>ליקר ייגרמייסטר 700 מ"ל</ManufacturerItemDescription>
      <UnitQty>מיליליטרים</UnitQty>
      <Quantity>700.00</Quantity>
      <UnitOfMeasure>100 מ"ל</UnitOfMeasure>
      <bIsWeighted>0</bIsWeighted>
      <QtyInPackage>1</QtyInPackage>
      <ItemPrice>99.90</ItemPrice>
      <UnitOfMeasurePrice>14.2714</UnitOfMeasurePrice>
      <AllowDiscount>1</AllowDiscount>
      <ItemStatus>1</ItemStatus>
      <ItemId>57951</ItemId>
    </Item>
    <Item>
      <PriceUpdateDate>2025-11-09 14:54:18</PriceUpdateDate>
      <ItemCode>8003896080103</ItemCode>
      <ItemType>1</ItemType>
      <ItemName>פאנטונה מיני סאנטאנג</ItemName>
      <ManufacturerName>SANTANGELO</ManufacturerName>
      <ManufactureCountry>לא ידוע</ManufactureCountry>
      <ManufacturerItemDescription>פאנטונה מיני סאנטאנגלו בקופסא 100 גר</ManufacturerItemDescription>
      <UnitQty>גרמים</UnitQty>
      <Quantity>100.00</Quantity>
      <UnitOfMeasure>100 גרם</UnitOfMeasure>
      <bIsWeighted>0</bIsWeighted>
      <QtyInPackage>1</QtyInPackage>
      <ItemPrice>16.90</ItemPrice>
      <UnitOfMeasurePrice>16.9000</UnitOfMeasurePrice>
      <AllowDiscount>1</AllowDiscount>
      <ItemStatus>1</ItemStatus>
      <ItemId>57968</ItemId>
    </Item>
    <Item>
      <PriceUpdateDate>2025-09-19 12:04:54</PriceUpdateDate>
      <ItemCode>7290003094400</ItemCode>
      <ItemType>1</ItemType>
      <ItemName>קוויאר אדום 140 גר</ItemName>
      <ManufacturerName>א.ר.ד.י.ו</ManufacturerName>
      <ManufactureCountry>לא ידוע</ManufactureCountry>
      <ManufacturerItemDescription>קוויאר אדום 140 גר</ManufacturerItemDescription>
      <UnitQty>גרמים</UnitQty>
      <Quantity>140.00</Quantity>
      <UnitOfMeasure>100 גרם</UnitOfMeasure>
      <bIsWeighted>0</bIsWeighted>
      <QtyInPackage>1</QtyInPackage>
      <ItemPrice>44.90</ItemPrice>
      <UnitOfMeasurePrice>32.0714</UnitOfMeasurePrice>
      <AllowDiscount>1</AllowDiscount>
      <ItemStatus>1</ItemStatus>
      <ItemId>57988</ItemId>
    </Item>
    <Item>
      <PriceUpdateDate>2025-08-12 12:29:43</PriceUpdateDate>
      <ItemCode>4607037437777</ItemCode>
      <ItemType>1</ItemType>
      <ItemName>זפיר בטעם תפוח 420 ג</ItemName>
      <ManufacturerName>NEVA</ManufacturerName>
      <ManufactureCountry>לא ידוע</ManufactureCountry>
      <ManufacturerItemDescription>זפיר בטעם תפוח 420 גר</ManufacturerItemDescription>
      <UnitQty>גרמים</UnitQty>
      <Quantity>420.00</Quantity>
      <UnitOfMeasure>100 גרם</UnitOfMeasure>
      <bIsWeighted>0</bIsWeighted>
      <QtyInPackage>1</QtyInPackage>
      <ItemPrice>18.90</ItemPrice>
      <UnitOfMeasurePrice>4.5000</UnitOfMeasurePrice>
      <AllowDiscount>1</AllowDiscount>
      <ItemStatus>1</ItemStatus>
      <ItemId>58026</ItemId>
    </Item>
    <Item>
      <PriceUpdateDate>2025-03-06 19:07:23</PriceUpdateDate>
      <ItemCode>4823077608513</ItemCode>
      <ItemType>1</ItemType>
      <ItemName>סוכ קורובקה 205 גר</ItemName>
      <ManufacturerName>רושן</ManufacturerName>
      <ManufactureCountry>לא ידוע</ManufactureCountry>
      <ManufacturerItemDescription>סוכ קורובקה 205 גר</ManufacturerItemDescription>
      <UnitQty>גרמים</UnitQty>
      <Quantity>205.00</Quantity>
      <UnitOfMeasure>100 גרם</UnitOfMeasure>
      <bIsWeighted>0</bIsWeighted>
      <QtyInPackage>1</QtyInPackage>
      <ItemPrice>9.90</ItemPrice>
      <UnitOfMeasurePrice>4.8293</UnitOfMeasurePrice>
      <AllowDiscount>1</AllowDiscount>
      <ItemStatus>1</ItemStatus>
      <ItemId>58047</ItemId>
    </Item>
    <Item>
      <PriceUpdateDate>2023-12-31 12:49:10</PriceUpdateDate>
      <ItemCode>7310004963564</ItemCode>
      <ItemType>1</ItemType>
      <ItemName>קוויאר שחור קאראט 50</ItemName>
      <ManufacturerName>,</ManufacturerName>
      <ManufactureCountry>לא ידוע</ManufactureCountry>
      <ManufacturerItemDescription>קוויאר שחור קאראט 50 גר</ManufacturerItemDescription>
      <UnitQty>גרמים</UnitQty>
      <Quantity>50.00</Quantity>
      <UnitOfMeasure>100 גרם</UnitOfMeasure>
      <bIsWeighted>0</bIsWeighted>
      <QtyInPackage>1</QtyInPackage>
      <ItemPrice>399.90</ItemPrice>
      <UnitOfMeasurePrice>799.8000</UnitOfMeasurePrice>
      <AllowDiscount>1</AllowDiscount>
      <ItemStatus>1</ItemStatus>
      <ItemId>58058</ItemId>
    </Item>
    <Item>
      <PriceUpdateDate>2023-12-31 12:49:10</PriceUpdateDate>
      <ItemCode>4037719068317</ItemCode>
      <ItemType>1</ItemType>
      <ItemName>סוכריות פירות יער פח</ItemName>
      <ManufacturerName>קוון דיש</ManufacturerName>
      <ManufactureCountry>לא ידוע</ManufactureCountry>
      <ManufacturerItemDescription>סוכריות פירות יער פחיות 200 גר</ManufacturerItemDescription>
      <UnitQty>גרמים</UnitQty>
      <Quantity>200.00</Quantity>
      <UnitOfMeasure>100 גרם</UnitOfMeasure>
      <bIsWeighted>0</bIsWeighted>
      <QtyInPackage>1</QtyInPackage>
      <ItemPrice>9.90</ItemPrice>
      <UnitOfMeasurePrice>4.9500</UnitOfMeasurePrice>
      <AllowDiscount>1</AllowDiscount>
      <ItemStatus>1</ItemStatus>
      <ItemId>58091</ItemId>
    </Item>
    <Item>
      <PriceUpdateDate>2025-11-02 11:30:18</PriceUpdateDate>
      <ItemCode>4037719680212</ItemCode>
      <ItemType>1</ItemType>
      <ItemName>סוכריות בטעם תות שדה</ItemName>
      <ManufacturerName>קוון דיש</ManufacturerName>
      <ManufactureCountry>לא ידוע</ManufactureCountry>
      <ManufacturerItemDescription>סוכריות בטעם תות שדה  פחיות 200 גר</ManufacturerItemDescription>
      <UnitQty>גרמים</UnitQty>
      <Quantity>200.00</Quantity>
      <UnitOfMeasure>100 גרם</UnitOfMeasure>
      <bIsWeighted>0</bIsWeighted>
      <QtyInPackage>1</QtyInPackage>
      <ItemPrice>11.90</ItemPrice>
      <UnitOfMeasurePrice>5.9500</UnitOfMeasurePrice>
      <AllowDiscount>1</AllowDiscount>
      <ItemStatus>1</ItemStatus>
      <ItemId>58092</ItemId>
    </Item>
    <Item>
      <PriceUpdateDate>2025-06-30 18:16:29</PriceUpdateDate>
      <ItemCode>4680009030404</ItemCode>
      <ItemType>1</ItemType>
      <ItemName>סלט אצות ים 220 גר</ItemName>
      <ManufacturerName>ז אי או יוזמורריבפלו</ManufacturerName>
      <ManufactureCountry>לא ידוע</ManufactureCountry>
      <ManufacturerItemDescription>סלט אצות ים 220 גר</ManufacturerItemDescription>
      <UnitQty>גרמים</UnitQty>
      <Quantity>220.00</Quantity>
      <UnitOfMeasure>100 גרם</UnitOfMeasure>
      <bIsWeighted>0</bIsWeighted>
      <QtyInPackage>1</QtyInPackage>
      <ItemPrice>9.90</ItemPrice>
      <UnitOfMeasurePrice>4.5000</UnitOfMeasurePrice>
      <AllowDiscount>1</AllowDiscount>
      <ItemStatus>1</ItemStatus>
      <ItemId>58119</ItemId>
    </Item>
    <Item>
      <PriceUpdateDate>2023-12-31 12:49:10</PriceUpdateDate>
      <ItemCode>4052197001366</ItemCode>
      <ItemType>1</ItemType>
      <ItemName>בירה בנדיקטינר ללא א</ItemName>
      <ManufacturerName>,</ManufacturerName>
      <ManufactureCountry>לא ידוע</ManufactureCountry>
      <ManufacturerItemDescription>בירה בנדיקטינר ללא אלכוהול 500 מ"ל</ManufacturerItemDescription>
      <UnitQty>מיליליטרים</UnitQty>
      <Quantity>500.00</Quantity>
      <UnitOfMeasure>100 מ"ל</UnitOfMeasure>
      <bIsWeighted>0</bIsWeighted>
      <QtyInPackage>1</QtyInPackage>
      <ItemPrice>10.90</ItemPrice>
      <UnitOfMeasurePrice>2.1800</UnitOfMeasurePrice>
      <AllowDiscount>1</AllowDiscount>
      <ItemStatus>1</ItemStatus>
      <ItemId>58139</ItemId>
    </Item>
    <Item>
      <PriceUpdateDate>2025-03-06 19:02:09</PriceUpdateDate>
      <ItemCode>5774540984452</ItemCode>
      <ItemType>1</ItemType>
      <ItemName>שוק מריר מרציפן אנטו</ItemName>
      <ManufacturerName>,</ManufacturerName>
      <ManufactureCountry>לא ידוע</ManufactureCountry>
      <ManufacturerItemDescription>שוק מריר מרציפן אנטון ברג דובדבן ברום</ManufacturerItemDescription>
      <UnitQty>גרמים</UnitQty>
      <Quantity>220.00</Quantity>
      <UnitOfMeasure>100 גרם</UnitOfMeasure>
      <bIsWeighted>0</bIsWeighted>
      <QtyInPackage>1</QtyInPackage>
      <ItemPrice>49.90</ItemPrice>
      <UnitOfMeasurePrice>22.6818</UnitOfMeasurePrice>
      <AllowDiscount>1</AllowDiscount>
      <ItemStatus>1</ItemStatus>
      <ItemId>58237</ItemId>
    </Item>
    <Item>
      <PriceUpdateDate>2025-03-06 19:02:09</PriceUpdateDate>
      <ItemCode>5774540984254</ItemCode>
      <ItemType>1</ItemType>
      <ItemName>שוק מריר מרציפן אנטו</ItemName>
      <ManufacturerName>,</ManufacturerName>
      <ManufactureCountry>לא ידוע</ManufactureCountry>
      <ManufacturerItemDescription>שוק מריר מרציפן אנטון ברג משמש בברנדי</ManufacturerItemDescription>
      <UnitQty>גרמים</UnitQty>
      <Quantity>220.00</Quantity>
      <UnitOfMeasure>100 גרם</UnitOfMeasure>
      <bIsWeighted>0</bIsWeighted>
      <QtyInPackage>1</QtyInPackage>
      <ItemPrice>49.90</ItemPrice>
      <UnitOfMeasurePrice>22.6818</UnitOfMeasurePrice>
      <AllowDiscount>1</AllowDiscount>
      <ItemStatus>1</ItemStatus>
      <ItemId>58238</ItemId>
    </Item>
    <Item>
      <PriceUpdateDate>2024-11-22 08:30:48</PriceUpdateDate>
      <ItemCode>4850016340340</ItemCode>
      <ItemType>1</ItemType>
      <ItemName>מרק גולש דג חדקן עם</ItemName>
      <ManufacturerName>או או או אקו פוד</ManufacturerName>
      <ManufactureCountry>לא ידוע</ManufactureCountry>
      <ManufacturerItemDescription>מרק גולש דג חדקן עם שמפיניון 530 גר</ManufacturerItemDescription>
      <UnitQty>גרמים</UnitQty>
      <Quantity>530.00</Quantity>
      <UnitOfMeasure>100 גרם</UnitOfMeasure>
      <bIsWeighted>0</bIsWeighted>
      <QtyInPackage>1</QtyInPackage>
      <ItemPrice>33.90</ItemPrice>
      <UnitOfMeasurePrice>6.3962</UnitOfMeasurePrice>
      <AllowDiscount>1</AllowDiscount>
      <ItemStatus>1</ItemStatus>
      <ItemId>58331</ItemId>
    </Item>
    <Item>
      <PriceUpdateDate>2023-12-31 12:49:11</PriceUpdateDate>
      <ItemCode>4850016340333</ItemCode>
      <ItemType>1</ItemType>
      <ItemName>מרק דג חדקן חארצו עם</ItemName>
      <ManufacturerName>או או או אקו פוד</ManufacturerName>
      <ManufactureCountry>לא ידוע</ManufactureCountry>
      <ManufacturerItemDescription>מרק דג חדקן חארצו עם אגוזי מלך 530 גר</ManufacturerItemDescription>
      <UnitQty>גרמים</UnitQty>
      <Quantity>530.00</Quantity>
      <UnitOfMeasure>100 גרם</UnitOfMeasure>
      <bIsWeighted>0</bIsWeighted>
      <QtyInPackage>1</QtyInPackage>
      <ItemPrice>32.90</ItemPrice>
      <UnitOfMeasurePrice>6.2075</UnitOfMeasurePrice>
      <AllowDiscount>1</AllowDiscount>
      <ItemStatus>1</ItemStatus>
      <ItemId>58333</ItemId>
    </Item>
    <Item>
      <PriceUpdateDate>2024-11-03 14:19:35</PriceUpdateDate>
      <ItemCode>7290013187949</ItemCode>
      <ItemType>1</ItemType>
      <ItemName>נקניק סרוולט איטלקי</ItemName>
      <ManufacturerName>,</ManufacturerName>
      <ManufactureCountry>לא ידוע</ManufactureCountry>
      <ManufacturerItemDescription>נקניק סרוולט איטלקי 170 גר</ManufacturerItemDescription>
      <UnitQty>גרמים</UnitQty>
      <Quantity>170.00</Quantity>
      <UnitOfMeasure>100 גרם</UnitOfMeasure>
      <bIsWeighted>0</bIsWeighted>
      <QtyInPackage>1</QtyInPackage>
      <ItemPrice>32.90</ItemPrice>
      <UnitOfMeasurePrice>19.3529</UnitOfMeasurePrice>
      <AllowDiscount>1</AllowDiscount>
      <ItemStatus>1</ItemStatus>
      <ItemId>58364</ItemId>
    </Item>
    <Item>
      <PriceUpdateDate>2024-11-03 14:19:35</PriceUpdateDate>
      <ItemCode>7290013187871</ItemCode>
      <ItemType>1</ItemType>
      <ItemName>נקניק סרוולט אוסטרי</ItemName>
      <ManufacturerName>,</ManufacturerName>
      <ManufactureCountry>לא ידוע</ManufactureCountry>
      <ManufacturerItemDescription>נקניק סרוולט אוסטרי 170 גר</ManufacturerItemDescription>
      <UnitQty>גרמים</UnitQty>
      <Quantity>170.00</Quantity>
      <UnitOfMeasure>100 גרם</UnitOfMeasure>
      <bIsWeighted>0</bIsWeighted>
      <QtyInPackage>1</QtyInPackage>
      <ItemPrice>44.90</ItemPrice>
      <UnitOfMeasurePrice>26.4118</UnitOfMeasurePrice>
      <AllowDiscount>1</AllowDiscount>
      <ItemStatus>1</ItemStatus>
      <ItemId>58365</ItemId>
    </Item>
    <Item>
      <PriceUpdateDate>2024-11-03 14:19:36</PriceUpdateDate>
      <ItemCode>7290013187888</ItemCode>
      <ItemType>1</ItemType>
      <ItemName>נקניק סרוולט רוסקי 1</ItemName>
      <ManufacturerName>,</ManufacturerName>
      <ManufactureCountry>לא ידוע</ManufactureCountry>
      <ManufacturerItemDescription>נקניק סרוולט רוסקי 170 גר</ManufacturerItemDescription>
      <UnitQty>גרמים</UnitQty>
      <Quantity>170.00</Quantity>
      <UnitOfMeasure>100 גרם</UnitOfMeasure>
      <bIsWeighted>0</bIsWeighted>
      <QtyInPackage>1</QtyInPackage>
      <ItemPrice>44.90</ItemPrice>
      <UnitOfMeasurePrice>26.4118</UnitOfMeasurePrice>
      <AllowDiscount>1</AllowDiscount>
      <ItemStatus>1</ItemStatus>
      <ItemId>58366</ItemId>
    </Item>
    <Item>
      <PriceUpdateDate>2024-11-22 08:30:12</PriceUpdateDate>
      <ItemCode>4820002309224</ItemCode>
      <ItemType>1</ItemType>
      <ItemName>קרקר סניור באטוניו 3</ItemName>
      <ManufacturerName>KHARKIV BISCUIT</ManufacturerName>
      <ManufactureCountry>לא ידוע</ManufactureCountry>
      <ManufacturerItemDescription>קרקר סניור באטוניו 350 גר</ManufacturerItemDescription>
      <UnitQty>גרמים</UnitQty>
      <Quantity>350.00</Quantity>
      <UnitOfMeasure>100 גרם</UnitOfMeasure>
      <bIsWeighted>0</bIsWeighted>
      <QtyInPackage>1</QtyInPackage>
      <ItemPrice>11.90</ItemPrice>
      <UnitOfMeasurePrice>3.4000</UnitOfMeasurePrice>
      <AllowDiscount>1</AllowDiscount>
      <ItemStatus>1</ItemStatus>
      <ItemId>58369</ItemId>
    </Item>
    <Item>
      <PriceUpdateDate>2023-12-31 12:49:11</PriceUpdateDate>
      <ItemCode>7290014318137</ItemCode>
      <ItemType>1</ItemType>
      <ItemName>עגבניות מיובשות בשמן</ItemName>
      <ManufacturerName>,</ManufacturerName>
      <ManufactureCountry>לא ידוע</ManufactureCountry>
      <ManufacturerItemDescription>עגבניות מיובשות בשמן 285 גר</ManufacturerItemDescription>
      <UnitQty>גרמים</UnitQty>
      <Quantity>285.00</Quantity>
      <UnitOfMeasure>100 גרם</UnitOfMeasure>
      <bIsWeighted>0</bIsWeighted>
      <QtyInPackage>1</QtyInPackage>
      <ItemPrice>19.90</ItemPrice>
      <UnitOfMeasurePrice>6.9825</UnitOfMeasurePrice>
      <AllowDiscount>1</AllowDiscount>
      <ItemStatus>1</ItemStatus>
      <ItemId>58373</ItemId>
    </Item>
    <Item>
      <PriceUpdateDate>2023-12-31 12:49:11</PriceUpdateDate>
      <ItemCode>8034023209272</ItemCode>
      <ItemType>1</ItemType>
      <ItemName>ארטישוק א-לה רומנה ב</ItemName>
      <ManufacturerName>,</ManufacturerName>
      <ManufactureCountry>לא ידוע</ManufactureCountry>
      <ManufacturerItemDescription>ארטישוק א-לה רומנה בשמן חמניות 510 גר</ManufacturerItemDescription>
      <UnitQty>גרמים</UnitQty>
      <Quantity>510.00</Quantity>
      <UnitOfMeasure>100 גרם</UnitOfMeasure>
      <bIsWeighted>0</bIsWeighted>
      <QtyInPackage>1</QtyInPackage>
      <ItemPrice>39.90</ItemPrice>
      <UnitOfMeasurePrice>7.8235</UnitOfMeasurePrice>
      <AllowDiscount>1</AllowDiscount>
      <ItemStatus>1</ItemStatus>
      <ItemId>58375</ItemId>
    </Item>
    <Item>
      <PriceUpdateDate>2023-12-31 12:49:11</PriceUpdateDate>
      <ItemCode>8021423011499</ItemCode>
      <ItemType>1</ItemType>
      <ItemName>רבעי ארטישוק על הגרי</ItemName>
      <ManufacturerName>,</ManufacturerName>
      <ManufactureCountry>לא ידוע</ManufactureCountry>
      <ManufacturerItemDescription>רבעי ארטישוק על הגריל בשמן חמניות 510 ג</ManufacturerItemDescription>
      <UnitQty>גרמים</UnitQty>
      <Quantity>510.00</Quantity>
      <UnitOfMeasure>100 גרם</UnitOfMeasure>
      <bIsWeighted>0</bIsWeighted>
      <QtyInPackage>1</QtyInPackage>
      <ItemPrice>39.90</ItemPrice>
      <UnitOfMeasurePrice>7.8235</UnitOfMeasurePrice>
      <AllowDiscount>1</AllowDiscount>
      <ItemStatus>1</ItemStatus>
      <ItemId>58376</ItemId>
    </Item>
    <Item>
      <PriceUpdateDate>2023-12-31 12:49:11</PriceUpdateDate>
      <ItemCode>7290014318151</ItemCode>
      <ItemType>1</ItemType>
      <ItemName>ממרח ארטישוק 212 גר</ItemName>
      <ManufacturerName>,</ManufacturerName>
      <ManufactureCountry>לא ידוע</ManufactureCountry>
      <ManufacturerItemDescription>ממרח ארטישוק 212 גר</ManufacturerItemDescription>
      <UnitQty>גרמים</UnitQty>
      <Quantity>212.00</Quantity>
      <UnitOfMeasure>100 גרם</UnitOfMeasure>
      <bIsWeighted>0</bIsWeighted>
      <QtyInPackage>1</QtyInPackage>
      <ItemPrice>23.90</ItemPrice>
      <UnitOfMeasurePrice>11.2736</UnitOfMeasurePrice>
      <AllowDiscount>1</AllowDiscount>
      <ItemStatus>1</ItemStatus>
      <ItemId>58377</ItemId>
    </Item>
    <Item>
      <PriceUpdateDate>2023-12-31 12:49:11</PriceUpdateDate>
      <ItemCode>8003007800842</ItemCode>
      <ItemType>1</ItemType>
      <ItemName>פסטה קונקיליוני 500</ItemName>
      <ManufacturerName>,</ManufacturerName>
      <ManufactureCountry>לא ידוע</ManufactureCountry>
      <ManufacturerItemDescription>פסטה קונקיליוני 500 גר</ManufacturerItemDescription>
      <UnitQty>גרמים</UnitQty>
      <Quantity>500.00</Quantity>
      <UnitOfMeasure>100 גרם</UnitOfMeasure>
      <bIsWeighted>0</bIsWeighted>
      <QtyInPackage>1</QtyInPackage>
      <ItemPrice>13.90</ItemPrice>
      <UnitOfMeasurePrice>2.7800</UnitOfMeasurePrice>
      <AllowDiscount>1</AllowDiscount>
      <ItemStatus>1</ItemStatus>
      <ItemId>58381</ItemId>
    </Item>
    <Item>
      <PriceUpdateDate>2023-12-31 12:49:11</PriceUpdateDate>
      <ItemCode>8003007811473</ItemCode>
      <ItemType>1</ItemType>
      <ItemName>פסטה פנוני 4 טעמים 5</ItemName>
      <ManufacturerName>,</ManufacturerName>
      <ManufactureCountry>לא ידוע</ManufactureCountry>
      <ManufacturerItemDescription>פסטה פנוני 4 טעמים 500 גר</ManufacturerItemDescription>
      <UnitQty>גרמים</UnitQty>
      <Quantity>500.00</Quantity>
      <UnitOfMeasure>100 גרם</UnitOfMeasure>
      <bIsWeighted>0</bIsWeighted>
      <QtyInPackage>1</QtyInPackage>
      <ItemPrice>13.90</ItemPrice>
      <UnitOfMeasurePrice>2.7800</UnitOfMeasurePrice>
      <AllowDiscount>1</AllowDiscount>
      <ItemStatus>1</ItemStatus>
      <ItemId>58385</ItemId>
    </Item>
    <Item>
      <PriceUpdateDate>2023-12-31 12:49:12</PriceUpdateDate>
      <ItemCode>8003007817918</ItemCode>
      <ItemType>1</ItemType>
      <ItemName>פסטה לומקוני 4 טעמים</ItemName>
      <ManufacturerName>,</ManufacturerName>
      <ManufactureCountry>לא ידוע</ManufactureCountry>
      <ManufacturerItemDescription>פסטה לומקוני 4 טעמים 500 גר</ManufacturerItemDescription>
      <UnitQty>גרמים</UnitQty>
      <Quantity>500.00</Quantity>
      <UnitOfMeasure>100 גרם</UnitOfMeasure>
      <bIsWeighted>0</bIsWeighted>
      <QtyInPackage>1</QtyInPackage>
      <ItemPrice>13.90</ItemPrice>
      <UnitOfMeasurePrice>2.7800</UnitOfMeasurePrice>
      <AllowDiscount>1</AllowDiscount>
      <ItemStatus>1</ItemStatus>
      <ItemId>58388</ItemId>
    </Item>
    <Item>
      <PriceUpdateDate>2023-12-31 12:49:12</PriceUpdateDate>
      <ItemCode>8000193000452</ItemCode>
      <ItemType>1</ItemType>
      <ItemName>אורז ריזוטו ארבוריו</ItemName>
      <ManufacturerName>,</ManufacturerName>
      <ManufactureCountry>לא ידוע</ManufactureCountry>
      <ManufacturerItemDescription>אורז ריזוטו ארבוריו 1 ק"ג</ManufacturerItemDescription>
      <UnitQty>קילוגרמים</UnitQty>
      <Quantity>1.00</Quantity>
      <UnitOfMeasure>ק"ג     </UnitOfMeasure>
      <bIsWeighted>0</bIsWeighted>
      <QtyInPackage>1</QtyInPackage>
      <ItemPrice>25.90</ItemPrice>
      <UnitOfMeasurePrice>25.9000</UnitOfMeasurePrice>
      <AllowDiscount>1</AllowDiscount>
      <ItemStatus>1</ItemStatus>
      <ItemId>58390</ItemId>
    </Item>
    <Item>
      <PriceUpdateDate>2023-12-31 12:49:12</PriceUpdateDate>
      <ItemCode>8003007816683</ItemCode>
      <ItemType>1</ItemType>
      <ItemName>פסטה ארמוניקה 4 טעמי</ItemName>
      <ManufacturerName>,</ManufacturerName>
      <ManufactureCountry>לא ידוע</ManufactureCountry>
      <ManufacturerItemDescription>פסטה ארמוניקה 4 טעמים 500 גר</ManufacturerItemDescription>
      <UnitQty>גרמים</UnitQty>
      <Quantity>500.00</Quantity>
      <UnitOfMeasure>100 גרם</UnitOfMeasure>
      <bIsWeighted>0</bIsWeighted>
      <QtyInPackage>1</QtyInPackage>
      <ItemPrice>13.90</ItemPrice>
      <UnitOfMeasurePrice>2.7800</UnitOfMeasurePrice>
      <AllowDiscount>1</AllowDiscount>
      <ItemStatus>1</ItemStatus>
      <ItemId>58393</ItemId>
    </Item>
    <Item>
      <PriceUpdateDate>2023-12-31 12:49:12</PriceUpdateDate>
      <ItemCode>8003007821144</ItemCode>
      <ItemType>1</ItemType>
      <ItemName>פסטה גירלה 4 טעמים 5</ItemName>
      <ManufacturerName>,</ManufacturerName>
      <ManufactureCountry>לא ידוע</ManufactureCountry>
      <ManufacturerItemDescription>פסטה גירלה 4 טעמים 500 גר</ManufacturerItemDescription>
      <UnitQty>גרמים</UnitQty>
      <Quantity>500.00</Quantity>
      <UnitOfMeasure>100 גרם</UnitOfMeasure>
      <bIsWeighted>0</bIsWeighted>
      <QtyInPackage>1</QtyInPackage>
      <ItemPrice>13.90</ItemPrice>
      <UnitOfMeasurePrice>2.7800</UnitOfMeasurePrice>
      <AllowDiscount>1</AllowDiscount>
      <ItemStatus>1</ItemStatus>
      <ItemId>58394</ItemId>
    </Item>
    <Item>
      <PriceUpdateDate>2023-12-31 12:49:12</PriceUpdateDate>
      <ItemCode>7290014318090</ItemCode>
      <ItemType>1</ItemType>
      <ItemName>מיני ניוקי ללא גלוטן</ItemName>
      <ManufacturerName>,</ManufacturerName>
      <ManufactureCountry>לא ידוע</ManufactureCountry>
      <ManufacturerItemDescription>מיני ניוקי ללא גלוטן 500 גר</ManufacturerItemDescription>
      <UnitQty>גרמים</UnitQty>
      <Quantity>500.00</Quantity>
      <UnitOfMeasure>100 גרם</UnitOfMeasure>
      <bIsWeighted>0</bIsWeighted>
      <QtyInPackage>1</QtyInPackage>
      <ItemPrice>19.90</ItemPrice>
      <UnitOfMeasurePrice>3.9800</UnitOfMeasurePrice>
      <AllowDiscount>1</AllowDiscount>
      <ItemStatus>1</ItemStatus>
      <ItemId>58396</ItemId>
    </Item>
    <Item>
      <PriceUpdateDate>2024-07-30 08:58:11</PriceUpdateDate>
      <ItemCode>7290002842293</ItemCode>
      <ItemType>1</ItemType>
      <ItemName>סרדין מינרווה חריף 1</ItemName>
      <ManufacturerName>,</ManufacturerName>
      <ManufactureCountry>לא ידוע</ManufactureCountry>
      <ManufacturerItemDescription>סרדין מינרווה חריף 120 גר</ManufacturerItemDescription>
      <UnitQty>גרמים</UnitQty>
      <Quantity>120.00</Quantity>
      <UnitOfMeasure>100 גרם</UnitOfMeasure>
      <bIsWeighted>0</bIsWeighted>
      <QtyInPackage>1</QtyInPackage>
      <ItemPrice>9.90</ItemPrice>
      <UnitOfMeasurePrice>8.2500</UnitOfMeasurePrice>
      <AllowDiscount>1</AllowDiscount>
      <ItemStatus>1</ItemStatus>
      <ItemId>58425</ItemId>
    </Item>
    <Item>
      <PriceUpdateDate>2023-12-31 12:49:12</PriceUpdateDate>
      <ItemCode>7290002842415</ItemCode>
      <ItemType>1</ItemType>
      <ItemName>פילה אנשובי אמיתי 50</ItemName>
      <ManufacturerName>,</ManufacturerName>
      <ManufactureCountry>לא ידוע</ManufactureCountry>
      <ManufacturerItemDescription>פילה אנשובי אמיתי 50 גר</ManufacturerItemDescription>
      <UnitQty>גרמים</UnitQty>
      <Quantity>50.00</Quantity>
      <UnitOfMeasure>100 גרם</UnitOfMeasure>
      <bIsWeighted>0</bIsWeighted>
      <QtyInPackage>1</QtyInPackage>
      <ItemPrice>8.90</ItemPrice>
      <UnitOfMeasurePrice>17.8000</UnitOfMeasurePrice>
      <AllowDiscount>1</AllowDiscount>
      <ItemStatus>1</ItemStatus>
      <ItemId>58427</ItemId>
    </Item>
    <Item>
      <PriceUpdateDate>2023-12-31 12:49:12</PriceUpdateDate>
      <ItemCode>8414753110343</ItemCode>
      <ItemType>1</ItemType>
      <ItemName>פילה אנשובי אמיתי בש</ItemName>
      <ManufacturerName>,</ManufacturerName>
      <ManufactureCountry>לא ידוע</ManufactureCountry>
      <ManufacturerItemDescription>פילה אנשובי אמיתי בשמן זית 45 גר</ManufacturerItemDescription>
      <UnitQty>גרמים</UnitQty>
      <Quantity>45.00</Quantity>
      <UnitOfMeasure>100 גרם</UnitOfMeasure>
      <bIsWeighted>0</bIsWeighted>
      <QtyInPackage>1</QtyInPackage>
      <ItemPrice>11.90</ItemPrice>
      <UnitOfMeasurePrice>26.4444</UnitOfMeasurePrice>
      <AllowDiscount>1</AllowDiscount>
      <ItemStatus>1</ItemStatus>
      <ItemId>58428</ItemId>
    </Item>
    <Item>
      <PriceUpdateDate>2023-12-31 12:49:12</PriceUpdateDate>
      <ItemCode>639138513238</ItemCode>
      <ItemType>1</ItemType>
      <ItemName>פילה הרינג מעושן 190</ItemName>
      <ManufacturerName>,</ManufacturerName>
      <ManufactureCountry>לא ידוע</ManufactureCountry>
      <ManufacturerItemDescription>פילה הרינג מעושן 190 גר</ManufacturerItemDescription>
      <UnitQty>גרמים</UnitQty>
      <Quantity>190.00</Quantity>
      <UnitOfMeasure>100 גרם</UnitOfMeasure>
      <bIsWeighted>0</bIsWeighted>
      <QtyInPackage>1</QtyInPackage>
      <ItemPrice>17.90</ItemPrice>
      <UnitOfMeasurePrice>9.4211</UnitOfMeasurePrice>
      <AllowDiscount>1</AllowDiscount>
      <ItemStatus>1</ItemStatus>
      <ItemId>58430</ItemId>
    </Item>
    <Item>
      <PriceUpdateDate>2023-12-31 12:49:12</PriceUpdateDate>
      <ItemCode>639138527617</ItemCode>
      <ItemType>1</ItemType>
      <ItemName>פילה הרינג ברוטב עגב</ItemName>
      <ManufacturerName>,</ManufacturerName>
      <ManufactureCountry>לא ידוע</ManufactureCountry>
      <ManufacturerItemDescription>פילה הרינג ברוטב עגבניות 190 גר</ManufacturerItemDescription>
      <UnitQty>גרמים</UnitQty>
      <Quantity>190.00</Quantity>
      <UnitOfMeasure>100 גרם</UnitOfMeasure>
      <bIsWeighted>0</bIsWeighted>
      <QtyInPackage>1</QtyInPackage>
      <ItemPrice>17.90</ItemPrice>
      <UnitOfMeasurePrice>9.4211</UnitOfMeasurePrice>
      <AllowDiscount>1</AllowDiscount>
      <ItemStatus>1</ItemStatus>
      <ItemId>58431</ItemId>
    </Item>
    <Item>
      <PriceUpdateDate>2023-12-31 12:49:12</PriceUpdateDate>
      <ItemCode>639138527631</ItemCode>
      <ItemType>1</ItemType>
      <ItemName>פילה הרינג חרדל 190</ItemName>
      <ManufacturerName>,</ManufacturerName>
      <ManufactureCountry>לא ידוע</ManufactureCountry>
      <ManufacturerItemDescription>פילה הרינג ברוטב חרדל 190 גר</ManufacturerItemDescription>
      <UnitQty>גרמים</UnitQty>
      <Quantity>190.00</Quantity>
      <UnitOfMeasure>100 גרם</UnitOfMeasure>
      <bIsWeighted>0</bIsWeighted>
      <QtyInPackage>1</QtyInPackage>
      <ItemPrice>17.90</ItemPrice>
      <UnitOfMeasurePrice>9.4211</UnitOfMeasurePrice>
      <AllowDiscount>1</AllowDiscount>
      <ItemStatus>1</ItemStatus>
      <ItemId>58432</ItemId>
    </Item>
    <Item>
      <PriceUpdateDate>2023-12-31 12:49:12</PriceUpdateDate>
      <ItemCode>8019428007005</ItemCode>
      <ItemType>1</ItemType>
      <ItemName>משקה סויה אורגני 1 ל</ItemName>
      <ManufacturerName>,</ManufacturerName>
      <ManufactureCountry>לא ידוע</ManufactureCountry>
      <ManufacturerItemDescription>משקה סויה אורגני 1 ליטר</ManufacturerItemDescription>
      <UnitQty>ליטרים</UnitQty>
      <Quantity>1.00</Quantity>
      <UnitOfMeasure>ליטר    </UnitOfMeasure>
      <bIsWeighted>0</bIsWeighted>
      <QtyInPackage>1</QtyInPackage>
      <ItemPrice>12.90</ItemPrice>
      <UnitOfMeasurePrice>12.9000</UnitOfMeasurePrice>
      <AllowDiscount>1</AllowDiscount>
      <ItemStatus>1</ItemStatus>
      <ItemId>58438</ItemId>
    </Item>
    <Item>
      <PriceUpdateDate>2023-12-31 12:49:12</PriceUpdateDate>
      <ItemCode>8019428007289</ItemCode>
      <ItemType>1</ItemType>
      <ItemName>משקה שקדים אורגני 3%</ItemName>
      <ManufacturerName>,</ManufacturerName>
      <ManufactureCountry>לא ידוע</ManufactureCountry>
      <ManufacturerItemDescription>משקה שקדים אורגני 3% ללא תוספת סוכר 1 ל</ManufacturerItemDescription>
      <UnitQty>ליטרים</UnitQty>
      <Quantity>1.00</Quantity>
      <UnitOfMeasure>ליטר    </UnitOfMeasure>
      <bIsWeighted>0</bIsWeighted>
      <QtyInPackage>1</QtyInPackage>
      <ItemPrice>15.90</ItemPrice>
      <UnitOfMeasurePrice>15.9000</UnitOfMeasurePrice>
      <AllowDiscount>1</AllowDiscount>
      <ItemStatus>1</ItemStatus>
      <ItemId>58439</ItemId>
    </Item>
    <Item>
      <PriceUpdateDate>2023-12-31 12:49:12</PriceUpdateDate>
      <ItemCode>7290014318250</ItemCode>
      <ItemType>1</ItemType>
      <ItemName>פולנטה איטלקית מקורי</ItemName>
      <ManufacturerName>,</ManufacturerName>
      <ManufactureCountry>לא ידוע</ManufactureCountry>
      <ManufacturerItemDescription>פולנטה איטלקית מקורית 1 ק"ג</ManufacturerItemDescription>
      <UnitQty>קילוגרמים</UnitQty>
      <Quantity>1.00</Quantity>
      <UnitOfMeasure>ק"ג     </UnitOfMeasure>
      <bIsWeighted>0</bIsWeighted>
      <QtyInPackage>1</QtyInPackage>
      <ItemPrice>12.90</ItemPrice>
      <UnitOfMeasurePrice>12.9000</UnitOfMeasurePrice>
      <AllowDiscount>1</AllowDiscount>
      <ItemStatus>1</ItemStatus>
      <ItemId>58441</ItemId>
    </Item>
    <Item>
      <PriceUpdateDate>2023-12-31 12:49:12</PriceUpdateDate>
      <ItemCode>7290003054725</ItemCode>
      <ItemType>1</ItemType>
      <ItemName>חרדל אנגלי קולמנס 10</ItemName>
      <ManufacturerName>,</ManufacturerName>
      <ManufactureCountry>לא ידוע</ManufactureCountry>
      <ManufacturerItemDescription>חרדל אנגלי קולמנס 100 גר</ManufacturerItemDescription>
      <UnitQty>גרמים</UnitQty>
      <Quantity>100.00</Quantity>
      <UnitOfMeasure>100 גרם</UnitOfMeasure>
      <bIsWeighted>0</bIsWeighted>
      <QtyInPackage>1</QtyInPackage>
      <ItemPrice>14.90</ItemPrice>
      <UnitOfMeasurePrice>14.9000</UnitOfMeasurePrice>
      <AllowDiscount>1</AllowDiscount>
      <ItemStatus>1</ItemStatus>
      <ItemId>58445</ItemId>
    </Item>
    <Item>
      <PriceUpdateDate>2023-12-31 12:49:12</PriceUpdateDate>
      <ItemCode>7290014318434</ItemCode>
      <ItemType>1</ItemType>
      <ItemName>זיתים איטלקיים מזן צ</ItemName>
      <ManufacturerName>,</ManufacturerName>
      <ManufactureCountry>לא ידוע</ManufactureCountry>
      <ManufacturerItemDescription>זיתים איטלקיים מזן צריניולה 540 גר</ManufacturerItemDescription>
      <UnitQty>גרמים</UnitQty>
      <Quantity>540.00</Quantity>
      <UnitOfMeasure>100 גרם</UnitOfMeasure>
      <bIsWeighted>0</bIsWeighted>
      <QtyInPackage>1</QtyInPackage>
      <ItemPrice>19.90</ItemPrice>
      <UnitOfMeasurePrice>3.6852</UnitOfMeasurePrice>
      <AllowDiscount>1</AllowDiscount>
      <ItemStatus>1</ItemStatus>
      <ItemId>58452</ItemId>
    </Item>
    <Item>
      <PriceUpdateDate>2023-12-31 12:49:12</PriceUpdateDate>
      <ItemCode>7290014318281</ItemCode>
      <ItemType>1</ItemType>
      <ItemName>מחית פטריות כמהין 5%</ItemName>
      <ManufacturerName>,</ManufacturerName>
      <ManufactureCountry>לא ידוע</ManufactureCountry>
      <ManufacturerItemDescription>מחית פטריות כמהין 5% 90 גר</ManufacturerItemDescription>
      <UnitQty>גרמים</UnitQty>
      <Quantity>90.00</Quantity>
      <UnitOfMeasure>100 גרם</UnitOfMeasure>
      <bIsWeighted>0</bIsWeighted>
      <QtyInPackage>1</QtyInPackage>
      <ItemPrice>47.90</ItemPrice>
      <UnitOfMeasurePrice>53.2222</UnitOfMeasurePrice>
      <AllowDiscount>1</AllowDiscount>
      <ItemStatus>1</ItemStatus>
      <ItemId>58455</ItemId>
    </Item>
    <Item>
      <PriceUpdateDate>2025-01-20 13:44:19</PriceUpdateDate>
      <ItemCode>39047001152</ItemCode>
      <ItemType>1</ItemType>
      <ItemName>עוגיות ווקרס חמאה פי</ItemName>
      <ManufacturerName>,</ManufacturerName>
      <ManufactureCountry>לא ידוע</ManufactureCountry>
      <ManufacturerItemDescription>עוגיות ווקרס חמאה פינגרס 150 גר</ManufacturerItemDescription>
      <UnitQty>גרמים</UnitQty>
      <Quantity>150.00</Quantity>
      <UnitOfMeasure>100 גרם</UnitOfMeasure>
      <bIsWeighted>0</bIsWeighted>
      <QtyInPackage>1</QtyInPackage>
      <ItemPrice>19.90</ItemPrice>
      <UnitOfMeasurePrice>13.2667</UnitOfMeasurePrice>
      <AllowDiscount>1</AllowDiscount>
      <ItemStatus>1</ItemStatus>
      <ItemId>58457</ItemId>
    </Item>
    <Item>
      <PriceUpdateDate>2025-10-19 19:54:47</PriceUpdateDate>
      <ItemCode>7290000198039</ItemCode>
      <ItemType>1</ItemType>
      <ItemName>דג מקרל שלם בוואקום</ItemName>
      <ManufacturerName>,</ManufacturerName>
      <ManufactureCountry>לא ידוע</ManufactureCountry>
      <ManufacturerItemDescription>דג מקרל שלם בוואקום</ManufacturerItemDescription>
      <UnitQty>קילוגרמים</UnitQty>
      <Quantity>1.00</Quantity>
      <UnitOfMeasure>ק"ג</UnitOfMeasure>
      <bIsWeighted>1</bIsWeighted>
      <QtyInPackage>לא ידוע</QtyInPackage>
      <ItemPrice>39.90</ItemPrice>
      <UnitOfMeasurePrice>39.9000</UnitOfMeasurePrice>
      <AllowDiscount>1</AllowDiscount>
      <ItemStatus>1</ItemStatus>
      <ItemId>58527</ItemId>
    </Item>
    <Item>
      <PriceUpdateDate>2023-12-31 12:49:12</PriceUpdateDate>
      <ItemCode>4601159075848</ItemCode>
      <ItemType>1</ItemType>
      <ItemName>פירה תפוח אדמה עם בצ</ItemName>
      <ManufacturerName>FPP MILOVSKIY</ManufacturerName>
      <ManufactureCountry>לא ידוע</ManufactureCountry>
      <ManufacturerItemDescription>פירה תפוח אדמה עם בצל מטוגן 240 גר</ManufacturerItemDescription>
      <UnitQty>גרמים</UnitQty>
      <Quantity>240.00</Quantity>
      <UnitOfMeasure>100 גרם</UnitOfMeasure>
      <bIsWeighted>0</bIsWeighted>
      <QtyInPackage>1</QtyInPackage>
      <ItemPrice>9.90</ItemPrice>
      <UnitOfMeasurePrice>4.1250</UnitOfMeasurePrice>
      <AllowDiscount>1</AllowDiscount>
      <ItemStatus>1</ItemStatus>
      <ItemId>58533</ItemId>
    </Item>
    <Item>
      <PriceUpdateDate>2023-12-31 12:49:13</PriceUpdateDate>
      <ItemCode>16251</ItemCode>
      <ItemType>0</ItemType>
      <ItemName>שרימפס ברוטב שמנת</ItemName>
      <ManufacturerName>,</ManufacturerName>
      <ManufactureCountry>לא ידוע</ManufactureCountry>
      <ManufacturerItemDescription>שרימפס ברוטב שמנת</ManufacturerItemDescription>
      <UnitQty>קילוגרמים</UnitQty>
      <Quantity>1.00</Quantity>
      <UnitOfMeasure>ק"ג</UnitOfMeasure>
      <bIsWeighted>1</bIsWeighted>
      <QtyInPackage>לא ידוע</QtyInPackage>
      <ItemPrice>159.00</ItemPrice>
      <UnitOfMeasurePrice>159.0000</UnitOfMeasurePrice>
      <AllowDiscount>1</AllowDiscount>
      <ItemStatus>1</ItemStatus>
      <ItemId>58603</ItemId>
    </Item>
    <Item>
      <PriceUpdateDate>2024-11-19 15:35:06</PriceUpdateDate>
      <ItemCode>4770337047431</ItemCode>
      <ItemType>1</ItemType>
      <ItemName>תחליף גבינה סבליה 15</ItemName>
      <ManufacturerName>,</ManufacturerName>
      <ManufactureCountry>לא ידוע</ManufactureCountry>
      <ManufacturerItemDescription>תחליף גבינה סבליה 150 גר</ManufacturerItemDescription>
      <UnitQty>גרמים</UnitQty>
      <Quantity>150.00</Quantity>
      <UnitOfMeasure>100 גרם</UnitOfMeasure>
      <bIsWeighted>0</bIsWeighted>
      <QtyInPackage>1</QtyInPackage>
      <ItemPrice>14.90</ItemPrice>
      <UnitOfMeasurePrice>9.9333</UnitOfMeasurePrice>
      <AllowDiscount>1</AllowDiscount>
      <ItemStatus>1</ItemStatus>
      <ItemId>58608</ItemId>
    </Item>
    <Item>
      <PriceUpdateDate>2024-11-19 15:35:06</PriceUpdateDate>
      <ItemCode>4770337047455</ItemCode>
      <ItemType>1</ItemType>
      <ItemName>תחליף גבינה סבליה רו</ItemName>
      <ManufacturerName>,</ManufacturerName>
      <ManufactureCountry>לא ידוע</ManufactureCountry>
      <ManufacturerItemDescription>תחליף גבינה סבליה רוסייסקי 150 גר</ManufacturerItemDescription>
      <UnitQty>גרמים</UnitQty>
      <Quantity>150.00</Quantity>
      <UnitOfMeasure>100 גרם</UnitOfMeasure>
      <bIsWeighted>0</bIsWeighted>
      <QtyInPackage>1</QtyInPackage>
      <ItemPrice>14.90</ItemPrice>
      <UnitOfMeasurePrice>9.9333</UnitOfMeasurePrice>
      <AllowDiscount>1</AllowDiscount>
      <ItemStatus>1</ItemStatus>
      <ItemId>58610</ItemId>
    </Item>
    <Item>
      <PriceUpdateDate>2023-12-31 12:49:14</PriceUpdateDate>
      <ItemCode>8001250201034</ItemCode>
      <ItemType>1</ItemType>
      <ItemName>פסטה פטוציני ביצים ד</ItemName>
      <ManufacturerName>,</ManufacturerName>
      <ManufactureCountry>לא ידוע</ManufactureCountry>
      <ManufacturerItemDescription>פסטה פטוציני ביצים דה ציקו 250 גר</ManufacturerItemDescription>
      <UnitQty>גרמים</UnitQty>
      <Quantity>250.00</Quantity>
      <UnitOfMeasure>100 גרם</UnitOfMeasure>
      <bIsWeighted>0</bIsWeighted>
      <QtyInPackage>1</QtyInPackage>
      <ItemPrice>15.90</ItemPrice>
      <UnitOfMeasurePrice>6.3600</UnitOfMeasurePrice>
      <AllowDiscount>1</AllowDiscount>
      <ItemStatus>1</ItemStatus>
      <ItemId>58649</ItemId>
    </Item>
    <Item>
      <PriceUpdateDate>2023-12-31 12:49:14</PriceUpdateDate>
      <ItemCode>8001250201010</ItemCode>
      <ItemType>1</ItemType>
      <ItemName>פסטה פפרדלה ביצים דה</ItemName>
      <ManufacturerName>,</ManufacturerName>
      <ManufactureCountry>לא ידוע</ManufactureCountry>
      <ManufacturerItemDescription>פסטה פפרדלה ביצים דה ציקו 250 גר</ManufacturerItemDescription>
      <UnitQty>גרמים</UnitQty>
      <Quantity>250.00</Quantity>
      <UnitOfMeasure>100 גרם</UnitOfMeasure>
      <bIsWeighted>0</bIsWeighted>
      <QtyInPackage>1</QtyInPackage>
      <ItemPrice>15.90</ItemPrice>
      <UnitOfMeasurePrice>6.3600</UnitOfMeasurePrice>
      <AllowDiscount>1</AllowDiscount>
      <ItemStatus>1</ItemStatus>
      <ItemId>58651</ItemId>
    </Item>
    <Item>
      <PriceUpdateDate>2025-07-16 08:27:17</PriceUpdateDate>
      <ItemCode>8001250009999</ItemCode>
      <ItemType>1</ItemType>
      <ItemName>ניוקי דה ציקו תפוא 5</ItemName>
      <ManufacturerName>,</ManufacturerName>
      <ManufactureCountry>לא ידוע</ManufactureCountry>
      <ManufacturerItemDescription>ניוקי דה ציקו תפו"א 500 גר</ManufacturerItemDescription>
      <UnitQty>גרמים</UnitQty>
      <Quantity>500.00</Quantity>
      <UnitOfMeasure>100 גרם</UnitOfMeasure>
      <bIsWeighted>0</bIsWeighted>
      <QtyInPackage>1</QtyInPackage>
      <ItemPrice>10.90</ItemPrice>
      <UnitOfMeasurePrice>2.1800</UnitOfMeasurePrice>
      <AllowDiscount>1</AllowDiscount>
      <ItemStatus>1</ItemStatus>
      <ItemId>58652</ItemId>
    </Item>
    <Item>
      <PriceUpdateDate>2023-12-31 12:49:14</PriceUpdateDate>
      <ItemCode>8010721997048</ItemCode>
      <ItemType>1</ItemType>
      <ItemName>גבינה פרמרגיו מיושננ</ItemName>
      <ManufacturerName>,</ManufacturerName>
      <ManufactureCountry>לא ידוע</ManufactureCountry>
      <ManufacturerItemDescription>גבינה פרמרגיו מיושננת 150 גר</ManufacturerItemDescription>
      <UnitQty>גרמים</UnitQty>
      <Quantity>150.00</Quantity>
      <UnitOfMeasure>100 גרם</UnitOfMeasure>
      <bIsWeighted>0</bIsWeighted>
      <QtyInPackage>1</QtyInPackage>
      <ItemPrice>36.90</ItemPrice>
      <UnitOfMeasurePrice>24.6000</UnitOfMeasurePrice>
      <AllowDiscount>1</AllowDiscount>
      <ItemStatus>1</ItemStatus>
      <ItemId>58660</ItemId>
    </Item>
    <Item>
      <PriceUpdateDate>2023-12-31 12:49:14</PriceUpdateDate>
      <ItemCode>8016129000847</ItemCode>
      <ItemType>1</ItemType>
      <ItemName>גבינה פרמרגיו מיושננ</ItemName>
      <ManufacturerName>,</ManufacturerName>
      <ManufactureCountry>לא ידוע</ManufactureCountry>
      <ManufacturerItemDescription>גבינה פרמרגיו מיושננת 150 גר</ManufacturerItemDescription>
      <UnitQty>גרמים</UnitQty>
      <Quantity>150.00</Quantity>
      <UnitOfMeasure>100 גרם</UnitOfMeasure>
      <bIsWeighted>0</bIsWeighted>
      <QtyInPackage>1</QtyInPackage>
      <ItemPrice>29.90</ItemPrice>
      <UnitOfMeasurePrice>19.9333</UnitOfMeasurePrice>
      <AllowDiscount>1</AllowDiscount>
      <ItemStatus>1</ItemStatus>
      <ItemId>58661</ItemId>
    </Item>
    <Item>
      <PriceUpdateDate>2025-07-16 08:26:41</PriceUpdateDate>
      <ItemCode>8028695004013</ItemCode>
      <ItemType>1</ItemType>
      <ItemName>ארטישוק אלה רומנה בש</ItemName>
      <ManufacturerName>,</ManufacturerName>
      <ManufactureCountry>לא ידוע</ManufactureCountry>
      <ManufacturerItemDescription>ארטישוק אלה רומנה בשמן 530 גר</ManufacturerItemDescription>
      <UnitQty>גרמים</UnitQty>
      <Quantity>530.00</Quantity>
      <UnitOfMeasure>100 גרם</UnitOfMeasure>
      <bIsWeighted>0</bIsWeighted>
      <QtyInPackage>1</QtyInPackage>
      <ItemPrice>34.90</ItemPrice>
      <UnitOfMeasurePrice>6.5849</UnitOfMeasurePrice>
      <AllowDiscount>1</AllowDiscount>
      <ItemStatus>1</ItemStatus>
      <ItemId>58673</ItemId>
    </Item>
    <Item>
      <PriceUpdateDate>2025-07-16 08:27:18</PriceUpdateDate>
      <ItemCode>80227618</ItemCode>
      <ItemType>1</ItemType>
      <ItemName>צלפים בחומץ פונטי בן</ItemName>
      <ManufacturerName>,</ManufacturerName>
      <ManufactureCountry>לא ידוע</ManufactureCountry>
      <ManufacturerItemDescription>צלפים בחומץ פונטי בן יין 95 גר</ManufacturerItemDescription>
      <UnitQty>גרמים</UnitQty>
      <Quantity>95.00</Quantity>
      <UnitOfMeasure>100 גרם</UnitOfMeasure>
      <bIsWeighted>0</bIsWeighted>
      <QtyInPackage>1</QtyInPackage>
      <ItemPrice>13.90</ItemPrice>
      <UnitOfMeasurePrice>14.6316</UnitOfMeasurePrice>
      <AllowDiscount>1</AllowDiscount>
      <ItemStatus>1</ItemStatus>
      <ItemId>58676</ItemId>
    </Item>
    <Item>
      <PriceUpdateDate>2023-12-31 12:49:14</PriceUpdateDate>
      <ItemCode>8005110171215</ItemCode>
      <ItemType>1</ItemType>
      <ItemName>עגבניות מוטי חתוכות</ItemName>
      <ManufacturerName>,</ManufacturerName>
      <ManufactureCountry>לא ידוע</ManufactureCountry>
      <ManufacturerItemDescription>עגבניות מוטי חתוכות 690 גר</ManufacturerItemDescription>
      <UnitQty>גרמים</UnitQty>
      <Quantity>690.00</Quantity>
      <UnitOfMeasure>100 גרם</UnitOfMeasure>
      <bIsWeighted>0</bIsWeighted>
      <QtyInPackage>1</QtyInPackage>
      <ItemPrice>16.90</ItemPrice>
      <UnitOfMeasurePrice>2.4493</UnitOfMeasurePrice>
      <AllowDiscount>1</AllowDiscount>
      <ItemStatus>1</ItemStatus>
      <ItemId>58701</ItemId>
    </Item>
    <Item>
      <PriceUpdateDate>2023-12-31 12:49:14</PriceUpdateDate>
      <ItemCode>16258</ItemCode>
      <ItemType>0</ItemType>
      <ItemName>סלט קינואה שורשים וצ</ItemName>
      <ManufacturerName>,</ManufacturerName>
      <ManufactureCountry>לא ידוע</ManufactureCountry>
      <ManufacturerItemDescription>סלט קינואה שורשים וצימוקים</ManufacturerItemDescription>
      <UnitQty>קילוגרמים</UnitQty>
      <Quantity>1.00</Quantity>
      <UnitOfMeasure>ק"ג</UnitOfMeasure>
      <bIsWeighted>1</bIsWeighted>
      <QtyInPackage>לא ידוע</QtyInPackage>
      <ItemPrice>69.00</ItemPrice>
      <UnitOfMeasurePrice>69.0000</UnitOfMeasurePrice>
      <AllowDiscount>1</AllowDiscount>
      <ItemStatus>1</ItemStatus>
      <ItemId>58765</ItemId>
    </Item>
    <Item>
      <PriceUpdateDate>2024-09-03 08:55:13</PriceUpdateDate>
      <ItemCode>16261</ItemCode>
      <ItemType>0</ItemType>
      <ItemName>לטקס תפו"א</ItemName>
      <ManufacturerName>,</ManufacturerName>
      <ManufactureCountry>לא ידוע</ManufactureCountry>
      <ManufacturerItemDescription>לטקס תפוא</ManufacturerItemDescription>
      <UnitQty>קילוגרמים</UnitQty>
      <Quantity>1.00</Quantity>
      <UnitOfMeasure>ק"ג</UnitOfMeasure>
      <bIsWeighted>1</bIsWeighted>
      <QtyInPackage>לא ידוע</QtyInPackage>
      <ItemPrice>65.00</ItemPrice>
      <UnitOfMeasurePrice>65.0000</UnitOfMeasurePrice>
      <AllowDiscount>1</AllowDiscount>
      <ItemStatus>1</ItemStatus>
      <ItemId>58768</ItemId>
    </Item>
    <Item>
      <PriceUpdateDate>2025-02-02 07:39:55</PriceUpdateDate>
      <ItemCode>16262</ItemCode>
      <ItemType>0</ItemType>
      <ItemName>קציצות עדשים טבעוני</ItemName>
      <ManufacturerName>,</ManufacturerName>
      <ManufactureCountry>לא ידוע</ManufactureCountry>
      <ManufacturerItemDescription>קציצות עדשים טבעוני</ManufacturerItemDescription>
      <UnitQty>קילוגרמים</UnitQty>
      <Quantity>1.00</Quantity>
      <UnitOfMeasure>ק"ג</UnitOfMeasure>
      <bIsWeighted>1</bIsWeighted>
      <QtyInPackage>לא ידוע</QtyInPackage>
      <ItemPrice>89.00</ItemPrice>
      <UnitOfMeasurePrice>89.0000</UnitOfMeasurePrice>
      <AllowDiscount>1</AllowDiscount>
      <ItemStatus>1</ItemStatus>
      <ItemId>58769</ItemId>
    </Item>
    <Item>
      <PriceUpdateDate>2023-12-31 12:49:14</PriceUpdateDate>
      <ItemCode>3250670001938</ItemCode>
      <ItemType>1</ItemType>
      <ItemName>יין קוט דו רון וילאז</ItemName>
      <ManufacturerName>גראן שר דה פראנס</ManufacturerName>
      <ManufactureCountry>לא ידוע</ManufactureCountry>
      <ManufacturerItemDescription>יין קוט דו רון וילאז רזרב אדום יבש 750 מ</ManufacturerItemDescription>
      <UnitQty>מיליליטרים</UnitQty>
      <Quantity>750.00</Quantity>
      <UnitOfMeasure>100 מ"ל</UnitOfMeasure>
      <bIsWeighted>0</bIsWeighted>
      <QtyInPackage>1</QtyInPackage>
      <ItemPrice>62.90</ItemPrice>
      <UnitOfMeasurePrice>8.3867</UnitOfMeasurePrice>
      <AllowDiscount>1</AllowDiscount>
      <ItemStatus>1</ItemStatus>
      <ItemId>58788</ItemId>
    </Item>
    <Item>
      <PriceUpdateDate>2023-12-31 12:49:14</PriceUpdateDate>
      <ItemCode>8410702039802</ItemCode>
      <ItemType>1</ItemType>
      <ItemName>יין סנגריה לבן פניאס</ItemName>
      <ManufacturerName>ספרד פליקס סוליס</ManufacturerName>
      <ManufactureCountry>לא ידוע</ManufactureCountry>
      <ManufacturerItemDescription>יין סינגריה לבן פניאסול 1ל</ManufacturerItemDescription>
      <UnitQty>ליטרים</UnitQty>
      <Quantity>1.00</Quantity>
      <UnitOfMeasure>ליטר    </UnitOfMeasure>
      <bIsWeighted>0</bIsWeighted>
      <QtyInPackage>1</QtyInPackage>
      <ItemPrice>16.90</ItemPrice>
      <UnitOfMeasurePrice>16.9000</UnitOfMeasurePrice>
      <AllowDiscount>1</AllowDiscount>
      <ItemStatus>1</ItemStatus>
      <ItemId>58804</ItemId>
    </Item>
    <Item>
      <PriceUpdateDate>2024-06-20 17:50:24</PriceUpdateDate>
      <ItemCode>4066600999614</ItemCode>
      <ItemType>1</ItemType>
      <ItemName>בירה פאולנר בק 500 מ</ItemName>
      <ManufacturerName>,</ManufacturerName>
      <ManufactureCountry>לא ידוע</ManufactureCountry>
      <ManufacturerItemDescription>בירה פאולנר בק 500 מ"ל</ManufacturerItemDescription>
      <UnitQty>מיליליטרים</UnitQty>
      <Quantity>500.00</Quantity>
      <UnitOfMeasure>100 מ"ל</UnitOfMeasure>
      <bIsWeighted>0</bIsWeighted>
      <QtyInPackage>1</QtyInPackage>
      <ItemPrice>12.90</ItemPrice>
      <UnitOfMeasurePrice>2.5800</UnitOfMeasurePrice>
      <AllowDiscount>1</AllowDiscount>
      <ItemStatus>1</ItemStatus>
      <ItemId>58810</ItemId>
    </Item>
    <Item>
      <PriceUpdateDate>2025-08-12 12:29:43</PriceUpdateDate>
      <ItemCode>4600300086863</ItemCode>
      <ItemType>1</ItemType>
      <ItemName>וופל מצופה מישקה קוס</ItemName>
      <ManufacturerName>,</ManufacturerName>
      <ManufactureCountry>לא ידוע</ManufactureCountry>
      <ManufacturerItemDescription>וופל מצופה מישקה קוסולפיי 200 גר</ManufacturerItemDescription>
      <UnitQty>גרמים</UnitQty>
      <Quantity>200.00</Quantity>
      <UnitOfMeasure>100 גרם</UnitOfMeasure>
      <bIsWeighted>0</bIsWeighted>
      <QtyInPackage>1</QtyInPackage>
      <ItemPrice>25.90</ItemPrice>
      <UnitOfMeasurePrice>12.9500</UnitOfMeasurePrice>
      <AllowDiscount>1</AllowDiscount>
      <ItemStatus>1</ItemStatus>
      <ItemId>58820</ItemId>
    </Item>
    <Item>
      <PriceUpdateDate>2025-08-12 12:29:43</PriceUpdateDate>
      <ItemCode>4600823525047</ItemCode>
      <ItemType>1</ItemType>
      <ItemName>סוכריות בלוצקה 200 ג</ItemName>
      <ManufacturerName>,</ManufacturerName>
      <ManufactureCountry>לא ידוע</ManufactureCountry>
      <ManufacturerItemDescription>סוכריות בלוצקה 200 גר</ManufacturerItemDescription>
      <UnitQty>גרמים</UnitQty>
      <Quantity>200.00</Quantity>
      <UnitOfMeasure>100 גרם</UnitOfMeasure>
      <bIsWeighted>0</bIsWeighted>
      <QtyInPackage>1</QtyInPackage>
      <ItemPrice>24.90</ItemPrice>
      <UnitOfMeasurePrice>12.4500</UnitOfMeasurePrice>
      <AllowDiscount>1</AllowDiscount>
      <ItemStatus>1</ItemStatus>
      <ItemId>58821</ItemId>
    </Item>
    <Item>
      <PriceUpdateDate>2025-03-11 17:33:24</PriceUpdateDate>
      <ItemCode>5010867400092</ItemCode>
      <ItemType>1</ItemType>
      <ItemName>יין פורט גראהם בציר</ItemName>
      <ManufacturerName>,</ManufacturerName>
      <ManufactureCountry>לא ידוע</ManufactureCountry>
      <ManufacturerItemDescription>יין פורט גראהם בציר 750 מ"ל</ManufacturerItemDescription>
      <UnitQty>מיליליטרים</UnitQty>
      <Quantity>750.00</Quantity>
      <UnitOfMeasure>100 מ"ל</UnitOfMeasure>
      <bIsWeighted>0</bIsWeighted>
      <QtyInPackage>1</QtyInPackage>
      <ItemPrice>119.90</ItemPrice>
      <UnitOfMeasurePrice>15.9867</UnitOfMeasurePrice>
      <AllowDiscount>1</AllowDiscount>
      <ItemStatus>1</ItemStatus>
      <ItemId>58823</ItemId>
    </Item>
    <Item>
      <PriceUpdateDate>2025-03-11 17:33:24</PriceUpdateDate>
      <ItemCode>7290100941416</ItemCode>
      <ItemType>1</ItemType>
      <ItemName>יין פורט גראמס טאוני</ItemName>
      <ManufacturerName>,</ManufacturerName>
      <ManufactureCountry>לא ידוע</ManufactureCountry>
      <ManufacturerItemDescription>יין פורט גראמס טאוני אדום 750 מ"ל</ManufacturerItemDescription>
      <UnitQty>מיליליטרים</UnitQty>
      <Quantity>750.00</Quantity>
      <UnitOfMeasure>100 מ"ל</UnitOfMeasure>
      <bIsWeighted>0</bIsWeighted>
      <QtyInPackage>1</QtyInPackage>
      <ItemPrice>75.90</ItemPrice>
      <UnitOfMeasurePrice>10.1200</UnitOfMeasurePrice>
      <AllowDiscount>1</AllowDiscount>
      <ItemStatus>1</ItemStatus>
      <ItemId>58824</ItemId>
    </Item>
    <Item>
      <PriceUpdateDate>2024-11-03 14:19:36</PriceUpdateDate>
      <ItemCode>110289</ItemCode>
      <ItemType>0</ItemType>
      <ItemName>צוריסוס עגל קפוא</ItemName>
      <ManufacturerName>,</ManufacturerName>
      <ManufactureCountry>לא ידוע</ManufactureCountry>
      <ManufacturerItemDescription>צוריסוס עגל קפוא</ManufacturerItemDescription>
      <UnitQty>קילוגרמים</UnitQty>
      <Quantity>1.00</Quantity>
      <UnitOfMeasure>ק"ג</UnitOfMeasure>
      <bIsWeighted>1</bIsWeighted>
      <QtyInPackage>לא ידוע</QtyInPackage>
      <ItemPrice>84.90</ItemPrice>
      <UnitOfMeasurePrice>84.9000</UnitOfMeasurePrice>
      <AllowDiscount>1</AllowDiscount>
      <ItemStatus>1</ItemStatus>
      <ItemId>58828</ItemId>
    </Item>
    <Item>
      <PriceUpdateDate>2023-12-31 12:49:15</PriceUpdateDate>
      <ItemCode>8004730000028</ItemCode>
      <ItemType>1</ItemType>
      <ItemName>יין מרסלה וקיו פלורי</ItemName>
      <ManufacturerName>,</ManufacturerName>
      <ManufactureCountry>לא ידוע</ManufactureCountry>
      <ManufacturerItemDescription>יין מרסלה וקיו פלוריו סופריורה 750 מ"ל</ManufacturerItemDescription>
      <UnitQty>מיליליטרים</UnitQty>
      <Quantity>750.00</Quantity>
      <UnitOfMeasure>100 מ"ל</UnitOfMeasure>
      <bIsWeighted>0</bIsWeighted>
      <QtyInPackage>1</QtyInPackage>
      <ItemPrice>49.90</ItemPrice>
      <UnitOfMeasurePrice>6.6533</UnitOfMeasurePrice>
      <AllowDiscount>1</AllowDiscount>
      <ItemStatus>1</ItemStatus>
      <ItemId>58845</ItemId>
    </Item>
    <Item>
      <PriceUpdateDate>2024-08-30 08:42:06</PriceUpdateDate>
      <ItemCode>9622</ItemCode>
      <ItemType>0</ItemType>
      <ItemName>פרוסת עוגה</ItemName>
      <ManufacturerName>,</ManufacturerName>
      <ManufactureCountry>לא ידוע</ManufactureCountry>
      <ManufacturerItemDescription>פרוסת עוגה</ManufacturerItemDescription>
      <UnitQty>Unknown </UnitQty>
      <Quantity>0.00</Quantity>
      <UnitOfMeasure>Unknown </UnitOfMeasure>
      <bIsWeighted>0</bIsWeighted>
      <QtyInPackage>1</QtyInPackage>
      <ItemPrice>15.00</ItemPrice>
      <UnitOfMeasurePrice>0.0000</UnitOfMeasurePrice>
      <AllowDiscount>1</AllowDiscount>
      <ItemStatus>1</ItemStatus>
      <ItemId>58907</ItemId>
    </Item>
    <Item>
      <PriceUpdateDate>2025-01-20 13:43:04</PriceUpdateDate>
      <ItemCode>9626</ItemCode>
      <ItemType>0</ItemType>
      <ItemName>אספרסו קצר</ItemName>
      <ManufacturerName>,</ManufacturerName>
      <ManufactureCountry>לא ידוע</ManufactureCountry>
      <ManufacturerItemDescription>אספרסו קצר</ManufacturerItemDescription>
      <UnitQty>Unknown </UnitQty>
      <Quantity>0.00</Quantity>
      <UnitOfMeasure>Unknown </UnitOfMeasure>
      <bIsWeighted>0</bIsWeighted>
      <QtyInPackage>1</QtyInPackage>
      <ItemPrice>8.00</ItemPrice>
      <UnitOfMeasurePrice>0.0000</UnitOfMeasurePrice>
      <AllowDiscount>1</AllowDiscount>
      <ItemStatus>1</ItemStatus>
      <ItemId>58912</ItemId>
    </Item>
    <Item>
      <PriceUpdateDate>2025-01-20 13:43:04</PriceUpdateDate>
      <ItemCode>9627</ItemCode>
      <ItemType>0</ItemType>
      <ItemName>אספרסו ארוך</ItemName>
      <ManufacturerName>,</ManufacturerName>
      <ManufactureCountry>לא ידוע</ManufactureCountry>
      <ManufacturerItemDescription>אספרסו ארוך</ManufacturerItemDescription>
      <UnitQty>Unknown </UnitQty>
      <Quantity>0.00</Quantity>
      <UnitOfMeasure>Unknown </UnitOfMeasure>
      <bIsWeighted>0</bIsWeighted>
      <QtyInPackage>1</QtyInPackage>
      <ItemPrice>10.00</ItemPrice>
      <UnitOfMeasurePrice>0.0000</UnitOfMeasurePrice>
      <AllowDiscount>1</AllowDiscount>
      <ItemStatus>1</ItemStatus>
      <ItemId>58913</ItemId>
    </Item>
    <Item>
      <PriceUpdateDate>2024-08-30 08:42:06</PriceUpdateDate>
      <ItemCode>9629</ItemCode>
      <ItemType>0</ItemType>
      <ItemName>אספרסו כפול</ItemName>
      <ManufacturerName>,</ManufacturerName>
      <ManufactureCountry>לא ידוע</ManufactureCountry>
      <ManufacturerItemDescription>אספרסו כפול</ManufacturerItemDescription>
      <UnitQty>Unknown </UnitQty>
      <Quantity>0.00</Quantity>
      <UnitOfMeasure>Unknown </UnitOfMeasure>
      <bIsWeighted>0</bIsWeighted>
      <QtyInPackage>1</QtyInPackage>
      <ItemPrice>10.00</ItemPrice>
      <UnitOfMeasurePrice>0.0000</UnitOfMeasurePrice>
      <AllowDiscount>1</AllowDiscount>
      <ItemStatus>1</ItemStatus>
      <ItemId>58915</ItemId>
    </Item>
    <Item>
      <PriceUpdateDate>2025-01-20 13:43:04</PriceUpdateDate>
      <ItemCode>9632</ItemCode>
      <ItemType>0</ItemType>
      <ItemName>קפוצינו רגיל</ItemName>
      <ManufacturerName>,</ManufacturerName>
      <ManufactureCountry>לא ידוע</ManufactureCountry>
      <ManufacturerItemDescription>קפוצינו רגיל</ManufacturerItemDescription>
      <UnitQty>Unknown </UnitQty>
      <Quantity>0.00</Quantity>
      <UnitOfMeasure>Unknown </UnitOfMeasure>
      <bIsWeighted>0</bIsWeighted>
      <QtyInPackage>1</QtyInPackage>
      <ItemPrice>10.00</ItemPrice>
      <UnitOfMeasurePrice>0.0000</UnitOfMeasurePrice>
      <AllowDiscount>1</AllowDiscount>
      <ItemStatus>1</ItemStatus>
      <ItemId>58918</ItemId>
    </Item>
    <Item>
      <PriceUpdateDate>2024-05-29 16:31:50</PriceUpdateDate>
      <ItemCode>7290013585264</ItemCode>
      <ItemType>1</ItemType>
      <ItemName>ספרייט זירו זכוכית 3</ItemName>
      <ManufacturerName>,</ManufacturerName>
      <ManufactureCountry>לא ידוע</ManufactureCountry>
      <ManufacturerItemDescription>ספרייט זירו זכוכית 350</ManufacturerItemDescription>
      <UnitQty>מיליליטרים</UnitQty>
      <Quantity>350.00</Quantity>
      <UnitOfMeasure>100 מ"ל</UnitOfMeasure>
      <bIsWeighted>0</bIsWeighted>
      <QtyInPackage>1</QtyInPackage>
      <ItemPrice>6.90</ItemPrice>
      <UnitOfMeasurePrice>1.9714</UnitOfMeasurePrice>
      <AllowDiscount>1</AllowDiscount>
      <ItemStatus>1</ItemStatus>
      <ItemId>58927</ItemId>
    </Item>
    <Item>
      <PriceUpdateDate>2024-05-29 16:31:50</PriceUpdateDate>
      <ItemCode>7290005605994</ItemCode>
      <ItemType>1</ItemType>
      <ItemName>פאנטה זכוכית 350 מל</ItemName>
      <ManufacturerName>,</ManufacturerName>
      <ManufactureCountry>לא ידוע</ManufactureCountry>
      <ManufacturerItemDescription>פאנטה זכוכית 350</ManufacturerItemDescription>
      <UnitQty>מיליליטרים</UnitQty>
      <Quantity>350.00</Quantity>
      <UnitOfMeasure>100 מ"ל</UnitOfMeasure>
      <bIsWeighted>0</bIsWeighted>
      <QtyInPackage>1</QtyInPackage>
      <ItemPrice>6.90</ItemPrice>
      <UnitOfMeasurePrice>1.9714</UnitOfMeasurePrice>
      <AllowDiscount>1</AllowDiscount>
      <ItemStatus>1</ItemStatus>
      <ItemId>58928</ItemId>
    </Item>
    <Item>
      <PriceUpdateDate>2024-05-29 16:31:50</PriceUpdateDate>
      <ItemCode>7290008909884</ItemCode>
      <ItemType>1</ItemType>
      <ItemName>קולה זירו זכוכית 350</ItemName>
      <ManufacturerName>,</ManufacturerName>
      <ManufactureCountry>לא ידוע</ManufactureCountry>
      <ManufacturerItemDescription>קולה זירו זכוכית 350</ManufacturerItemDescription>
      <UnitQty>מיליליטרים</UnitQty>
      <Quantity>350.00</Quantity>
      <UnitOfMeasure>100 מ"ל</UnitOfMeasure>
      <bIsWeighted>0</bIsWeighted>
      <QtyInPackage>1</QtyInPackage>
      <ItemPrice>6.90</ItemPrice>
      <UnitOfMeasurePrice>1.9714</UnitOfMeasurePrice>
      <AllowDiscount>1</AllowDiscount>
      <ItemStatus>1</ItemStatus>
      <ItemId>58929</ItemId>
    </Item>
    <Item>
      <PriceUpdateDate>2023-12-31 12:49:15</PriceUpdateDate>
      <ItemCode>4840008031806</ItemCode>
      <ItemType>1</ItemType>
      <ItemName>דובשניות בטעם חלב מר</ItemName>
      <ManufacturerName>Franzeluta</ManufacturerName>
      <ManufactureCountry>לא ידוע</ManufactureCountry>
      <ManufacturerItemDescription>דובשניות בטעם חלב מרוכז 400 גר</ManufacturerItemDescription>
      <UnitQty>גרמים</UnitQty>
      <Quantity>400.00</Quantity>
      <UnitOfMeasure>100 גרם</UnitOfMeasure>
      <bIsWeighted>0</bIsWeighted>
      <QtyInPackage>1</QtyInPackage>
      <ItemPrice>9.90</ItemPrice>
      <UnitOfMeasurePrice>2.4750</UnitOfMeasurePrice>
      <AllowDiscount>1</AllowDiscount>
      <ItemStatus>1</ItemStatus>
      <ItemId>58944</ItemId>
    </Item>
    <Item>
      <PriceUpdateDate>2024-09-05 14:05:45</PriceUpdateDate>
      <ItemCode>9637</ItemCode>
      <ItemType>0</ItemType>
      <ItemName>תה בטעמים</ItemName>
      <ManufacturerName>,</ManufacturerName>
      <ManufactureCountry>לא ידוע</ManufactureCountry>
      <ManufacturerItemDescription>תה בטעמים</ManufacturerItemDescription>
      <UnitQty>Unknown </UnitQty>
      <Quantity>0.00</Quantity>
      <UnitOfMeasure>Unknown </UnitOfMeasure>
      <bIsWeighted>0</bIsWeighted>
      <QtyInPackage>1</QtyInPackage>
      <ItemPrice>7.00</ItemPrice>
      <UnitOfMeasurePrice>0.0000</UnitOfMeasurePrice>
      <AllowDiscount>1</AllowDiscount>
      <ItemStatus>1</ItemStatus>
      <ItemId>58945</ItemId>
    </Item>
    <Item>
      <PriceUpdateDate>2023-12-31 12:49:15</PriceUpdateDate>
      <ItemCode>16266</ItemCode>
      <ItemType>0</ItemType>
      <ItemName>אורז אטריות</ItemName>
      <ManufacturerName>,</ManufacturerName>
      <ManufactureCountry>לא ידוע</ManufactureCountry>
      <ManufacturerItemDescription>אורז איטריות</ManufacturerItemDescription>
      <UnitQty>קילוגרמים</UnitQty>
      <Quantity>1.00</Quantity>
      <UnitOfMeasure>ק"ג</UnitOfMeasure>
      <bIsWeighted>1</bIsWeighted>
      <QtyInPackage>לא ידוע</QtyInPackage>
      <ItemPrice>49.00</ItemPrice>
      <UnitOfMeasurePrice>49.0000</UnitOfMeasurePrice>
      <AllowDiscount>1</AllowDiscount>
      <ItemStatus>1</ItemStatus>
      <ItemId>58952</ItemId>
    </Item>
    <Item>
      <PriceUpdateDate>2023-12-31 12:49:15</PriceUpdateDate>
      <ItemCode>16267</ItemCode>
      <ItemType>0</ItemType>
      <ItemName>סלט טבולה</ItemName>
      <ManufacturerName>,</ManufacturerName>
      <ManufactureCountry>לא ידוע</ManufactureCountry>
      <ManufacturerItemDescription>סלט טבולה</ManufacturerItemDescription>
      <UnitQty>קילוגרמים</UnitQty>
      <Quantity>1.00</Quantity>
      <UnitOfMeasure>ק"ג</UnitOfMeasure>
      <bIsWeighted>1</bIsWeighted>
      <QtyInPackage>לא ידוע</QtyInPackage>
      <ItemPrice>65.00</ItemPrice>
      <UnitOfMeasurePrice>65.0000</UnitOfMeasurePrice>
      <AllowDiscount>1</AllowDiscount>
      <ItemStatus>1</ItemStatus>
      <ItemId>58953</ItemId>
    </Item>
    <Item>
      <PriceUpdateDate>2024-04-08 16:14:13</PriceUpdateDate>
      <ItemCode>16268</ItemCode>
      <ItemType>0</ItemType>
      <ItemName>ביף סטרוגנוף</ItemName>
      <ManufacturerName>,</ManufacturerName>
      <ManufactureCountry>לא ידוע</ManufactureCountry>
      <ManufacturerItemDescription>ביף סטרוגנוף</ManufacturerItemDescription>
      <UnitQty>קילוגרמים</UnitQty>
      <Quantity>1.00</Quantity>
      <UnitOfMeasure>ק"ג</UnitOfMeasure>
      <bIsWeighted>1</bIsWeighted>
      <QtyInPackage>לא ידוע</QtyInPackage>
      <ItemPrice>139.00</ItemPrice>
      <UnitOfMeasurePrice>139.0000</UnitOfMeasurePrice>
      <AllowDiscount>1</AllowDiscount>
      <ItemStatus>1</ItemStatus>
      <ItemId>58954</ItemId>
    </Item>
    <Item>
      <PriceUpdateDate>2024-04-08 16:14:13</PriceUpdateDate>
      <ItemCode>16279</ItemCode>
      <ItemType>0</ItemType>
      <ItemName>פלוב - אורז עם בשר</ItemName>
      <ManufacturerName>,</ManufacturerName>
      <ManufactureCountry>לא ידוע</ManufactureCountry>
      <ManufacturerItemDescription>פלוב - אורז עם בשר</ManufacturerItemDescription>
      <UnitQty>קילוגרמים</UnitQty>
      <Quantity>1.00</Quantity>
      <UnitOfMeasure>ק"ג</UnitOfMeasure>
      <bIsWeighted>1</bIsWeighted>
      <QtyInPackage>לא ידוע</QtyInPackage>
      <ItemPrice>79.00</ItemPrice>
      <UnitOfMeasurePrice>79.0000</UnitOfMeasurePrice>
      <AllowDiscount>1</AllowDiscount>
      <ItemStatus>1</ItemStatus>
      <ItemId>58956</ItemId>
    </Item>
    <Item>
      <PriceUpdateDate>2023-12-31 12:49:15</PriceUpdateDate>
      <ItemCode>7290002966197</ItemCode>
      <ItemType>0</ItemType>
      <ItemName>שמן מתובל בטעם פטריו</ItemName>
      <ManufacturerName>,</ManufacturerName>
      <ManufactureCountry>לא ידוע</ManufactureCountry>
      <ManufacturerItemDescription>שמן מתובל בטעם פטריות כמהיןשחורות 250 מל</ManufacturerItemDescription>
      <UnitQty>מיליליטרים</UnitQty>
      <Quantity>250.00</Quantity>
      <UnitOfMeasure>100 מ"ל</UnitOfMeasure>
      <bIsWeighted>0</bIsWeighted>
      <QtyInPackage>1</QtyInPackage>
      <ItemPrice>69.90</ItemPrice>
      <UnitOfMeasurePrice>27.9600</UnitOfMeasurePrice>
      <AllowDiscount>1</AllowDiscount>
      <ItemStatus>1</ItemStatus>
      <ItemId>58968</ItemId>
    </Item>
    <Item>
      <PriceUpdateDate>2025-08-12 12:29:43</PriceUpdateDate>
      <ItemCode>4820003689363</ItemCode>
      <ItemType>1</ItemType>
      <ItemName>מיץ עגבניות עם מלח נ</ItemName>
      <ManufacturerName>נאש סוק</ManufacturerName>
      <ManufactureCountry>לא ידוע</ManufactureCountry>
      <ManufacturerItemDescription>נקטר עגבניות עם מלח 1.93 ל</ManufacturerItemDescription>
      <UnitQty>ליטרים</UnitQty>
      <Quantity>1.93</Quantity>
      <UnitOfMeasure>ליטר    </UnitOfMeasure>
      <bIsWeighted>0</bIsWeighted>
      <QtyInPackage>6</QtyInPackage>
      <ItemPrice>26.90</ItemPrice>
      <UnitOfMeasurePrice>13.9378</UnitOfMeasurePrice>
      <AllowDiscount>1</AllowDiscount>
      <ItemStatus>1</ItemStatus>
      <ItemId>58979</ItemId>
    </Item>
    <Item>
      <PriceUpdateDate>2024-11-22 08:30:48</PriceUpdateDate>
      <ItemCode>4850016340371</ItemCode>
      <ItemType>1</ItemType>
      <ItemName>דג בלוגה במיץ טבעי 2</ItemName>
      <ManufacturerName>,</ManufacturerName>
      <ManufactureCountry>לא ידוע</ManufactureCountry>
      <ManufacturerItemDescription>דג בלוגה במיץ טבעי 240 גר</ManufacturerItemDescription>
      <UnitQty>גרמים</UnitQty>
      <Quantity>240.00</Quantity>
      <UnitOfMeasure>100 גרם</UnitOfMeasure>
      <bIsWeighted>0</bIsWeighted>
      <QtyInPackage>1</QtyInPackage>
      <ItemPrice>55.90</ItemPrice>
      <UnitOfMeasurePrice>23.2917</UnitOfMeasurePrice>
      <AllowDiscount>1</AllowDiscount>
      <ItemStatus>1</ItemStatus>
      <ItemId>58981</ItemId>
    </Item>
    <Item>
      <PriceUpdateDate>2024-09-05 14:05:45</PriceUpdateDate>
      <ItemCode>9641</ItemCode>
      <ItemType>0</ItemType>
      <ItemName>תה + מאפה</ItemName>
      <ManufacturerName>,</ManufacturerName>
      <ManufactureCountry>לא ידוע</ManufactureCountry>
      <ManufacturerItemDescription>תה + מאפה</ManufacturerItemDescription>
      <UnitQty>Unknown </UnitQty>
      <Quantity>0.00</Quantity>
      <UnitOfMeasure>Unknown </UnitOfMeasure>
      <bIsWeighted>0</bIsWeighted>
      <QtyInPackage>1</QtyInPackage>
      <ItemPrice>20.00</ItemPrice>
      <UnitOfMeasurePrice>0.0000</UnitOfMeasurePrice>
      <AllowDiscount>1</AllowDiscount>
      <ItemStatus>1</ItemStatus>
      <ItemId>59002</ItemId>
    </Item>
    <Item>
      <PriceUpdateDate>2023-12-31 12:49:16</PriceUpdateDate>
      <ItemCode>16310</ItemCode>
      <ItemType>0</ItemType>
      <ItemName>שקיות פילו עם פטריות</ItemName>
      <ManufacturerName>,</ManufacturerName>
      <ManufactureCountry>לא ידוע</ManufactureCountry>
      <ManufacturerItemDescription>שקיות פילו עם פטריות וגבינה</ManufacturerItemDescription>
      <UnitQty>קילוגרמים</UnitQty>
      <Quantity>1.00</Quantity>
      <UnitOfMeasure>ק"ג</UnitOfMeasure>
      <bIsWeighted>1</bIsWeighted>
      <QtyInPackage>לא ידוע</QtyInPackage>
      <ItemPrice>69.00</ItemPrice>
      <UnitOfMeasurePrice>69.0000</UnitOfMeasurePrice>
      <AllowDiscount>1</AllowDiscount>
      <ItemStatus>1</ItemStatus>
      <ItemId>59021</ItemId>
    </Item>
    <Item>
      <PriceUpdateDate>2025-02-02 07:39:55</PriceUpdateDate>
      <ItemCode>16301</ItemCode>
      <ItemType>0</ItemType>
      <ItemName>סלט פטריות אסייתי</ItemName>
      <ManufacturerName>,</ManufacturerName>
      <ManufactureCountry>לא ידוע</ManufactureCountry>
      <ManufacturerItemDescription>סלט פטריות אסייתי</ManufacturerItemDescription>
      <UnitQty>קילוגרמים</UnitQty>
      <Quantity>1.00</Quantity>
      <UnitOfMeasure>ק"ג</UnitOfMeasure>
      <bIsWeighted>1</bIsWeighted>
      <QtyInPackage>לא ידוע</QtyInPackage>
      <ItemPrice>79.00</ItemPrice>
      <UnitOfMeasurePrice>79.0000</UnitOfMeasurePrice>
      <AllowDiscount>1</AllowDiscount>
      <ItemStatus>1</ItemStatus>
      <ItemId>59023</ItemId>
    </Item>
    <Item>
      <PriceUpdateDate>2023-12-31 12:49:16</PriceUpdateDate>
      <ItemCode>4820077081148</ItemCode>
      <ItemType>1</ItemType>
      <ItemName>שמן חמניות גארנה מזו</ItemName>
      <ManufacturerName>,</ManufacturerName>
      <ManufactureCountry>לא ידוע</ManufactureCountry>
      <ManufacturerItemDescription>שמן חמניות גארנה מזוכך 850 מ"ל</ManufacturerItemDescription>
      <UnitQty>מיליליטרים</UnitQty>
      <Quantity>850.00</Quantity>
      <UnitOfMeasure>100 מ"ל</UnitOfMeasure>
      <bIsWeighted>0</bIsWeighted>
      <QtyInPackage>1</QtyInPackage>
      <ItemPrice>12.90</ItemPrice>
      <UnitOfMeasurePrice>1.5176</UnitOfMeasurePrice>
      <AllowDiscount>1</AllowDiscount>
      <ItemStatus>1</ItemStatus>
      <ItemId>59032</ItemId>
    </Item>
    <Item>
      <PriceUpdateDate>2023-12-31 12:49:16</PriceUpdateDate>
      <ItemCode>4820077081124</ItemCode>
      <ItemType>1</ItemType>
      <ItemName>שמן חמניות גארנה לא</ItemName>
      <ManufacturerName>,</ManufacturerName>
      <ManufactureCountry>לא ידוע</ManufactureCountry>
      <ManufacturerItemDescription>שמן חמניות גארנה לא מזוכך 850 מ"ל</ManufacturerItemDescription>
      <UnitQty>מיליליטרים</UnitQty>
      <Quantity>850.00</Quantity>
      <UnitOfMeasure>100 מ"ל</UnitOfMeasure>
      <bIsWeighted>0</bIsWeighted>
      <QtyInPackage>1</QtyInPackage>
      <ItemPrice>12.90</ItemPrice>
      <UnitOfMeasurePrice>1.5176</UnitOfMeasurePrice>
      <AllowDiscount>1</AllowDiscount>
      <ItemStatus>1</ItemStatus>
      <ItemId>59033</ItemId>
    </Item>
    <Item>
      <PriceUpdateDate>2024-11-06 16:48:29</PriceUpdateDate>
      <ItemCode>7290011996123</ItemCode>
      <ItemType>1</ItemType>
      <ItemName>אצות נורי גולד 10 דפ</ItemName>
      <ManufacturerName>,</ManufacturerName>
      <ManufactureCountry>לא ידוע</ManufactureCountry>
      <ManufacturerItemDescription>אצות נורי גולד 10 דפים</ManufacturerItemDescription>
      <UnitQty>גרמים</UnitQty>
      <Quantity>25.00</Quantity>
      <UnitOfMeasure>100 גרם</UnitOfMeasure>
      <bIsWeighted>0</bIsWeighted>
      <QtyInPackage>10</QtyInPackage>
      <ItemPrice>14.90</ItemPrice>
      <UnitOfMeasurePrice>59.6000</UnitOfMeasurePrice>
      <AllowDiscount>1</AllowDiscount>
      <ItemStatus>1</ItemStatus>
      <ItemId>59085</ItemId>
    </Item>
    <Item>
      <PriceUpdateDate>2023-12-31 12:49:16</PriceUpdateDate>
      <ItemCode>7290000219176</ItemCode>
      <ItemType>1</ItemType>
      <ItemName>קנקרס מעושן בוואקום</ItemName>
      <ManufacturerName>מעדני מניה תעשיות בש</ManufacturerName>
      <ManufactureCountry>לא ידוע</ManufactureCountry>
      <ManufacturerItemDescription>קנקרס מעושן בוואקום</ManufacturerItemDescription>
      <UnitQty>קילוגרמים</UnitQty>
      <Quantity>1.00</Quantity>
      <UnitOfMeasure>ק"ג</UnitOfMeasure>
      <bIsWeighted>1</bIsWeighted>
      <QtyInPackage>לא ידוע</QtyInPackage>
      <ItemPrice>45.00</ItemPrice>
      <UnitOfMeasurePrice>45.0000</UnitOfMeasurePrice>
      <AllowDiscount>1</AllowDiscount>
      <ItemStatus>1</ItemStatus>
      <ItemId>59107</ItemId>
    </Item>
    <Item>
      <PriceUpdateDate>2024-11-11 14:56:12</PriceUpdateDate>
      <ItemCode>7290000219510</ItemCode>
      <ItemType>1</ItemType>
      <ItemName>נקניקיות פרנקפורטר ב</ItemName>
      <ManufacturerName>מעדני מניה תעשיות בש</ManufacturerName>
      <ManufactureCountry>לא ידוע</ManufactureCountry>
      <ManufacturerItemDescription>נקניקיות פרנקפורטר בוואקום</ManufacturerItemDescription>
      <UnitQty>קילוגרמים</UnitQty>
      <Quantity>1.00</Quantity>
      <UnitOfMeasure>ק"ג</UnitOfMeasure>
      <bIsWeighted>1</bIsWeighted>
      <QtyInPackage>לא ידוע</QtyInPackage>
      <ItemPrice>59.00</ItemPrice>
      <UnitOfMeasurePrice>59.0000</UnitOfMeasurePrice>
      <AllowDiscount>1</AllowDiscount>
      <ItemStatus>1</ItemStatus>
      <ItemId>59109</ItemId>
    </Item>
    <Item>
      <PriceUpdateDate>2025-01-13 08:35:08</PriceUpdateDate>
      <ItemCode>2730</ItemCode>
      <ItemType>0</ItemType>
      <ItemName>גבינה דליס דה בורגון</ItemName>
      <ManufacturerName>,</ManufacturerName>
      <ManufactureCountry>לא ידוע</ManufactureCountry>
      <ManufacturerItemDescription>גבינת דליס דה בורגון</ManufacturerItemDescription>
      <UnitQty>קילוגרמים</UnitQty>
      <Quantity>1.00</Quantity>
      <UnitOfMeasure>ק"ג</UnitOfMeasure>
      <bIsWeighted>1</bIsWeighted>
      <QtyInPackage>לא ידוע</QtyInPackage>
      <ItemPrice>209.00</ItemPrice>
      <UnitOfMeasurePrice>209.0000</UnitOfMeasurePrice>
      <AllowDiscount>1</AllowDiscount>
      <ItemStatus>1</ItemStatus>
      <ItemId>59110</ItemId>
    </Item>
    <Item>
      <PriceUpdateDate>2023-12-31 12:49:16</PriceUpdateDate>
      <ItemCode>3523230025638</ItemCode>
      <ItemType>1</ItemType>
      <ItemName>גבינת עיזים בושה טבע</ItemName>
      <ManufacturerName>,</ManufacturerName>
      <ManufactureCountry>לא ידוע</ManufactureCountry>
      <ManufacturerItemDescription>גבינת עיזים בושה טבעי 125 גר</ManufacturerItemDescription>
      <UnitQty>גרמים</UnitQty>
      <Quantity>125.00</Quantity>
      <UnitOfMeasure>100 גרם</UnitOfMeasure>
      <bIsWeighted>0</bIsWeighted>
      <QtyInPackage>1</QtyInPackage>
      <ItemPrice>24.90</ItemPrice>
      <UnitOfMeasurePrice>19.9200</UnitOfMeasurePrice>
      <AllowDiscount>1</AllowDiscount>
      <ItemStatus>1</ItemStatus>
      <ItemId>59143</ItemId>
    </Item>
    <Item>
      <PriceUpdateDate>2023-12-31 12:49:16</PriceUpdateDate>
      <ItemCode>7290102301881</ItemCode>
      <ItemType>1</ItemType>
      <ItemName>גבינת טרטר עשבי תיבו</ItemName>
      <ManufacturerName>,</ManufacturerName>
      <ManufactureCountry>לא ידוע</ManufactureCountry>
      <ManufacturerItemDescription>גבינת טרטר עשבי תיבול 150 גר</ManufacturerItemDescription>
      <UnitQty>גרמים</UnitQty>
      <Quantity>150.00</Quantity>
      <UnitOfMeasure>100 גרם</UnitOfMeasure>
      <bIsWeighted>0</bIsWeighted>
      <QtyInPackage>1</QtyInPackage>
      <ItemPrice>26.90</ItemPrice>
      <UnitOfMeasurePrice>17.9333</UnitOfMeasurePrice>
      <AllowDiscount>1</AllowDiscount>
      <ItemStatus>1</ItemStatus>
      <ItemId>59145</ItemId>
    </Item>
    <Item>
      <PriceUpdateDate>2025-01-13 08:35:08</PriceUpdateDate>
      <ItemCode>7290102302246</ItemCode>
      <ItemType>1</ItemType>
      <ItemName>גבינת גאודה 200 גר</ItemName>
      <ManufacturerName>,</ManufacturerName>
      <ManufactureCountry>לא ידוע</ManufactureCountry>
      <ManufacturerItemDescription>גבינת גאודה 200 גר</ManufacturerItemDescription>
      <UnitQty>גרמים</UnitQty>
      <Quantity>200.00</Quantity>
      <UnitOfMeasure>100 גרם</UnitOfMeasure>
      <bIsWeighted>0</bIsWeighted>
      <QtyInPackage>1</QtyInPackage>
      <ItemPrice>31.90</ItemPrice>
      <UnitOfMeasurePrice>15.9500</UnitOfMeasurePrice>
      <AllowDiscount>1</AllowDiscount>
      <ItemStatus>1</ItemStatus>
      <ItemId>59146</ItemId>
    </Item>
    <Item>
      <PriceUpdateDate>2024-11-06 16:48:29</PriceUpdateDate>
      <ItemCode>4820003689370</ItemCode>
      <ItemType>1</ItemType>
      <ItemName>נקטר נאש סוק תפוחים</ItemName>
      <ManufacturerName>נאש סוק</ManufacturerName>
      <ManufactureCountry>לא ידוע</ManufactureCountry>
      <ManufacturerItemDescription>נקטר נאש סוק תפוחים 1.93 ל</ManufacturerItemDescription>
      <UnitQty>ליטרים</UnitQty>
      <Quantity>1.93</Quantity>
      <UnitOfMeasure>ליטר    </UnitOfMeasure>
      <bIsWeighted>0</bIsWeighted>
      <QtyInPackage>1</QtyInPackage>
      <ItemPrice>22.90</ItemPrice>
      <UnitOfMeasurePrice>11.8653</UnitOfMeasurePrice>
      <AllowDiscount>1</AllowDiscount>
      <ItemStatus>1</ItemStatus>
      <ItemId>59186</ItemId>
    </Item>
    <Item>
      <PriceUpdateDate>2023-12-31 12:49:17</PriceUpdateDate>
      <ItemCode>4665270950033</ItemCode>
      <ItemType>1</ItemType>
      <ItemName>כוסמת סמייניה זאקרומ</ItemName>
      <ManufacturerName>או או או פמילי סטוק</ManufacturerName>
      <ManufactureCountry>לא ידוע</ManufactureCountry>
      <ManufacturerItemDescription>כוסמת סמייניה זאקרומה 800 גר</ManufacturerItemDescription>
      <UnitQty>גרמים</UnitQty>
      <Quantity>800.00</Quantity>
      <UnitOfMeasure>100 גרם</UnitOfMeasure>
      <bIsWeighted>0</bIsWeighted>
      <QtyInPackage>12</QtyInPackage>
      <ItemPrice>14.90</ItemPrice>
      <UnitOfMeasurePrice>1.8625</UnitOfMeasurePrice>
      <AllowDiscount>1</AllowDiscount>
      <ItemStatus>1</ItemStatus>
      <ItemId>59247</ItemId>
    </Item>
    <Item>
      <PriceUpdateDate>2023-12-31 12:49:17</PriceUpdateDate>
      <ItemCode>4665270950019</ItemCode>
      <ItemType>1</ItemType>
      <ItemName>שיבולת שועל סמייניה</ItemName>
      <ManufacturerName>או או או פמילי סטוק</ManufacturerName>
      <ManufactureCountry>לא ידוע</ManufactureCountry>
      <ManufacturerItemDescription>שיבולת שועל סמייניה זאקרומה 450 גר</ManufacturerItemDescription>
      <UnitQty>גרמים</UnitQty>
      <Quantity>450.00</Quantity>
      <UnitOfMeasure>100 גרם</UnitOfMeasure>
      <bIsWeighted>0</bIsWeighted>
      <QtyInPackage>1</QtyInPackage>
      <ItemPrice>5.90</ItemPrice>
      <UnitOfMeasurePrice>1.3111</UnitOfMeasurePrice>
      <AllowDiscount>1</AllowDiscount>
      <ItemStatus>1</ItemStatus>
      <ItemId>59248</ItemId>
    </Item>
    <Item>
      <PriceUpdateDate>2024-11-22 08:30:48</PriceUpdateDate>
      <ItemCode>4603566903950</ItemCode>
      <ItemType>1</ItemType>
      <ItemName>תבלינים סול 7 מנות 4</ItemName>
      <ManufacturerName>אגרואימפורט</ManufacturerName>
      <ManufactureCountry>לא ידוע</ManufactureCountry>
      <ManufacturerItemDescription>תבלינים סול 7 מנות 400 גר</ManufacturerItemDescription>
      <UnitQty>גרמים</UnitQty>
      <Quantity>400.00</Quantity>
      <UnitOfMeasure>100 גרם</UnitOfMeasure>
      <bIsWeighted>0</bIsWeighted>
      <QtyInPackage>1</QtyInPackage>
      <ItemPrice>12.90</ItemPrice>
      <UnitOfMeasurePrice>3.2250</UnitOfMeasurePrice>
      <AllowDiscount>1</AllowDiscount>
      <ItemStatus>1</ItemStatus>
      <ItemId>59249</ItemId>
    </Item>
    <Item>
      <PriceUpdateDate>2024-11-22 08:30:48</PriceUpdateDate>
      <ItemCode>4603566907958</ItemCode>
      <ItemType>1</ItemType>
      <ItemName>תבלינים סול מנות ראש</ItemName>
      <ManufacturerName>אגרואימפורט</ManufacturerName>
      <ManufactureCountry>לא ידוע</ManufactureCountry>
      <ManufacturerItemDescription>תבלינים סול  מנות ראשונות 400 גר</ManufacturerItemDescription>
      <UnitQty>גרמים</UnitQty>
      <Quantity>400.00</Quantity>
      <UnitOfMeasure>100 גרם</UnitOfMeasure>
      <bIsWeighted>0</bIsWeighted>
      <QtyInPackage>1</QtyInPackage>
      <ItemPrice>12.90</ItemPrice>
      <UnitOfMeasurePrice>3.2250</UnitOfMeasurePrice>
      <AllowDiscount>1</AllowDiscount>
      <ItemStatus>1</ItemStatus>
      <ItemId>59250</ItemId>
    </Item>
    <Item>
      <PriceUpdateDate>2024-11-22 08:30:48</PriceUpdateDate>
      <ItemCode>4603566908955</ItemCode>
      <ItemType>1</ItemType>
      <ItemName>תבלינים סול שום ירוק</ItemName>
      <ManufacturerName>אגרואימפורט</ManufacturerName>
      <ManufactureCountry>לא ידוע</ManufactureCountry>
      <ManufacturerItemDescription>תבלינים סול שום ירוק  400 גר</ManufacturerItemDescription>
      <UnitQty>גרמים</UnitQty>
      <Quantity>400.00</Quantity>
      <UnitOfMeasure>100 גרם</UnitOfMeasure>
      <bIsWeighted>0</bIsWeighted>
      <QtyInPackage>1</QtyInPackage>
      <ItemPrice>12.90</ItemPrice>
      <UnitOfMeasurePrice>3.2250</UnitOfMeasurePrice>
      <AllowDiscount>1</AllowDiscount>
      <ItemStatus>1</ItemStatus>
      <ItemId>59251</ItemId>
    </Item>
    <Item>
      <PriceUpdateDate>2024-11-22 08:30:48</PriceUpdateDate>
      <ItemCode>4603566921954</ItemCode>
      <ItemType>1</ItemType>
      <ItemName>תבלינים סול 12 ירקות</ItemName>
      <ManufacturerName>אגרואימפורט</ManufacturerName>
      <ManufactureCountry>לא ידוע</ManufactureCountry>
      <ManufacturerItemDescription>תבלינים סול 12 ירקות 400 גר</ManufacturerItemDescription>
      <UnitQty>גרמים</UnitQty>
      <Quantity>400.00</Quantity>
      <UnitOfMeasure>100 גרם</UnitOfMeasure>
      <bIsWeighted>0</bIsWeighted>
      <QtyInPackage>1</QtyInPackage>
      <ItemPrice>12.90</ItemPrice>
      <UnitOfMeasurePrice>3.2250</UnitOfMeasurePrice>
      <AllowDiscount>1</AllowDiscount>
      <ItemStatus>1</ItemStatus>
      <ItemId>59252</ItemId>
    </Item>
    <Item>
      <PriceUpdateDate>2023-12-31 12:49:17</PriceUpdateDate>
      <ItemCode>5901483081010</ItemCode>
      <ItemType>1</ItemType>
      <ItemName>חליטת חמוציות 100 גר</ItemName>
      <ManufacturerName>BIFIX</ManufacturerName>
      <ManufactureCountry>לא ידוע</ManufactureCountry>
      <ManufacturerItemDescription>חליטת חמוציות 100 גר</ManufacturerItemDescription>
      <UnitQty>גרמים</UnitQty>
      <Quantity>100.00</Quantity>
      <UnitOfMeasure>100 גרם</UnitOfMeasure>
      <bIsWeighted>0</bIsWeighted>
      <QtyInPackage>10</QtyInPackage>
      <ItemPrice>13.90</ItemPrice>
      <UnitOfMeasurePrice>13.9000</UnitOfMeasurePrice>
      <AllowDiscount>1</AllowDiscount>
      <ItemStatus>1</ItemStatus>
      <ItemId>59258</ItemId>
    </Item>
    <Item>
      <PriceUpdateDate>2024-12-02 08:55:01</PriceUpdateDate>
      <ItemCode>1846</ItemCode>
      <ItemType>0</ItemType>
      <ItemName>נקניק דוקטורסקיה דימ</ItemName>
      <ManufacturerName>,</ManufacturerName>
      <ManufactureCountry>לא ידוע</ManufactureCountry>
      <ManufacturerItemDescription>נקניק דוקטורסקיה דימוב</ManufacturerItemDescription>
      <UnitQty>קילוגרמים</UnitQty>
      <Quantity>1.00</Quantity>
      <UnitOfMeasure>ק"ג</UnitOfMeasure>
      <bIsWeighted>1</bIsWeighted>
      <QtyInPackage>לא ידוע</QtyInPackage>
      <ItemPrice>99.00</ItemPrice>
      <UnitOfMeasurePrice>99.0000</UnitOfMeasurePrice>
      <AllowDiscount>1</AllowDiscount>
      <ItemStatus>1</ItemStatus>
      <ItemId>59259</ItemId>
    </Item>
    <Item>
      <PriceUpdateDate>2023-12-31 12:49:17</PriceUpdateDate>
      <ItemCode>7290012911187</ItemCode>
      <ItemType>1</ItemType>
      <ItemName>מיסו בהיר 500 גר</ItemName>
      <ManufacturerName>,</ManufacturerName>
      <ManufactureCountry>לא ידוע</ManufactureCountry>
      <ManufacturerItemDescription>מיסו בהיר 500 גר</ManufacturerItemDescription>
      <UnitQty>גרמים</UnitQty>
      <Quantity>500.00</Quantity>
      <UnitOfMeasure>100 גרם</UnitOfMeasure>
      <bIsWeighted>0</bIsWeighted>
      <QtyInPackage>10</QtyInPackage>
      <ItemPrice>16.90</ItemPrice>
      <UnitOfMeasurePrice>3.3800</UnitOfMeasurePrice>
      <AllowDiscount>1</AllowDiscount>
      <ItemStatus>1</ItemStatus>
      <ItemId>59298</ItemId>
    </Item>
    <Item>
      <PriceUpdateDate>2023-12-31 12:49:17</PriceUpdateDate>
      <ItemCode>7290011996581</ItemCode>
      <ItemType>1</ItemType>
      <ItemName>רוטב חמוץ מתוק 300 מ</ItemName>
      <ManufacturerName>,</ManufacturerName>
      <ManufactureCountry>לא ידוע</ManufactureCountry>
      <ManufacturerItemDescription>רוטב חמוץ מתוק 300 מל</ManufacturerItemDescription>
      <UnitQty>מיליליטרים</UnitQty>
      <Quantity>300.00</Quantity>
      <UnitOfMeasure>100 מ"ל</UnitOfMeasure>
      <bIsWeighted>0</bIsWeighted>
      <QtyInPackage>6</QtyInPackage>
      <ItemPrice>14.90</ItemPrice>
      <UnitOfMeasurePrice>4.9667</UnitOfMeasurePrice>
      <AllowDiscount>1</AllowDiscount>
      <ItemStatus>1</ItemStatus>
      <ItemId>59299</ItemId>
    </Item>
    <Item>
      <PriceUpdateDate>2023-12-31 12:49:17</PriceUpdateDate>
      <ItemCode>7290014785052</ItemCode>
      <ItemType>1</ItemType>
      <ItemName>רוטב פטריות צמחוני 5</ItemName>
      <ManufacturerName>,</ManufacturerName>
      <ManufactureCountry>לא ידוע</ManufactureCountry>
      <ManufacturerItemDescription>רוטב פטריות צמחוני 500 מל</ManufacturerItemDescription>
      <UnitQty>מיליליטרים</UnitQty>
      <Quantity>500.00</Quantity>
      <UnitOfMeasure>100 מ"ל</UnitOfMeasure>
      <bIsWeighted>0</bIsWeighted>
      <QtyInPackage>12</QtyInPackage>
      <ItemPrice>17.90</ItemPrice>
      <UnitOfMeasurePrice>3.5800</UnitOfMeasurePrice>
      <AllowDiscount>1</AllowDiscount>
      <ItemStatus>1</ItemStatus>
      <ItemId>59301</ItemId>
    </Item>
    <Item>
      <PriceUpdateDate>2023-12-31 12:49:17</PriceUpdateDate>
      <ItemCode>4607116767641</ItemCode>
      <ItemType>1</ItemType>
      <ItemName>חומצה אצטית 70% 180</ItemName>
      <ManufacturerName>,</ManufacturerName>
      <ManufactureCountry>לא ידוע</ManufactureCountry>
      <ManufacturerItemDescription>חומצה אצטית 70% 180 מל</ManufacturerItemDescription>
      <UnitQty>מיליליטרים</UnitQty>
      <Quantity>180.00</Quantity>
      <UnitOfMeasure>100 מ"ל</UnitOfMeasure>
      <bIsWeighted>0</bIsWeighted>
      <QtyInPackage>40</QtyInPackage>
      <ItemPrice>16.90</ItemPrice>
      <UnitOfMeasurePrice>9.3889</UnitOfMeasurePrice>
      <AllowDiscount>1</AllowDiscount>
      <ItemStatus>1</ItemStatus>
      <ItemId>59305</ItemId>
    </Item>
    <Item>
      <PriceUpdateDate>2025-05-12 14:10:13</PriceUpdateDate>
      <ItemCode>16318</ItemCode>
      <ItemType>0</ItemType>
      <ItemName>עוף שלם בגריל</ItemName>
      <ManufacturerName>,</ManufacturerName>
      <ManufactureCountry>לא ידוע</ManufactureCountry>
      <ManufacturerItemDescription>עוף שלם בגריל</ManufacturerItemDescription>
      <UnitQty>קילוגרמים</UnitQty>
      <Quantity>1.00</Quantity>
      <UnitOfMeasure>ק"ג</UnitOfMeasure>
      <bIsWeighted>1</bIsWeighted>
      <QtyInPackage>לא ידוע</QtyInPackage>
      <ItemPrice>59.00</ItemPrice>
      <UnitOfMeasurePrice>59.0000</UnitOfMeasurePrice>
      <AllowDiscount>1</AllowDiscount>
      <ItemStatus>1</ItemStatus>
      <ItemId>59362</ItemId>
    </Item>
    <Item>
      <PriceUpdateDate>2023-12-31 12:49:17</PriceUpdateDate>
      <ItemCode>7290011996642</ItemCode>
      <ItemType>1</ItemType>
      <ItemName>שומשום שחור 100 גר</ItemName>
      <ManufacturerName>,</ManufacturerName>
      <ManufactureCountry>לא ידוע</ManufactureCountry>
      <ManufacturerItemDescription>שומשום שחור 100 גר</ManufacturerItemDescription>
      <UnitQty>גרמים</UnitQty>
      <Quantity>100.00</Quantity>
      <UnitOfMeasure>100 גרם</UnitOfMeasure>
      <bIsWeighted>0</bIsWeighted>
      <QtyInPackage>12</QtyInPackage>
      <ItemPrice>18.90</ItemPrice>
      <UnitOfMeasurePrice>18.9000</UnitOfMeasurePrice>
      <AllowDiscount>1</AllowDiscount>
      <ItemStatus>1</ItemStatus>
      <ItemId>59398</ItemId>
    </Item>
    <Item>
      <PriceUpdateDate>2024-05-02 16:17:16</PriceUpdateDate>
      <ItemCode>4850001111016</ItemCode>
      <ItemType>1</ItemType>
      <ItemName>מיץ יאן תפוזים טבעי</ItemName>
      <ManufacturerName>,</ManufacturerName>
      <ManufactureCountry>לא ידוע</ManufactureCountry>
      <ManufacturerItemDescription>מיץ "יאן" תפוזים טבעי 930 מ"ל</ManufacturerItemDescription>
      <UnitQty>מיליליטרים</UnitQty>
      <Quantity>930.00</Quantity>
      <UnitOfMeasure>100 מ"ל</UnitOfMeasure>
      <bIsWeighted>0</bIsWeighted>
      <QtyInPackage>1</QtyInPackage>
      <ItemPrice>18.90</ItemPrice>
      <UnitOfMeasurePrice>2.0323</UnitOfMeasurePrice>
      <AllowDiscount>1</AllowDiscount>
      <ItemStatus>1</ItemStatus>
      <ItemId>59407</ItemId>
    </Item>
    <Item>
      <PriceUpdateDate>2023-12-31 12:49:18</PriceUpdateDate>
      <ItemCode>4850001115151</ItemCode>
      <ItemType>1</ItemType>
      <ItemName>סלט יאן אימם באלדי 4</ItemName>
      <ManufacturerName>,</ManufacturerName>
      <ManufactureCountry>לא ידוע</ManufactureCountry>
      <ManufacturerItemDescription>סלט "יאן" אימם באלדי 485 גר</ManufacturerItemDescription>
      <UnitQty>גרמים</UnitQty>
      <Quantity>485.00</Quantity>
      <UnitOfMeasure>100 גרם</UnitOfMeasure>
      <bIsWeighted>0</bIsWeighted>
      <QtyInPackage>1</QtyInPackage>
      <ItemPrice>16.90</ItemPrice>
      <UnitOfMeasurePrice>3.4845</UnitOfMeasurePrice>
      <AllowDiscount>1</AllowDiscount>
      <ItemStatus>1</ItemStatus>
      <ItemId>59413</ItemId>
    </Item>
    <Item>
      <PriceUpdateDate>2023-12-31 12:49:18</PriceUpdateDate>
      <ItemCode>4850001115168</ItemCode>
      <ItemType>1</ItemType>
      <ItemName>סלט יאן אפיטיטקה 485</ItemName>
      <ManufacturerName>,</ManufacturerName>
      <ManufactureCountry>לא ידוע</ManufactureCountry>
      <ManufacturerItemDescription>סלט "יאן" אפיטיטקה 485 גר</ManufacturerItemDescription>
      <UnitQty>גרמים</UnitQty>
      <Quantity>485.00</Quantity>
      <UnitOfMeasure>100 גרם</UnitOfMeasure>
      <bIsWeighted>0</bIsWeighted>
      <QtyInPackage>1</QtyInPackage>
      <ItemPrice>16.90</ItemPrice>
      <UnitOfMeasurePrice>3.4845</UnitOfMeasurePrice>
      <AllowDiscount>1</AllowDiscount>
      <ItemStatus>1</ItemStatus>
      <ItemId>59414</ItemId>
    </Item>
    <Item>
      <PriceUpdateDate>2023-12-31 12:49:18</PriceUpdateDate>
      <ItemCode>4850001110439</ItemCode>
      <ItemType>1</ItemType>
      <ItemName>ממרח חצילים יאן 470</ItemName>
      <ManufacturerName>,</ManufacturerName>
      <ManufactureCountry>לא ידוע</ManufactureCountry>
      <ManufacturerItemDescription>ממרח חצילים "יאן" 470 גר</ManufacturerItemDescription>
      <UnitQty>גרמים</UnitQty>
      <Quantity>470.00</Quantity>
      <UnitOfMeasure>100 גרם</UnitOfMeasure>
      <bIsWeighted>0</bIsWeighted>
      <QtyInPackage>1</QtyInPackage>
      <ItemPrice>16.90</ItemPrice>
      <UnitOfMeasurePrice>3.5957</UnitOfMeasurePrice>
      <AllowDiscount>1</AllowDiscount>
      <ItemStatus>1</ItemStatus>
      <ItemId>59415</ItemId>
    </Item>
    <Item>
      <PriceUpdateDate>2025-08-21 10:53:33</PriceUpdateDate>
      <ItemCode>4630007400419</ItemCode>
      <ItemType>1</ItemType>
      <ItemName>גרעיני חמניות קלויים</ItemName>
      <ManufacturerName>פקטורי נבה אל טי די</ManufacturerName>
      <ManufactureCountry>לא ידוע</ManufactureCountry>
      <ManufacturerItemDescription>גרעיני חמניות קלויים 250 גר</ManufacturerItemDescription>
      <UnitQty>גרמים</UnitQty>
      <Quantity>250.00</Quantity>
      <UnitOfMeasure>100 גרם</UnitOfMeasure>
      <bIsWeighted>0</bIsWeighted>
      <QtyInPackage>1</QtyInPackage>
      <ItemPrice>14.90</ItemPrice>
      <UnitOfMeasurePrice>5.9600</UnitOfMeasurePrice>
      <AllowDiscount>1</AllowDiscount>
      <ItemStatus>1</ItemStatus>
      <ItemId>59464</ItemId>
    </Item>
    <Item>
      <PriceUpdateDate>2023-12-31 12:49:19</PriceUpdateDate>
      <ItemCode>5706792200530</ItemCode>
      <ItemType>1</ItemType>
      <ItemName>בסגנון ארנדה דניש 80</ItemName>
      <ManufacturerName>,</ManufacturerName>
      <ManufactureCountry>לא ידוע</ManufactureCountry>
      <ManufacturerItemDescription>בסגנון ארנדה דניש 800 גר</ManufacturerItemDescription>
      <UnitQty>גרמים</UnitQty>
      <Quantity>800.00</Quantity>
      <UnitOfMeasure>100 גרם</UnitOfMeasure>
      <bIsWeighted>0</bIsWeighted>
      <QtyInPackage>1</QtyInPackage>
      <ItemPrice>29.90</ItemPrice>
      <UnitOfMeasurePrice>3.7375</UnitOfMeasurePrice>
      <AllowDiscount>1</AllowDiscount>
      <ItemStatus>1</ItemStatus>
      <ItemId>59543</ItemId>
    </Item>
    <Item>
      <PriceUpdateDate>2023-12-31 12:49:19</PriceUpdateDate>
      <ItemCode>5706792200219</ItemCode>
      <ItemType>1</ItemType>
      <ItemName>בסגנן גורבט דניש 800</ItemName>
      <ManufacturerName>,</ManufacturerName>
      <ManufactureCountry>לא ידוע</ManufactureCountry>
      <ManufacturerItemDescription>בסגנן גורבט דניש 800 גר</ManufacturerItemDescription>
      <UnitQty>גרמים</UnitQty>
      <Quantity>800.00</Quantity>
      <UnitOfMeasure>100 גרם</UnitOfMeasure>
      <bIsWeighted>0</bIsWeighted>
      <QtyInPackage>1</QtyInPackage>
      <ItemPrice>29.90</ItemPrice>
      <UnitOfMeasurePrice>3.7375</UnitOfMeasurePrice>
      <AllowDiscount>1</AllowDiscount>
      <ItemStatus>1</ItemStatus>
      <ItemId>59544</ItemId>
    </Item>
    <Item>
      <PriceUpdateDate>2025-03-06 18:27:25</PriceUpdateDate>
      <ItemCode>4810168038977</ItemCode>
      <ItemType>1</ItemType>
      <ItemName>גלידת שמנת וניל יוקי</ItemName>
      <ManufacturerName>,</ManufacturerName>
      <ManufactureCountry>לא ידוע</ManufactureCountry>
      <ManufacturerItemDescription>גלידת שמנת וניל יוקי בגביע וופל 75 גר</ManufacturerItemDescription>
      <UnitQty>גרמים</UnitQty>
      <Quantity>75.00</Quantity>
      <UnitOfMeasure>100 גרם</UnitOfMeasure>
      <bIsWeighted>0</bIsWeighted>
      <QtyInPackage>1</QtyInPackage>
      <ItemPrice>6.90</ItemPrice>
      <UnitOfMeasurePrice>9.2000</UnitOfMeasurePrice>
      <AllowDiscount>1</AllowDiscount>
      <ItemStatus>1</ItemStatus>
      <ItemId>59550</ItemId>
    </Item>
    <Item>
      <PriceUpdateDate>2023-12-31 12:49:19</PriceUpdateDate>
      <ItemCode>4607041232764</ItemCode>
      <ItemType>1</ItemType>
      <ItemName>כעכים פוסולסקי מליוט</ItemName>
      <ManufacturerName>וופלשניה</ManufacturerName>
      <ManufactureCountry>לא ידוע</ManufactureCountry>
      <ManufacturerItemDescription>כעכים פוסולסקי מליוטקה טעם וניל 200 גר</ManufacturerItemDescription>
      <UnitQty>גרמים</UnitQty>
      <Quantity>200.00</Quantity>
      <UnitOfMeasure>100 גרם</UnitOfMeasure>
      <bIsWeighted>0</bIsWeighted>
      <QtyInPackage>1</QtyInPackage>
      <ItemPrice>5.90</ItemPrice>
      <UnitOfMeasurePrice>2.9500</UnitOfMeasurePrice>
      <AllowDiscount>1</AllowDiscount>
      <ItemStatus>1</ItemStatus>
      <ItemId>59560</ItemId>
    </Item>
    <Item>
      <PriceUpdateDate>2025-03-06 19:07:23</PriceUpdateDate>
      <ItemCode>4823077618901</ItemCode>
      <ItemType>1</ItemType>
      <ItemName>בונ שוטרס רום ליקר 1</ItemName>
      <ManufacturerName>רושן</ManufacturerName>
      <ManufactureCountry>לא ידוע</ManufactureCountry>
      <ManufacturerItemDescription>בונ שוטרס רום ליקר 150 גר</ManufacturerItemDescription>
      <UnitQty>גרמים</UnitQty>
      <Quantity>150.00</Quantity>
      <UnitOfMeasure>100 גרם</UnitOfMeasure>
      <bIsWeighted>0</bIsWeighted>
      <QtyInPackage>1</QtyInPackage>
      <ItemPrice>24.90</ItemPrice>
      <UnitOfMeasurePrice>16.6000</UnitOfMeasurePrice>
      <AllowDiscount>1</AllowDiscount>
      <ItemStatus>1</ItemStatus>
      <ItemId>59563</ItemId>
    </Item>
    <Item>
      <PriceUpdateDate>2025-03-06 19:07:23</PriceUpdateDate>
      <ItemCode>4823077618918</ItemCode>
      <ItemType>1</ItemType>
      <ItemName>בונ שוטרס ברנדי ליקר</ItemName>
      <ManufacturerName>רושן</ManufacturerName>
      <ManufactureCountry>לא ידוע</ManufactureCountry>
      <ManufacturerItemDescription>בונ שוטרס ברנדי ליקר 150 גר</ManufacturerItemDescription>
      <UnitQty>גרמים</UnitQty>
      <Quantity>150.00</Quantity>
      <UnitOfMeasure>100 גרם</UnitOfMeasure>
      <bIsWeighted>0</bIsWeighted>
      <QtyInPackage>1</QtyInPackage>
      <ItemPrice>24.90</ItemPrice>
      <UnitOfMeasurePrice>16.6000</UnitOfMeasurePrice>
      <AllowDiscount>1</AllowDiscount>
      <ItemStatus>1</ItemStatus>
      <ItemId>59564</ItemId>
    </Item>
    <Item>
      <PriceUpdateDate>2023-12-31 12:49:19</PriceUpdateDate>
      <ItemCode>4640018660153</ItemCode>
      <ItemType>1</ItemType>
      <ItemName>שמרים יבשים 10 גר</ItemName>
      <ManufacturerName>או.או.או.ספאים צילבי</ManufacturerName>
      <ManufactureCountry>לא ידוע</ManufactureCountry>
      <ManufacturerItemDescription>שמרים יבשים 10 גר</ManufacturerItemDescription>
      <UnitQty>גרמים</UnitQty>
      <Quantity>10.00</Quantity>
      <UnitOfMeasure>100 גרם</UnitOfMeasure>
      <bIsWeighted>0</bIsWeighted>
      <QtyInPackage>1</QtyInPackage>
      <ItemPrice>2.90</ItemPrice>
      <UnitOfMeasurePrice>29.0000</UnitOfMeasurePrice>
      <AllowDiscount>1</AllowDiscount>
      <ItemStatus>1</ItemStatus>
      <ItemId>59630</ItemId>
    </Item>
    <Item>
      <PriceUpdateDate>2023-12-31 12:49:19</PriceUpdateDate>
      <ItemCode>4850001111603</ItemCode>
      <ItemType>1</ItemType>
      <ItemName>משקה כהלי רימונים וי</ItemName>
      <ManufacturerName>,</ManufacturerName>
      <ManufactureCountry>לא ידוע</ManufactureCountry>
      <ManufacturerItemDescription>משקה כהלי רימונים ויניאן 750 מ"ל</ManufacturerItemDescription>
      <UnitQty>מיליליטרים</UnitQty>
      <Quantity>750.00</Quantity>
      <UnitOfMeasure>100 מ"ל</UnitOfMeasure>
      <bIsWeighted>0</bIsWeighted>
      <QtyInPackage>1</QtyInPackage>
      <ItemPrice>34.90</ItemPrice>
      <UnitOfMeasurePrice>4.6533</UnitOfMeasurePrice>
      <AllowDiscount>1</AllowDiscount>
      <ItemStatus>1</ItemStatus>
      <ItemId>59640</ItemId>
    </Item>
    <Item>
      <PriceUpdateDate>2023-12-31 12:49:19</PriceUpdateDate>
      <ItemCode>4105120623941</ItemCode>
      <ItemType>1</ItemType>
      <ItemName>בירה ווינשטפן בק 500</ItemName>
      <ManufacturerName>,</ManufacturerName>
      <ManufactureCountry>לא ידוע</ManufactureCountry>
      <ManufacturerItemDescription>בירה ווינשטפן בק 500 מ"ל</ManufacturerItemDescription>
      <UnitQty>מיליליטרים</UnitQty>
      <Quantity>500.00</Quantity>
      <UnitOfMeasure>100 מ"ל</UnitOfMeasure>
      <bIsWeighted>0</bIsWeighted>
      <QtyInPackage>1</QtyInPackage>
      <ItemPrice>13.90</ItemPrice>
      <UnitOfMeasurePrice>2.7800</UnitOfMeasurePrice>
      <AllowDiscount>1</AllowDiscount>
      <ItemStatus>1</ItemStatus>
      <ItemId>59647</ItemId>
    </Item>
    <Item>
      <PriceUpdateDate>2025-04-16 19:35:08</PriceUpdateDate>
      <ItemCode>3178530407938</ItemCode>
      <ItemType>1</ItemType>
      <ItemName>עוגיות רכות מדלן 175</ItemName>
      <ManufacturerName>סן מישל</ManufacturerName>
      <ManufactureCountry>לא ידוע</ManufactureCountry>
      <ManufacturerItemDescription>עוגיות רכות מדלן 175 גר</ManufacturerItemDescription>
      <UnitQty>גרמים</UnitQty>
      <Quantity>175.00</Quantity>
      <UnitOfMeasure>100 גרם</UnitOfMeasure>
      <bIsWeighted>0</bIsWeighted>
      <QtyInPackage>1</QtyInPackage>
      <ItemPrice>13.90</ItemPrice>
      <UnitOfMeasurePrice>7.9429</UnitOfMeasurePrice>
      <AllowDiscount>1</AllowDiscount>
      <ItemStatus>1</ItemStatus>
      <ItemId>59656</ItemId>
    </Item>
    <Item>
      <PriceUpdateDate>2025-01-13 08:35:08</PriceUpdateDate>
      <ItemCode>3178530402353</ItemCode>
      <ItemType>1</ItemType>
      <ItemName>עוגיות רכות מדלן 175</ItemName>
      <ManufacturerName>סן מישל</ManufacturerName>
      <ManufactureCountry>לא ידוע</ManufactureCountry>
      <ManufacturerItemDescription>עוגיות רכות מדלן 175 גר</ManufacturerItemDescription>
      <UnitQty>גרמים</UnitQty>
      <Quantity>175.00</Quantity>
      <UnitOfMeasure>100 גרם</UnitOfMeasure>
      <bIsWeighted>0</bIsWeighted>
      <QtyInPackage>1</QtyInPackage>
      <ItemPrice>13.90</ItemPrice>
      <UnitOfMeasurePrice>7.9429</UnitOfMeasurePrice>
      <AllowDiscount>1</AllowDiscount>
      <ItemStatus>1</ItemStatus>
      <ItemId>59657</ItemId>
    </Item>
    <Item>
      <PriceUpdateDate>2025-02-02 07:39:55</PriceUpdateDate>
      <ItemCode>16401</ItemCode>
      <ItemType>0</ItemType>
      <ItemName>פילה סלמון</ItemName>
      <ManufacturerName>,</ManufacturerName>
      <ManufactureCountry>לא ידוע</ManufactureCountry>
      <ManufacturerItemDescription>קונפיטורות מיני</ManufacturerItemDescription>
      <UnitQty>קילוגרמים</UnitQty>
      <Quantity>1.00</Quantity>
      <UnitOfMeasure>ק"ג</UnitOfMeasure>
      <bIsWeighted>1</bIsWeighted>
      <QtyInPackage>לא ידוע</QtyInPackage>
      <ItemPrice>199.00</ItemPrice>
      <UnitOfMeasurePrice>199.0000</UnitOfMeasurePrice>
      <AllowDiscount>1</AllowDiscount>
      <ItemStatus>1</ItemStatus>
      <ItemId>59704</ItemId>
    </Item>
    <Item>
      <PriceUpdateDate>2024-08-01 14:37:05</PriceUpdateDate>
      <ItemCode>5055966810069</ItemCode>
      <ItemType>1</ItemType>
      <ItemName>ויסקי בושמילס בלאק ב</ItemName>
      <ManufacturerName>אלב בושמילס</ManufacturerName>
      <ManufactureCountry>לא ידוע</ManufactureCountry>
      <ManufacturerItemDescription>ויסקי אירי בושמילס בלאק בוש 700 מ"ל</ManufacturerItemDescription>
      <UnitQty>מיליליטרים</UnitQty>
      <Quantity>700.00</Quantity>
      <UnitOfMeasure>100 מ"ל</UnitOfMeasure>
      <bIsWeighted>0</bIsWeighted>
      <QtyInPackage>1</QtyInPackage>
      <ItemPrice>119.90</ItemPrice>
      <UnitOfMeasurePrice>17.1286</UnitOfMeasurePrice>
      <AllowDiscount>1</AllowDiscount>
      <ItemStatus>1</ItemStatus>
      <ItemId>59706</ItemId>
    </Item>
    <Item>
      <PriceUpdateDate>2025-08-03 13:12:27</PriceUpdateDate>
      <ItemCode>8712092005802</ItemCode>
      <ItemType>0</ItemType>
      <ItemName>גבינה מעושנת טבעי 20</ItemName>
      <ManufacturerName>,</ManufacturerName>
      <ManufactureCountry>לא ידוע</ManufactureCountry>
      <ManufacturerItemDescription>גבינה מעושנת טבעי 200 גר</ManufacturerItemDescription>
      <UnitQty>גרמים</UnitQty>
      <Quantity>200.00</Quantity>
      <UnitOfMeasure>100 גרם</UnitOfMeasure>
      <bIsWeighted>0</bIsWeighted>
      <QtyInPackage>1</QtyInPackage>
      <ItemPrice>29.90</ItemPrice>
      <UnitOfMeasurePrice>14.9500</UnitOfMeasurePrice>
      <AllowDiscount>1</AllowDiscount>
      <ItemStatus>1</ItemStatus>
      <ItemId>59715</ItemId>
    </Item>
    <Item>
      <PriceUpdateDate>2025-02-02 07:39:55</PriceUpdateDate>
      <ItemCode>15975</ItemCode>
      <ItemType>0</ItemType>
      <ItemName>אורז מוקפץ</ItemName>
      <ManufacturerName>,</ManufacturerName>
      <ManufactureCountry>לא ידוע</ManufactureCountry>
      <ManufacturerItemDescription>אורז מוקפץ</ManufacturerItemDescription>
      <UnitQty>קילוגרמים</UnitQty>
      <Quantity>1.00</Quantity>
      <UnitOfMeasure>ק"ג</UnitOfMeasure>
      <bIsWeighted>1</bIsWeighted>
      <QtyInPackage>לא ידוע</QtyInPackage>
      <ItemPrice>59.00</ItemPrice>
      <UnitOfMeasurePrice>59.0000</UnitOfMeasurePrice>
      <AllowDiscount>1</AllowDiscount>
      <ItemStatus>1</ItemStatus>
      <ItemId>59810</ItemId>
    </Item>
    <Item>
      <PriceUpdateDate>2024-06-28 08:40:00</PriceUpdateDate>
      <ItemCode>4066600612049</ItemCode>
      <ItemType>1</ItemType>
      <ItemName>בירה פאולנר בק 500 מ</ItemName>
      <ManufacturerName>,</ManufacturerName>
      <ManufactureCountry>לא ידוע</ManufactureCountry>
      <ManufacturerItemDescription>בירה פאולנר בק 500 מ"ל</ManufacturerItemDescription>
      <UnitQty>מיליליטרים</UnitQty>
      <Quantity>500.00</Quantity>
      <UnitOfMeasure>100 מ"ל</UnitOfMeasure>
      <bIsWeighted>0</bIsWeighted>
      <QtyInPackage>1</QtyInPackage>
      <ItemPrice>12.90</ItemPrice>
      <UnitOfMeasurePrice>2.5800</UnitOfMeasurePrice>
      <AllowDiscount>1</AllowDiscount>
      <ItemStatus>1</ItemStatus>
      <ItemId>59817</ItemId>
    </Item>
    <Item>
      <PriceUpdateDate>2025-10-28 16:55:09</PriceUpdateDate>
      <ItemCode>4823077617829</ItemCode>
      <ItemType>1</ItemType>
      <ItemName>עוגת רושן קייבסקי 45</ItemName>
      <ManufacturerName>,</ManufacturerName>
      <ManufactureCountry>לא ידוע</ManufactureCountry>
      <ManufacturerItemDescription>עוגת רושן קייבסקי 450 גר</ManufacturerItemDescription>
      <UnitQty>גרמים</UnitQty>
      <Quantity>450.00</Quantity>
      <UnitOfMeasure>100 גרם</UnitOfMeasure>
      <bIsWeighted>0</bIsWeighted>
      <QtyInPackage>1</QtyInPackage>
      <ItemPrice>79.90</ItemPrice>
      <UnitOfMeasurePrice>17.7556</UnitOfMeasurePrice>
      <AllowDiscount>1</AllowDiscount>
      <ItemStatus>1</ItemStatus>
      <ItemId>59825</ItemId>
    </Item>
    <Item>
      <PriceUpdateDate>2023-12-31 12:49:21</PriceUpdateDate>
      <ItemCode>8007150901623</ItemCode>
      <ItemType>1</ItemType>
      <ItemName>שמן זרעי ענבים 1.5 ל</ItemName>
      <ManufacturerName>,</ManufacturerName>
      <ManufactureCountry>לא ידוע</ManufactureCountry>
      <ManufacturerItemDescription>מארז זוג שמן זרעי ענבים 1.5 ל</ManufacturerItemDescription>
      <UnitQty>ליטרים</UnitQty>
      <Quantity>1.50</Quantity>
      <UnitOfMeasure>ליטר    </UnitOfMeasure>
      <bIsWeighted>0</bIsWeighted>
      <QtyInPackage>1</QtyInPackage>
      <ItemPrice>69.90</ItemPrice>
      <UnitOfMeasurePrice>46.6000</UnitOfMeasurePrice>
      <AllowDiscount>1</AllowDiscount>
      <ItemStatus>1</ItemStatus>
      <ItemId>59878</ItemId>
    </Item>
    <Item>
      <PriceUpdateDate>2025-03-06 19:02:15</PriceUpdateDate>
      <ItemCode>5413121363513</ItemCode>
      <ItemType>1</ItemType>
      <ItemName>שוקולד מריר בלגיאן ד</ItemName>
      <ManufacturerName>BCG</ManufacturerName>
      <ManufactureCountry>לא ידוע</ManufactureCountry>
      <ManufacturerItemDescription>שוקולד מריר בלגיאן דובדבן 100 גר</ManufacturerItemDescription>
      <UnitQty>גרמים</UnitQty>
      <Quantity>100.00</Quantity>
      <UnitOfMeasure>100 גרם</UnitOfMeasure>
      <bIsWeighted>0</bIsWeighted>
      <QtyInPackage>1</QtyInPackage>
      <ItemPrice>17.90</ItemPrice>
      <UnitOfMeasurePrice>17.9000</UnitOfMeasurePrice>
      <AllowDiscount>1</AllowDiscount>
      <ItemStatus>1</ItemStatus>
      <ItemId>59893</ItemId>
    </Item>
    <Item>
      <PriceUpdateDate>2024-03-20 08:28:50</PriceUpdateDate>
      <ItemCode>17277</ItemCode>
      <ItemType>0</ItemType>
      <ItemName>סטייק פילה עגל מקוצב</ItemName>
      <ManufacturerName>,</ManufacturerName>
      <ManufactureCountry>לא ידוע</ManufactureCountry>
      <ManufacturerItemDescription>סטייק פילה עגל מקוצב</ManufacturerItemDescription>
      <UnitQty>קילוגרמים</UnitQty>
      <Quantity>1.00</Quantity>
      <UnitOfMeasure>ק"ג</UnitOfMeasure>
      <bIsWeighted>1</bIsWeighted>
      <QtyInPackage>לא ידוע</QtyInPackage>
      <ItemPrice>269.90</ItemPrice>
      <UnitOfMeasurePrice>269.9000</UnitOfMeasurePrice>
      <AllowDiscount>1</AllowDiscount>
      <ItemStatus>1</ItemStatus>
      <ItemId>59945</ItemId>
    </Item>
    <Item>
      <PriceUpdateDate>2024-09-02 11:09:08</PriceUpdateDate>
      <ItemCode>15992</ItemCode>
      <ItemType>0</ItemType>
      <ItemName>לשון עגל עם פטריות ש</ItemName>
      <ManufacturerName>,</ManufacturerName>
      <ManufactureCountry>לא ידוע</ManufactureCountry>
      <ManufacturerItemDescription>לשון עגל עם פטריות שיטאקי ושמפיניון</ManufacturerItemDescription>
      <UnitQty>קילוגרמים</UnitQty>
      <Quantity>1.00</Quantity>
      <UnitOfMeasure>ק"ג</UnitOfMeasure>
      <bIsWeighted>1</bIsWeighted>
      <QtyInPackage>לא ידוע</QtyInPackage>
      <ItemPrice>129.00</ItemPrice>
      <UnitOfMeasurePrice>129.0000</UnitOfMeasurePrice>
      <AllowDiscount>1</AllowDiscount>
      <ItemStatus>1</ItemStatus>
      <ItemId>59967</ItemId>
    </Item>
    <Item>
      <PriceUpdateDate>2024-11-19 15:32:33</PriceUpdateDate>
      <ItemCode>4605246012587</ItemCode>
      <ItemType>1</ItemType>
      <ItemName>תה ירוק טס דייקירי ב</ItemName>
      <ManufacturerName>,</ManufacturerName>
      <ManufactureCountry>לא ידוע</ManufactureCountry>
      <ManufacturerItemDescription>תה ירוק "טס" דייקירי בריז 20 שק</ManufacturerItemDescription>
      <UnitQty>גרמים</UnitQty>
      <Quantity>36.00</Quantity>
      <UnitOfMeasure>100 גרם</UnitOfMeasure>
      <bIsWeighted>0</bIsWeighted>
      <QtyInPackage>1</QtyInPackage>
      <ItemPrice>9.90</ItemPrice>
      <UnitOfMeasurePrice>27.5000</UnitOfMeasurePrice>
      <AllowDiscount>1</AllowDiscount>
      <ItemStatus>1</ItemStatus>
      <ItemId>59980</ItemId>
    </Item>
    <Item>
      <PriceUpdateDate>2023-12-31 12:49:22</PriceUpdateDate>
      <ItemCode>4850001116493</ItemCode>
      <ItemType>1</ItemType>
      <ItemName>סלט יאן ממרח חצילים</ItemName>
      <ManufacturerName>,</ManufacturerName>
      <ManufactureCountry>לא ידוע</ManufactureCountry>
      <ManufacturerItemDescription>סלט יאן ממרח חצילים פיקנטי 470 גר</ManufacturerItemDescription>
      <UnitQty>גרמים</UnitQty>
      <Quantity>470.00</Quantity>
      <UnitOfMeasure>100 גרם</UnitOfMeasure>
      <bIsWeighted>0</bIsWeighted>
      <QtyInPackage>1</QtyInPackage>
      <ItemPrice>16.90</ItemPrice>
      <UnitOfMeasurePrice>3.5957</UnitOfMeasurePrice>
      <AllowDiscount>1</AllowDiscount>
      <ItemStatus>1</ItemStatus>
      <ItemId>60063</ItemId>
    </Item>
    <Item>
      <PriceUpdateDate>2023-12-31 12:49:22</PriceUpdateDate>
      <ItemCode>4014600397640</ItemCode>
      <ItemType>1</ItemType>
      <ItemName>סוכ וולמינט פוקט מנט</ItemName>
      <ManufacturerName>,</ManufacturerName>
      <ManufactureCountry>לא ידוע</ManufactureCountry>
      <ManufacturerItemDescription>סוכ וולמינט פוקט מנטה עדין ללא סוכר 20 ג</ManufacturerItemDescription>
      <UnitQty>גרמים</UnitQty>
      <Quantity>20.00</Quantity>
      <UnitOfMeasure>100 גרם</UnitOfMeasure>
      <bIsWeighted>0</bIsWeighted>
      <QtyInPackage>1</QtyInPackage>
      <ItemPrice>7.90</ItemPrice>
      <UnitOfMeasurePrice>39.5000</UnitOfMeasurePrice>
      <AllowDiscount>1</AllowDiscount>
      <ItemStatus>1</ItemStatus>
      <ItemId>60087</ItemId>
    </Item>
    <Item>
      <PriceUpdateDate>2023-12-31 12:49:22</PriceUpdateDate>
      <ItemCode>4014600397381</ItemCode>
      <ItemType>1</ItemType>
      <ItemName>סוכ וולמינט פוקט אבט</ItemName>
      <ManufacturerName>,</ManufacturerName>
      <ManufactureCountry>לא ידוע</ManufactureCountry>
      <ManufacturerItemDescription>סוכ וולמינט פוקט אבטיח ללא סוכר 20 ג</ManufacturerItemDescription>
      <UnitQty>גרמים</UnitQty>
      <Quantity>20.00</Quantity>
      <UnitOfMeasure>100 גרם</UnitOfMeasure>
      <bIsWeighted>0</bIsWeighted>
      <QtyInPackage>1</QtyInPackage>
      <ItemPrice>7.90</ItemPrice>
      <UnitOfMeasurePrice>39.5000</UnitOfMeasurePrice>
      <AllowDiscount>1</AllowDiscount>
      <ItemStatus>1</ItemStatus>
      <ItemId>60089</ItemId>
    </Item>
    <Item>
      <PriceUpdateDate>2023-12-31 12:49:22</PriceUpdateDate>
      <ItemCode>4601021050225</ItemCode>
      <ItemType>1</ItemType>
      <ItemName>דובשניות עם חלב מרוכ</ItemName>
      <ManufacturerName>,</ManufacturerName>
      <ManufactureCountry>לא ידוע</ManufactureCountry>
      <ManufacturerItemDescription>דובשניות עם חלב מרוכז מבושל 300 גר</ManufacturerItemDescription>
      <UnitQty>גרמים</UnitQty>
      <Quantity>300.00</Quantity>
      <UnitOfMeasure>100 גרם</UnitOfMeasure>
      <bIsWeighted>0</bIsWeighted>
      <QtyInPackage>1</QtyInPackage>
      <ItemPrice>9.90</ItemPrice>
      <UnitOfMeasurePrice>3.3000</UnitOfMeasurePrice>
      <AllowDiscount>1</AllowDiscount>
      <ItemStatus>1</ItemStatus>
      <ItemId>60091</ItemId>
    </Item>
    <Item>
      <PriceUpdateDate>2023-12-31 12:49:23</PriceUpdateDate>
      <ItemCode>4607041232641</ItemCode>
      <ItemType>1</ItemType>
      <ItemName>צנימים בטעם וניל פוס</ItemName>
      <ManufacturerName>וופלשניה</ManufacturerName>
      <ManufactureCountry>לא ידוע</ManufactureCountry>
      <ManufacturerItemDescription>צנימים בטעם וניל פוסולסקי 300 גר</ManufacturerItemDescription>
      <UnitQty>גרמים</UnitQty>
      <Quantity>300.00</Quantity>
      <UnitOfMeasure>100 גרם</UnitOfMeasure>
      <bIsWeighted>0</bIsWeighted>
      <QtyInPackage>1</QtyInPackage>
      <ItemPrice>10.90</ItemPrice>
      <UnitOfMeasurePrice>3.6333</UnitOfMeasurePrice>
      <AllowDiscount>1</AllowDiscount>
      <ItemStatus>1</ItemStatus>
      <ItemId>60278</ItemId>
    </Item>
    <Item>
      <PriceUpdateDate>2024-11-06 16:48:23</PriceUpdateDate>
      <ItemCode>4607041232665</ItemCode>
      <ItemType>1</ItemType>
      <ItemName>צנימים עם צימוקים פו</ItemName>
      <ManufacturerName>וופלשניה</ManufacturerName>
      <ManufactureCountry>לא ידוע</ManufactureCountry>
      <ManufacturerItemDescription>צנימים עם צימוקים פוסולסקי 300 גר</ManufacturerItemDescription>
      <UnitQty>גרמים</UnitQty>
      <Quantity>300.00</Quantity>
      <UnitOfMeasure>100 גרם</UnitOfMeasure>
      <bIsWeighted>0</bIsWeighted>
      <QtyInPackage>1</QtyInPackage>
      <ItemPrice>11.90</ItemPrice>
      <UnitOfMeasurePrice>3.9667</UnitOfMeasurePrice>
      <AllowDiscount>1</AllowDiscount>
      <ItemStatus>1</ItemStatus>
      <ItemId>60279</ItemId>
    </Item>
    <Item>
      <PriceUpdateDate>2023-12-31 12:49:23</PriceUpdateDate>
      <ItemCode>16340</ItemCode>
      <ItemType>0</ItemType>
      <ItemName>קיש אישי פטריות 250</ItemName>
      <ManufacturerName>,</ManufacturerName>
      <ManufactureCountry>לא ידוע</ManufactureCountry>
      <ManufacturerItemDescription>קיש אישי פטריות</ManufacturerItemDescription>
      <UnitQty>גרמים</UnitQty>
      <Quantity>250.00</Quantity>
      <UnitOfMeasure>100 גרם</UnitOfMeasure>
      <bIsWeighted>0</bIsWeighted>
      <QtyInPackage>1</QtyInPackage>
      <ItemPrice>24.90</ItemPrice>
      <UnitOfMeasurePrice>9.9600</UnitOfMeasurePrice>
      <AllowDiscount>1</AllowDiscount>
      <ItemStatus>1</ItemStatus>
      <ItemId>60299</ItemId>
    </Item>
    <Item>
      <PriceUpdateDate>2023-12-31 12:49:23</PriceUpdateDate>
      <ItemCode>15897</ItemCode>
      <ItemType>0</ItemType>
      <ItemName>חמין עם בשר בקר ארוז</ItemName>
      <ManufacturerName>,</ManufacturerName>
      <ManufactureCountry>לא ידוע</ManufactureCountry>
      <ManufacturerItemDescription>חמין עם בשר בקר ארוז</ManufacturerItemDescription>
      <UnitQty>קילוגרמים</UnitQty>
      <Quantity>1.00</Quantity>
      <UnitOfMeasure>ק"ג</UnitOfMeasure>
      <bIsWeighted>1</bIsWeighted>
      <QtyInPackage>לא ידוע</QtyInPackage>
      <ItemPrice>69.00</ItemPrice>
      <UnitOfMeasurePrice>69.0000</UnitOfMeasurePrice>
      <AllowDiscount>1</AllowDiscount>
      <ItemStatus>1</ItemStatus>
      <ItemId>60314</ItemId>
    </Item>
    <Item>
      <PriceUpdateDate>2023-12-31 12:49:23</PriceUpdateDate>
      <ItemCode>7290000002472</ItemCode>
      <ItemType>1</ItemType>
      <ItemName>גבינת עיזים רכה 29%</ItemName>
      <ManufacturerName>,</ManufacturerName>
      <ManufactureCountry>לא ידוע</ManufactureCountry>
      <ManufacturerItemDescription>גבינת עיזים רכה 29%</ManufacturerItemDescription>
      <UnitQty>קילוגרמים</UnitQty>
      <Quantity>1.00</Quantity>
      <UnitOfMeasure>ק"ג</UnitOfMeasure>
      <bIsWeighted>1</bIsWeighted>
      <QtyInPackage>לא ידוע</QtyInPackage>
      <ItemPrice>179.00</ItemPrice>
      <UnitOfMeasurePrice>179.0000</UnitOfMeasurePrice>
      <AllowDiscount>1</AllowDiscount>
      <ItemStatus>1</ItemStatus>
      <ItemId>60352</ItemId>
    </Item>
    <Item>
      <PriceUpdateDate>2024-11-14 18:28:37</PriceUpdateDate>
      <ItemCode>818570007066</ItemCode>
      <ItemType>1</ItemType>
      <ItemName>תמצית וניל טהור 29 מ</ItemName>
      <ManufacturerName>וטקינס</ManufacturerName>
      <ManufactureCountry>לא ידוע</ManufactureCountry>
      <ManufacturerItemDescription>תמצית וניל טהור 29 מל</ManufacturerItemDescription>
      <UnitQty>מיליליטרים</UnitQty>
      <Quantity>29.00</Quantity>
      <UnitOfMeasure>100 מ"ל</UnitOfMeasure>
      <bIsWeighted>0</bIsWeighted>
      <QtyInPackage>1</QtyInPackage>
      <ItemPrice>33.90</ItemPrice>
      <UnitOfMeasurePrice>116.8966</UnitOfMeasurePrice>
      <AllowDiscount>1</AllowDiscount>
      <ItemStatus>1</ItemStatus>
      <ItemId>60361</ItemId>
    </Item>
    <Item>
      <PriceUpdateDate>2023-12-31 12:49:23</PriceUpdateDate>
      <ItemCode>4792252920705</ItemCode>
      <ItemType>1</ItemType>
      <ItemName>תה בליסור ספישל קלאס</ItemName>
      <ManufacturerName>בליסור</ManufacturerName>
      <ManufactureCountry>לא ידוע</ManufactureCountry>
      <ManufacturerItemDescription>תה בליסור ספישל קלאסיק ארל גריי 100 גר</ManufacturerItemDescription>
      <UnitQty>גרמים</UnitQty>
      <Quantity>100.00</Quantity>
      <UnitOfMeasure>100 גרם</UnitOfMeasure>
      <bIsWeighted>0</bIsWeighted>
      <QtyInPackage>1</QtyInPackage>
      <ItemPrice>23.90</ItemPrice>
      <UnitOfMeasurePrice>23.9000</UnitOfMeasurePrice>
      <AllowDiscount>1</AllowDiscount>
      <ItemStatus>1</ItemStatus>
      <ItemId>60383</ItemId>
    </Item>
    <Item>
      <PriceUpdateDate>2023-12-31 12:49:23</PriceUpdateDate>
      <ItemCode>8936018435164</ItemCode>
      <ItemType>1</ItemType>
      <ItemName>דג יבש פרפר 90 גר</ItemName>
      <ManufacturerName>,</ManufacturerName>
      <ManufactureCountry>לא ידוע</ManufactureCountry>
      <ManufacturerItemDescription>דג יבש פרפר 90 גר</ManufacturerItemDescription>
      <UnitQty>גרמים</UnitQty>
      <Quantity>90.00</Quantity>
      <UnitOfMeasure>100 גרם</UnitOfMeasure>
      <bIsWeighted>0</bIsWeighted>
      <QtyInPackage>1</QtyInPackage>
      <ItemPrice>10.90</ItemPrice>
      <UnitOfMeasurePrice>12.1111</UnitOfMeasurePrice>
      <AllowDiscount>1</AllowDiscount>
      <ItemStatus>1</ItemStatus>
      <ItemId>60408</ItemId>
    </Item>
    <Item>
      <PriceUpdateDate>2023-12-31 12:49:24</PriceUpdateDate>
      <ItemCode>11395</ItemCode>
      <ItemType>0</ItemType>
      <ItemName>משלוח אינטרנט</ItemName>
      <ManufacturerName>,</ManufacturerName>
      <ManufactureCountry>לא ידוע</ManufactureCountry>
      <ManufacturerItemDescription>משלוח אינטרנט</ManufacturerItemDescription>
      <UnitQty>Unknown </UnitQty>
      <Quantity>0.00</Quantity>
      <UnitOfMeasure>Unknown </UnitOfMeasure>
      <bIsWeighted>0</bIsWeighted>
      <QtyInPackage>1</QtyInPackage>
      <ItemPrice>29.90</ItemPrice>
      <UnitOfMeasurePrice>0.0000</UnitOfMeasurePrice>
      <AllowDiscount>0</AllowDiscount>
      <ItemStatus>1</ItemStatus>
      <ItemId>60419</ItemId>
    </Item>
    <Item>
      <PriceUpdateDate>2025-08-10 17:39:44</PriceUpdateDate>
      <ItemCode>4810065006987</ItemCode>
      <ItemType>1</ItemType>
      <ItemName>חלב מרוכז ממותק רוגצ</ItemName>
      <ManufacturerName>,</ManufacturerName>
      <ManufactureCountry>לא ידוע</ManufactureCountry>
      <ManufacturerItemDescription>חלב מרוכז ממותק רוגצוב 380 גר</ManufacturerItemDescription>
      <UnitQty>גרמים</UnitQty>
      <Quantity>380.00</Quantity>
      <UnitOfMeasure>100 גרם</UnitOfMeasure>
      <bIsWeighted>0</bIsWeighted>
      <QtyInPackage>1</QtyInPackage>
      <ItemPrice>14.90</ItemPrice>
      <UnitOfMeasurePrice>3.9211</UnitOfMeasurePrice>
      <AllowDiscount>1</AllowDiscount>
      <ItemStatus>1</ItemStatus>
      <ItemId>60464</ItemId>
    </Item>
    <Item>
      <PriceUpdateDate>2023-12-31 12:49:24</PriceUpdateDate>
      <ItemCode>16341</ItemCode>
      <ItemType>0</ItemType>
      <ItemName>קיש אישי פלפלים 250</ItemName>
      <ManufacturerName>,</ManufacturerName>
      <ManufactureCountry>לא ידוע</ManufactureCountry>
      <ManufacturerItemDescription>קיש אישי פלפלים</ManufacturerItemDescription>
      <UnitQty>גרמים</UnitQty>
      <Quantity>250.00</Quantity>
      <UnitOfMeasure>100 גרם</UnitOfMeasure>
      <bIsWeighted>0</bIsWeighted>
      <QtyInPackage>1</QtyInPackage>
      <ItemPrice>24.90</ItemPrice>
      <UnitOfMeasurePrice>9.9600</UnitOfMeasurePrice>
      <AllowDiscount>1</AllowDiscount>
      <ItemStatus>1</ItemStatus>
      <ItemId>60474</ItemId>
    </Item>
    <Item>
      <PriceUpdateDate>2023-12-31 12:49:24</PriceUpdateDate>
      <ItemCode>8853662056661</ItemCode>
      <ItemType>1</ItemType>
      <ItemName>רוטב סריראצה מיו 455</ItemName>
      <ManufacturerName>,</ManufacturerName>
      <ManufactureCountry>לא ידוע</ManufactureCountry>
      <ManufacturerItemDescription>רוטב סריראצה מיו 455 מ"ל</ManufacturerItemDescription>
      <UnitQty>מיליליטרים</UnitQty>
      <Quantity>455.00</Quantity>
      <UnitOfMeasure>100 מ"ל</UnitOfMeasure>
      <bIsWeighted>0</bIsWeighted>
      <QtyInPackage>1</QtyInPackage>
      <ItemPrice>22.90</ItemPrice>
      <UnitOfMeasurePrice>5.0330</UnitOfMeasurePrice>
      <AllowDiscount>1</AllowDiscount>
      <ItemStatus>1</ItemStatus>
      <ItemId>60488</ItemId>
    </Item>
    <Item>
      <PriceUpdateDate>2023-12-31 12:49:24</PriceUpdateDate>
      <ItemCode>8853662056982</ItemCode>
      <ItemType>1</ItemType>
      <ItemName>רוטב סריראצה צילי יר</ItemName>
      <ManufacturerName>,</ManufacturerName>
      <ManufactureCountry>לא ידוע</ManufactureCountry>
      <ManufacturerItemDescription>רוטב סריראצה צילי ירוק חריף 455 מ"ל</ManufacturerItemDescription>
      <UnitQty>מיליליטרים</UnitQty>
      <Quantity>455.00</Quantity>
      <UnitOfMeasure>100 מ"ל</UnitOfMeasure>
      <bIsWeighted>0</bIsWeighted>
      <QtyInPackage>1</QtyInPackage>
      <ItemPrice>22.90</ItemPrice>
      <UnitOfMeasurePrice>5.0330</UnitOfMeasurePrice>
      <AllowDiscount>1</AllowDiscount>
      <ItemStatus>1</ItemStatus>
      <ItemId>60491</ItemId>
    </Item>
    <Item>
      <PriceUpdateDate>2025-01-12 19:09:32</PriceUpdateDate>
      <ItemCode>7290014910386</ItemCode>
      <ItemType>1</ItemType>
      <ItemName>קורנישון במלח 690 גר</ItemName>
      <ManufacturerName>UNICORN</ManufacturerName>
      <ManufactureCountry>לא ידוע</ManufactureCountry>
      <ManufacturerItemDescription>קורנישון במלח 690 גר</ManufacturerItemDescription>
      <UnitQty>גרמים</UnitQty>
      <Quantity>690.00</Quantity>
      <UnitOfMeasure>100 גרם</UnitOfMeasure>
      <bIsWeighted>0</bIsWeighted>
      <QtyInPackage>1</QtyInPackage>
      <ItemPrice>11.90</ItemPrice>
      <UnitOfMeasurePrice>1.7246</UnitOfMeasurePrice>
      <AllowDiscount>1</AllowDiscount>
      <ItemStatus>1</ItemStatus>
      <ItemId>60495</ItemId>
    </Item>
    <Item>
      <PriceUpdateDate>2025-02-02 09:47:20</PriceUpdateDate>
      <ItemCode>7290015611596</ItemCode>
      <ItemType>1</ItemType>
      <ItemName>אפונה ירוקה 800 גר</ItemName>
      <ManufacturerName>,</ManufacturerName>
      <ManufactureCountry>לא ידוע</ManufactureCountry>
      <ManufacturerItemDescription>דוחן 500 גר</ManufacturerItemDescription>
      <UnitQty>גרמים</UnitQty>
      <Quantity>800.00</Quantity>
      <UnitOfMeasure>100 גרם</UnitOfMeasure>
      <bIsWeighted>0</bIsWeighted>
      <QtyInPackage>1</QtyInPackage>
      <ItemPrice>12.90</ItemPrice>
      <UnitOfMeasurePrice>1.6125</UnitOfMeasurePrice>
      <AllowDiscount>1</AllowDiscount>
      <ItemStatus>1</ItemStatus>
      <ItemId>60557</ItemId>
    </Item>
    <Item>
      <PriceUpdateDate>2023-12-31 12:49:25</PriceUpdateDate>
      <ItemCode>16336</ItemCode>
      <ItemType>0</ItemType>
      <ItemName>קיש אישי בטטה 250 גר</ItemName>
      <ManufacturerName>,</ManufacturerName>
      <ManufactureCountry>לא ידוע</ManufactureCountry>
      <ManufacturerItemDescription>קיש אישי בטטה</ManufacturerItemDescription>
      <UnitQty>גרמים</UnitQty>
      <Quantity>250.00</Quantity>
      <UnitOfMeasure>100 גרם</UnitOfMeasure>
      <bIsWeighted>0</bIsWeighted>
      <QtyInPackage>1</QtyInPackage>
      <ItemPrice>24.90</ItemPrice>
      <UnitOfMeasurePrice>9.9600</UnitOfMeasurePrice>
      <AllowDiscount>1</AllowDiscount>
      <ItemStatus>1</ItemStatus>
      <ItemId>60638</ItemId>
    </Item>
    <Item>
      <PriceUpdateDate>2023-12-31 12:49:25</PriceUpdateDate>
      <ItemCode>16337</ItemCode>
      <ItemType>0</ItemType>
      <ItemName>קיש אישי בצל 250 גר</ItemName>
      <ManufacturerName>,</ManufacturerName>
      <ManufactureCountry>לא ידוע</ManufactureCountry>
      <ManufacturerItemDescription>קיש אישי בצל</ManufacturerItemDescription>
      <UnitQty>גרמים</UnitQty>
      <Quantity>250.00</Quantity>
      <UnitOfMeasure>100 גרם</UnitOfMeasure>
      <bIsWeighted>0</bIsWeighted>
      <QtyInPackage>1</QtyInPackage>
      <ItemPrice>24.90</ItemPrice>
      <UnitOfMeasurePrice>9.9600</UnitOfMeasurePrice>
      <AllowDiscount>1</AllowDiscount>
      <ItemStatus>1</ItemStatus>
      <ItemId>60639</ItemId>
    </Item>
    <Item>
      <PriceUpdateDate>2023-12-31 12:49:25</PriceUpdateDate>
      <ItemCode>16338</ItemCode>
      <ItemType>0</ItemType>
      <ItemName>קיש אישי ברוקולי 250</ItemName>
      <ManufacturerName>,</ManufacturerName>
      <ManufactureCountry>לא ידוע</ManufactureCountry>
      <ManufacturerItemDescription>קיש אישי ברוקולי</ManufacturerItemDescription>
      <UnitQty>גרמים</UnitQty>
      <Quantity>250.00</Quantity>
      <UnitOfMeasure>100 גרם</UnitOfMeasure>
      <bIsWeighted>0</bIsWeighted>
      <QtyInPackage>1</QtyInPackage>
      <ItemPrice>24.90</ItemPrice>
      <UnitOfMeasurePrice>9.9600</UnitOfMeasurePrice>
      <AllowDiscount>1</AllowDiscount>
      <ItemStatus>1</ItemStatus>
      <ItemId>60640</ItemId>
    </Item>
    <Item>
      <PriceUpdateDate>2023-12-31 12:49:25</PriceUpdateDate>
      <ItemCode>16339</ItemCode>
      <ItemType>0</ItemType>
      <ItemName>קיש אישי כרובית 250</ItemName>
      <ManufacturerName>,</ManufacturerName>
      <ManufactureCountry>לא ידוע</ManufactureCountry>
      <ManufacturerItemDescription>קיש אישי כרובית</ManufacturerItemDescription>
      <UnitQty>גרמים</UnitQty>
      <Quantity>250.00</Quantity>
      <UnitOfMeasure>100 גרם</UnitOfMeasure>
      <bIsWeighted>0</bIsWeighted>
      <QtyInPackage>1</QtyInPackage>
      <ItemPrice>24.90</ItemPrice>
      <UnitOfMeasurePrice>9.9600</UnitOfMeasurePrice>
      <AllowDiscount>1</AllowDiscount>
      <ItemStatus>1</ItemStatus>
      <ItemId>60641</ItemId>
    </Item>
    <Item>
      <PriceUpdateDate>2024-11-11 14:58:36</PriceUpdateDate>
      <ItemCode>4607002997558</ItemCode>
      <ItemType>1</ItemType>
      <ItemName>סלט הונגרי דיאדיה ונ</ItemName>
      <ManufacturerName>,</ManufacturerName>
      <ManufactureCountry>לא ידוע</ManufactureCountry>
      <ManufacturerItemDescription>סלט הונגרי דיאדיה וניה 460 גר</ManufacturerItemDescription>
      <UnitQty>גרמים</UnitQty>
      <Quantity>460.00</Quantity>
      <UnitOfMeasure>100 גרם</UnitOfMeasure>
      <bIsWeighted>0</bIsWeighted>
      <QtyInPackage>1</QtyInPackage>
      <ItemPrice>14.90</ItemPrice>
      <UnitOfMeasurePrice>3.2391</UnitOfMeasurePrice>
      <AllowDiscount>1</AllowDiscount>
      <ItemStatus>1</ItemStatus>
      <ItemId>60642</ItemId>
    </Item>
    <Item>
      <PriceUpdateDate>2025-06-03 08:38:05</PriceUpdateDate>
      <ItemCode>4607002999286</ItemCode>
      <ItemType>1</ItemType>
      <ItemName>קישואים באדזיקה דיאד</ItemName>
      <ManufacturerName>,</ManufacturerName>
      <ManufactureCountry>לא ידוע</ManufactureCountry>
      <ManufacturerItemDescription>קישואים באדזיקה דיאדיה וניה 460 גר</ManufacturerItemDescription>
      <UnitQty>גרמים</UnitQty>
      <Quantity>460.00</Quantity>
      <UnitOfMeasure>100 גרם</UnitOfMeasure>
      <bIsWeighted>0</bIsWeighted>
      <QtyInPackage>1</QtyInPackage>
      <ItemPrice>14.90</ItemPrice>
      <UnitOfMeasurePrice>3.2391</UnitOfMeasurePrice>
      <AllowDiscount>1</AllowDiscount>
      <ItemStatus>1</ItemStatus>
      <ItemId>60643</ItemId>
    </Item>
    <Item>
      <PriceUpdateDate>2024-11-06 16:48:29</PriceUpdateDate>
      <ItemCode>4605504522711</ItemCode>
      <ItemType>1</ItemType>
      <ItemName>וופל קורובקה ממולא ב</ItemName>
      <ManufacturerName>,</ManufacturerName>
      <ManufactureCountry>לא ידוע</ManufactureCountry>
      <ManufacturerItemDescription>וופל קורובקה ממולא בטעם חלב מבושל 300 גר</ManufacturerItemDescription>
      <UnitQty>גרמים</UnitQty>
      <Quantity>300.00</Quantity>
      <UnitOfMeasure>100 גרם</UnitOfMeasure>
      <bIsWeighted>0</bIsWeighted>
      <QtyInPackage>1</QtyInPackage>
      <ItemPrice>15.90</ItemPrice>
      <UnitOfMeasurePrice>5.3000</UnitOfMeasurePrice>
      <AllowDiscount>1</AllowDiscount>
      <ItemStatus>1</ItemStatus>
      <ItemId>60649</ItemId>
    </Item>
    <Item>
      <PriceUpdateDate>2024-11-06 16:48:29</PriceUpdateDate>
      <ItemCode>4605504522728</ItemCode>
      <ItemType>1</ItemType>
      <ItemName>וופל קורובקה ממולא ב</ItemName>
      <ManufacturerName>,</ManufacturerName>
      <ManufactureCountry>לא ידוע</ManufactureCountry>
      <ManufacturerItemDescription>וופל קורובקה ממולא בטעם שוקולד 300 גר</ManufacturerItemDescription>
      <UnitQty>גרמים</UnitQty>
      <Quantity>300.00</Quantity>
      <UnitOfMeasure>100 גרם</UnitOfMeasure>
      <bIsWeighted>0</bIsWeighted>
      <QtyInPackage>1</QtyInPackage>
      <ItemPrice>15.90</ItemPrice>
      <UnitOfMeasurePrice>5.3000</UnitOfMeasurePrice>
      <AllowDiscount>1</AllowDiscount>
      <ItemStatus>1</ItemStatus>
      <ItemId>60650</ItemId>
    </Item>
    <Item>
      <PriceUpdateDate>2024-07-01 11:07:28</PriceUpdateDate>
      <ItemCode>8000570812708</ItemCode>
      <ItemType>1</ItemType>
      <ItemName>יין מבעבע מרטיני רוז</ItemName>
      <ManufacturerName>,</ManufacturerName>
      <ManufactureCountry>לא ידוע</ManufactureCountry>
      <ManufacturerItemDescription>יין מבעבע  מרטיני רוזה</ManufacturerItemDescription>
      <UnitQty>מיליליטרים</UnitQty>
      <Quantity>750.00</Quantity>
      <UnitOfMeasure>100 מ"ל</UnitOfMeasure>
      <bIsWeighted>0</bIsWeighted>
      <QtyInPackage>1</QtyInPackage>
      <ItemPrice>79.90</ItemPrice>
      <UnitOfMeasurePrice>10.6533</UnitOfMeasurePrice>
      <AllowDiscount>1</AllowDiscount>
      <ItemStatus>1</ItemStatus>
      <ItemId>60666</ItemId>
    </Item>
    <Item>
      <PriceUpdateDate>2023-12-31 12:49:26</PriceUpdateDate>
      <ItemCode>6422</ItemCode>
      <ItemType>0</ItemType>
      <ItemName>גבינה גרוזינית</ItemName>
      <ManufacturerName>,</ManufacturerName>
      <ManufactureCountry>לא ידוע</ManufactureCountry>
      <ManufacturerItemDescription>גבינה גרוזינית</ManufacturerItemDescription>
      <UnitQty>קילוגרמים</UnitQty>
      <Quantity>1.00</Quantity>
      <UnitOfMeasure>ק"ג</UnitOfMeasure>
      <bIsWeighted>1</bIsWeighted>
      <QtyInPackage>לא ידוע</QtyInPackage>
      <ItemPrice>99.00</ItemPrice>
      <UnitOfMeasurePrice>99.0000</UnitOfMeasurePrice>
      <AllowDiscount>1</AllowDiscount>
      <ItemStatus>1</ItemStatus>
      <ItemId>60679</ItemId>
    </Item>
    <Item>
      <PriceUpdateDate>2023-12-31 12:49:26</PriceUpdateDate>
      <ItemCode>6428</ItemCode>
      <ItemType>0</ItemType>
      <ItemName>גבינה גאודה הולנדית</ItemName>
      <ManufacturerName>,</ManufacturerName>
      <ManufactureCountry>לא ידוע</ManufactureCountry>
      <ManufacturerItemDescription>גבינה גאודה הולנדית</ManufacturerItemDescription>
      <UnitQty>קילוגרמים</UnitQty>
      <Quantity>1.00</Quantity>
      <UnitOfMeasure>ק"ג</UnitOfMeasure>
      <bIsWeighted>1</bIsWeighted>
      <QtyInPackage>לא ידוע</QtyInPackage>
      <ItemPrice>99.00</ItemPrice>
      <UnitOfMeasurePrice>99.0000</UnitOfMeasurePrice>
      <AllowDiscount>1</AllowDiscount>
      <ItemStatus>1</ItemStatus>
      <ItemId>60683</ItemId>
    </Item>
    <Item>
      <PriceUpdateDate>2023-12-31 12:49:26</PriceUpdateDate>
      <ItemCode>16342</ItemCode>
      <ItemType>0</ItemType>
      <ItemName>קיש אישי תרד 250 גר</ItemName>
      <ManufacturerName>,</ManufacturerName>
      <ManufactureCountry>לא ידוע</ManufactureCountry>
      <ManufacturerItemDescription>קיש אישי תרד 250 גר</ManufacturerItemDescription>
      <UnitQty>גרמים</UnitQty>
      <Quantity>250.00</Quantity>
      <UnitOfMeasure>100 גרם</UnitOfMeasure>
      <bIsWeighted>0</bIsWeighted>
      <QtyInPackage>לא ידוע</QtyInPackage>
      <ItemPrice>24.90</ItemPrice>
      <UnitOfMeasurePrice>9.9600</UnitOfMeasurePrice>
      <AllowDiscount>1</AllowDiscount>
      <ItemStatus>1</ItemStatus>
      <ItemId>60719</ItemId>
    </Item>
    <Item>
      <PriceUpdateDate>2023-12-31 12:49:26</PriceUpdateDate>
      <ItemCode>2477</ItemCode>
      <ItemType>0</ItemType>
      <ItemName>גבינה ברי צרפתית</ItemName>
      <ManufacturerName>,</ManufacturerName>
      <ManufactureCountry>לא ידוע</ManufactureCountry>
      <ManufacturerItemDescription>גבינה ברי צרפתית</ManufacturerItemDescription>
      <UnitQty>קילוגרמים</UnitQty>
      <Quantity>1.00</Quantity>
      <UnitOfMeasure>ק"ג</UnitOfMeasure>
      <bIsWeighted>1</bIsWeighted>
      <QtyInPackage>לא ידוע</QtyInPackage>
      <ItemPrice>139.00</ItemPrice>
      <UnitOfMeasurePrice>139.0000</UnitOfMeasurePrice>
      <AllowDiscount>1</AllowDiscount>
      <ItemStatus>1</ItemStatus>
      <ItemId>60748</ItemId>
    </Item>
    <Item>
      <PriceUpdateDate>2023-12-31 12:49:26</PriceUpdateDate>
      <ItemCode>7290108501360</ItemCode>
      <ItemType>1</ItemType>
      <ItemName>גבינה צדר בשלה 200 ג</ItemName>
      <ManufacturerName>,</ManufacturerName>
      <ManufactureCountry>לא ידוע</ManufactureCountry>
      <ManufacturerItemDescription>גבינה צדר בשלה 200 גר</ManufacturerItemDescription>
      <UnitQty>גרמים</UnitQty>
      <Quantity>200.00</Quantity>
      <UnitOfMeasure>100 גרם</UnitOfMeasure>
      <bIsWeighted>0</bIsWeighted>
      <QtyInPackage>1</QtyInPackage>
      <ItemPrice>21.90</ItemPrice>
      <UnitOfMeasurePrice>10.9500</UnitOfMeasurePrice>
      <AllowDiscount>1</AllowDiscount>
      <ItemStatus>1</ItemStatus>
      <ItemId>60752</ItemId>
    </Item>
    <Item>
      <PriceUpdateDate>2023-12-31 12:49:26</PriceUpdateDate>
      <ItemCode>7290112770004</ItemCode>
      <ItemType>0</ItemType>
      <ItemName>צימיצורי 250 גר</ItemName>
      <ManufacturerName>,</ManufacturerName>
      <ManufactureCountry>לא ידוע</ManufactureCountry>
      <ManufacturerItemDescription>צימיצורי 250 גרם</ManufacturerItemDescription>
      <UnitQty>גרמים</UnitQty>
      <Quantity>250.00</Quantity>
      <UnitOfMeasure>100 גרם</UnitOfMeasure>
      <bIsWeighted>0</bIsWeighted>
      <QtyInPackage>1</QtyInPackage>
      <ItemPrice>14.90</ItemPrice>
      <UnitOfMeasurePrice>5.9600</UnitOfMeasurePrice>
      <AllowDiscount>1</AllowDiscount>
      <ItemStatus>1</ItemStatus>
      <ItemId>60762</ItemId>
    </Item>
    <Item>
      <PriceUpdateDate>2025-06-03 08:36:01</PriceUpdateDate>
      <ItemCode>7290112770011</ItemCode>
      <ItemType>0</ItemType>
      <ItemName>סלט פלפלים קלויים 40</ItemName>
      <ManufacturerName>,</ManufacturerName>
      <ManufactureCountry>לא ידוע</ManufactureCountry>
      <ManufacturerItemDescription>סלט פלפלים קלויים 400 גרם</ManufacturerItemDescription>
      <UnitQty>גרמים</UnitQty>
      <Quantity>400.00</Quantity>
      <UnitOfMeasure>100 גרם</UnitOfMeasure>
      <bIsWeighted>0</bIsWeighted>
      <QtyInPackage>1</QtyInPackage>
      <ItemPrice>18.90</ItemPrice>
      <UnitOfMeasurePrice>4.7250</UnitOfMeasurePrice>
      <AllowDiscount>1</AllowDiscount>
      <ItemStatus>1</ItemStatus>
      <ItemId>60763</ItemId>
    </Item>
    <Item>
      <PriceUpdateDate>2025-03-06 18:21:04</PriceUpdateDate>
      <ItemCode>7290112770042</ItemCode>
      <ItemType>0</ItemType>
      <ItemName>מוס סלמון מעושן 250</ItemName>
      <ManufacturerName>,</ManufacturerName>
      <ManufactureCountry>לא ידוע</ManufactureCountry>
      <ManufacturerItemDescription>מוס סלמון מעושן 250 גרם</ManufacturerItemDescription>
      <UnitQty>גרמים</UnitQty>
      <Quantity>250.00</Quantity>
      <UnitOfMeasure>100 גרם</UnitOfMeasure>
      <bIsWeighted>0</bIsWeighted>
      <QtyInPackage>1</QtyInPackage>
      <ItemPrice>29.90</ItemPrice>
      <UnitOfMeasurePrice>11.9600</UnitOfMeasurePrice>
      <AllowDiscount>1</AllowDiscount>
      <ItemStatus>1</ItemStatus>
      <ItemId>60766</ItemId>
    </Item>
    <Item>
      <PriceUpdateDate>2025-02-02 07:39:55</PriceUpdateDate>
      <ItemCode>7290112770059</ItemCode>
      <ItemType>0</ItemType>
      <ItemName>מטבוחה 400 גר</ItemName>
      <ManufacturerName>,</ManufacturerName>
      <ManufactureCountry>לא ידוע</ManufactureCountry>
      <ManufacturerItemDescription>מטבוחה 400 גרם</ManufacturerItemDescription>
      <UnitQty>גרמים</UnitQty>
      <Quantity>400.00</Quantity>
      <UnitOfMeasure>100 גרם</UnitOfMeasure>
      <bIsWeighted>0</bIsWeighted>
      <QtyInPackage>1</QtyInPackage>
      <ItemPrice>18.90</ItemPrice>
      <UnitOfMeasurePrice>4.7250</UnitOfMeasurePrice>
      <AllowDiscount>1</AllowDiscount>
      <ItemStatus>1</ItemStatus>
      <ItemId>60767</ItemId>
    </Item>
    <Item>
      <PriceUpdateDate>2025-06-03 08:36:01</PriceUpdateDate>
      <ItemCode>7290112770073</ItemCode>
      <ItemType>0</ItemType>
      <ItemName>חציל רומני 400 גר</ItemName>
      <ManufacturerName>,</ManufacturerName>
      <ManufactureCountry>לא ידוע</ManufactureCountry>
      <ManufacturerItemDescription>חציל רומני 400 גרם</ManufacturerItemDescription>
      <UnitQty>גרמים</UnitQty>
      <Quantity>400.00</Quantity>
      <UnitOfMeasure>100 גרם</UnitOfMeasure>
      <bIsWeighted>0</bIsWeighted>
      <QtyInPackage>1</QtyInPackage>
      <ItemPrice>17.90</ItemPrice>
      <UnitOfMeasurePrice>4.4750</UnitOfMeasurePrice>
      <AllowDiscount>1</AllowDiscount>
      <ItemStatus>1</ItemStatus>
      <ItemId>60769</ItemId>
    </Item>
    <Item>
      <PriceUpdateDate>2025-06-03 08:36:01</PriceUpdateDate>
      <ItemCode>7290112770080</ItemCode>
      <ItemType>0</ItemType>
      <ItemName>חומוס ביתי 400 גר</ItemName>
      <ManufacturerName>,</ManufacturerName>
      <ManufactureCountry>לא ידוע</ManufactureCountry>
      <ManufacturerItemDescription>חומוס ביתי 400 גרם</ManufacturerItemDescription>
      <UnitQty>גרמים</UnitQty>
      <Quantity>400.00</Quantity>
      <UnitOfMeasure>100 גרם</UnitOfMeasure>
      <bIsWeighted>0</bIsWeighted>
      <QtyInPackage>1</QtyInPackage>
      <ItemPrice>13.90</ItemPrice>
      <UnitOfMeasurePrice>3.4750</UnitOfMeasurePrice>
      <AllowDiscount>1</AllowDiscount>
      <ItemStatus>1</ItemStatus>
      <ItemId>60770</ItemId>
    </Item>
    <Item>
      <PriceUpdateDate>2025-06-03 08:36:01</PriceUpdateDate>
      <ItemCode>7290112770103</ItemCode>
      <ItemType>0</ItemType>
      <ItemName>סלט גזר אסייתי 400 ג</ItemName>
      <ManufacturerName>,</ManufacturerName>
      <ManufactureCountry>לא ידוע</ManufactureCountry>
      <ManufacturerItemDescription>סלט גזר אסייתי 400 גרם</ManufacturerItemDescription>
      <UnitQty>גרמים</UnitQty>
      <Quantity>400.00</Quantity>
      <UnitOfMeasure>100 גרם</UnitOfMeasure>
      <bIsWeighted>0</bIsWeighted>
      <QtyInPackage>1</QtyInPackage>
      <ItemPrice>13.90</ItemPrice>
      <UnitOfMeasurePrice>3.4750</UnitOfMeasurePrice>
      <AllowDiscount>1</AllowDiscount>
      <ItemStatus>1</ItemStatus>
      <ItemId>60772</ItemId>
    </Item>
    <Item>
      <PriceUpdateDate>2025-06-03 08:36:01</PriceUpdateDate>
      <ItemCode>7290112770110</ItemCode>
      <ItemType>0</ItemType>
      <ItemName>חציל במיונז 400 גר</ItemName>
      <ManufacturerName>,</ManufacturerName>
      <ManufactureCountry>לא ידוע</ManufactureCountry>
      <ManufacturerItemDescription>חציל במיונז 400 גרם</ManufacturerItemDescription>
      <UnitQty>גרמים</UnitQty>
      <Quantity>400.00</Quantity>
      <UnitOfMeasure>100 גרם</UnitOfMeasure>
      <bIsWeighted>0</bIsWeighted>
      <QtyInPackage>1</QtyInPackage>
      <ItemPrice>18.90</ItemPrice>
      <UnitOfMeasurePrice>4.7250</UnitOfMeasurePrice>
      <AllowDiscount>1</AllowDiscount>
      <ItemStatus>1</ItemStatus>
      <ItemId>60773</ItemId>
    </Item>
    <Item>
      <PriceUpdateDate>2025-06-03 08:36:01</PriceUpdateDate>
      <ItemCode>7290112770127</ItemCode>
      <ItemType>0</ItemType>
      <ItemName>חציל בטחינה 400 גר</ItemName>
      <ManufacturerName>,</ManufacturerName>
      <ManufactureCountry>לא ידוע</ManufactureCountry>
      <ManufacturerItemDescription>חציל בטחינה 400 גרם</ManufacturerItemDescription>
      <UnitQty>גרמים</UnitQty>
      <Quantity>400.00</Quantity>
      <UnitOfMeasure>100 גרם</UnitOfMeasure>
      <bIsWeighted>0</bIsWeighted>
      <QtyInPackage>1</QtyInPackage>
      <ItemPrice>17.90</ItemPrice>
      <UnitOfMeasurePrice>4.4750</UnitOfMeasurePrice>
      <AllowDiscount>1</AllowDiscount>
      <ItemStatus>1</ItemStatus>
      <ItemId>60774</ItemId>
    </Item>
    <Item>
      <PriceUpdateDate>2025-06-03 08:36:01</PriceUpdateDate>
      <ItemCode>7290112770141</ItemCode>
      <ItemType>0</ItemType>
      <ItemName>סלט סלק ושורשים 400</ItemName>
      <ManufacturerName>,</ManufacturerName>
      <ManufactureCountry>לא ידוע</ManufactureCountry>
      <ManufacturerItemDescription>סלט סלק ושורשים 400 גרם</ManufacturerItemDescription>
      <UnitQty>גרמים</UnitQty>
      <Quantity>400.00</Quantity>
      <UnitOfMeasure>100 גרם</UnitOfMeasure>
      <bIsWeighted>0</bIsWeighted>
      <QtyInPackage>1</QtyInPackage>
      <ItemPrice>15.90</ItemPrice>
      <UnitOfMeasurePrice>3.9750</UnitOfMeasurePrice>
      <AllowDiscount>1</AllowDiscount>
      <ItemStatus>1</ItemStatus>
      <ItemId>60776</ItemId>
    </Item>
    <Item>
      <PriceUpdateDate>2024-11-22 08:30:12</PriceUpdateDate>
      <ItemCode>4604248016883</ItemCode>
      <ItemType>1</ItemType>
      <ItemName>ממתקי גלי מחייב בטעם</ItemName>
      <ManufacturerName>אסן פרודקשן</ManufacturerName>
      <ManufactureCountry>לא ידוע</ManufactureCountry>
      <ManufacturerItemDescription>ממתקי גלי מחייב בטעם פירות שונים 250 גר</ManufacturerItemDescription>
      <UnitQty>גרמים</UnitQty>
      <Quantity>250.00</Quantity>
      <UnitOfMeasure>100 גרם</UnitOfMeasure>
      <bIsWeighted>0</bIsWeighted>
      <QtyInPackage>1</QtyInPackage>
      <ItemPrice>10.90</ItemPrice>
      <UnitOfMeasurePrice>4.3600</UnitOfMeasurePrice>
      <AllowDiscount>1</AllowDiscount>
      <ItemStatus>1</ItemStatus>
      <ItemId>60791</ItemId>
    </Item>
    <Item>
      <PriceUpdateDate>2024-11-22 08:30:12</PriceUpdateDate>
      <ItemCode>4604248016876</ItemCode>
      <ItemType>1</ItemType>
      <ItemName>ממתקי גלי מחייב בטעם</ItemName>
      <ManufacturerName>אסן פרודקשן</ManufacturerName>
      <ManufactureCountry>לא ידוע</ManufactureCountry>
      <ManufacturerItemDescription>ממתקי גלי מחייב בטעם פירות הדר 250 גר</ManufacturerItemDescription>
      <UnitQty>גרמים</UnitQty>
      <Quantity>250.00</Quantity>
      <UnitOfMeasure>100 גרם</UnitOfMeasure>
      <bIsWeighted>0</bIsWeighted>
      <QtyInPackage>1</QtyInPackage>
      <ItemPrice>10.90</ItemPrice>
      <UnitOfMeasurePrice>4.3600</UnitOfMeasurePrice>
      <AllowDiscount>1</AllowDiscount>
      <ItemStatus>1</ItemStatus>
      <ItemId>60792</ItemId>
    </Item>
    <Item>
      <PriceUpdateDate>2023-12-31 12:49:26</PriceUpdateDate>
      <ItemCode>4820182742019</ItemCode>
      <ItemType>1</ItemType>
      <ItemName>ציפס בטעם כנפיים ברב</ItemName>
      <ManufacturerName>Snacks</ManufacturerName>
      <ManufactureCountry>לא ידוע</ManufactureCountry>
      <ManufacturerItemDescription>ציפס בטעם כנפיים ברביקיו 70 גר</ManufacturerItemDescription>
      <UnitQty>גרמים</UnitQty>
      <Quantity>70.00</Quantity>
      <UnitOfMeasure>100 גרם</UnitOfMeasure>
      <bIsWeighted>0</bIsWeighted>
      <QtyInPackage>1</QtyInPackage>
      <ItemPrice>8.90</ItemPrice>
      <UnitOfMeasurePrice>12.7143</UnitOfMeasurePrice>
      <AllowDiscount>1</AllowDiscount>
      <ItemStatus>1</ItemStatus>
      <ItemId>60800</ItemId>
    </Item>
    <Item>
      <PriceUpdateDate>2023-12-31 12:49:26</PriceUpdateDate>
      <ItemCode>4820029431106</ItemCode>
      <ItemType>1</ItemType>
      <ItemName>משקה כהלי מוגז בטעם</ItemName>
      <ManufacturerName>OBOLON</ManufacturerName>
      <ManufactureCountry>לא ידוע</ManufactureCountry>
      <ManufacturerItemDescription>משקה כהלי מוגז בטעם רום עם קולה 330 מ"ל</ManufacturerItemDescription>
      <UnitQty>מיליליטרים</UnitQty>
      <Quantity>330.00</Quantity>
      <UnitOfMeasure>100 מ"ל</UnitOfMeasure>
      <bIsWeighted>0</bIsWeighted>
      <QtyInPackage>1</QtyInPackage>
      <ItemPrice>10.90</ItemPrice>
      <UnitOfMeasurePrice>3.3030</UnitOfMeasurePrice>
      <AllowDiscount>1</AllowDiscount>
      <ItemStatus>1</ItemStatus>
      <ItemId>60801</ItemId>
    </Item>
    <Item>
      <PriceUpdateDate>2023-12-31 12:49:26</PriceUpdateDate>
      <ItemCode>4820029431083</ItemCode>
      <ItemType>1</ItemType>
      <ItemName>משקה כהלי מוגז בטעם</ItemName>
      <ManufacturerName>OBOLON</ManufacturerName>
      <ManufactureCountry>לא ידוע</ManufactureCountry>
      <ManufacturerItemDescription>משקה כהלי מוגז בטעם גין טוניק 330 מ"ל</ManufacturerItemDescription>
      <UnitQty>מיליליטרים</UnitQty>
      <Quantity>330.00</Quantity>
      <UnitOfMeasure>100 מ"ל</UnitOfMeasure>
      <bIsWeighted>0</bIsWeighted>
      <QtyInPackage>1</QtyInPackage>
      <ItemPrice>10.90</ItemPrice>
      <UnitOfMeasurePrice>3.3030</UnitOfMeasurePrice>
      <AllowDiscount>1</AllowDiscount>
      <ItemStatus>1</ItemStatus>
      <ItemId>60802</ItemId>
    </Item>
    <Item>
      <PriceUpdateDate>2025-06-03 08:36:01</PriceUpdateDate>
      <ItemCode>7290112770158</ItemCode>
      <ItemType>0</ItemType>
      <ItemName>חמוצים סינים 400 גר</ItemName>
      <ManufacturerName>,</ManufacturerName>
      <ManufactureCountry>לא ידוע</ManufactureCountry>
      <ManufacturerItemDescription>חמוצים סינים 400 גר</ManufacturerItemDescription>
      <UnitQty>גרמים</UnitQty>
      <Quantity>400.00</Quantity>
      <UnitOfMeasure>100 גרם</UnitOfMeasure>
      <bIsWeighted>0</bIsWeighted>
      <QtyInPackage>1</QtyInPackage>
      <ItemPrice>15.90</ItemPrice>
      <UnitOfMeasurePrice>3.9750</UnitOfMeasurePrice>
      <AllowDiscount>1</AllowDiscount>
      <ItemStatus>1</ItemStatus>
      <ItemId>60823</ItemId>
    </Item>
    <Item>
      <PriceUpdateDate>2023-12-31 12:49:26</PriceUpdateDate>
      <ItemCode>4603793247452</ItemCode>
      <ItemType>1</ItemType>
      <ItemName>מיני סושקה עם וניל 1</ItemName>
      <ManufacturerName>סיביר קלצאטקה</ManufacturerName>
      <ManufactureCountry>לא ידוע</ManufactureCountry>
      <ManufacturerItemDescription>מיני סושקה עם וניל 180 גר</ManufacturerItemDescription>
      <UnitQty>גרמים</UnitQty>
      <Quantity>180.00</Quantity>
      <UnitOfMeasure>100 גרם</UnitOfMeasure>
      <bIsWeighted>0</bIsWeighted>
      <QtyInPackage>1</QtyInPackage>
      <ItemPrice>6.90</ItemPrice>
      <UnitOfMeasurePrice>3.8333</UnitOfMeasurePrice>
      <AllowDiscount>1</AllowDiscount>
      <ItemStatus>1</ItemStatus>
      <ItemId>60834</ItemId>
    </Item>
    <Item>
      <PriceUpdateDate>2023-12-31 12:49:26</PriceUpdateDate>
      <ItemCode>4603793247421</ItemCode>
      <ItemType>1</ItemType>
      <ItemName>מיני סושקה 180 גר</ItemName>
      <ManufacturerName>סיביר קלצאטקה</ManufacturerName>
      <ManufactureCountry>לא ידוע</ManufactureCountry>
      <ManufacturerItemDescription>מיני סושקה 180 גר</ManufacturerItemDescription>
      <UnitQty>גרמים</UnitQty>
      <Quantity>180.00</Quantity>
      <UnitOfMeasure>100 גרם</UnitOfMeasure>
      <bIsWeighted>0</bIsWeighted>
      <QtyInPackage>1</QtyInPackage>
      <ItemPrice>6.90</ItemPrice>
      <UnitOfMeasurePrice>3.8333</UnitOfMeasurePrice>
      <AllowDiscount>1</AllowDiscount>
      <ItemStatus>1</ItemStatus>
      <ItemId>60835</ItemId>
    </Item>
    <Item>
      <PriceUpdateDate>2023-12-31 12:49:26</PriceUpdateDate>
      <ItemCode>4603793247438</ItemCode>
      <ItemType>1</ItemType>
      <ItemName>מיני סושקה עם פרג 18</ItemName>
      <ManufacturerName>סיביר קלצאטקה</ManufacturerName>
      <ManufactureCountry>לא ידוע</ManufactureCountry>
      <ManufacturerItemDescription>מיני סושקה עם פרג 180 גר</ManufacturerItemDescription>
      <UnitQty>גרמים</UnitQty>
      <Quantity>180.00</Quantity>
      <UnitOfMeasure>100 גרם</UnitOfMeasure>
      <bIsWeighted>0</bIsWeighted>
      <QtyInPackage>1</QtyInPackage>
      <ItemPrice>6.90</ItemPrice>
      <UnitOfMeasurePrice>3.8333</UnitOfMeasurePrice>
      <AllowDiscount>1</AllowDiscount>
      <ItemStatus>1</ItemStatus>
      <ItemId>60836</ItemId>
    </Item>
    <Item>
      <PriceUpdateDate>2023-12-31 12:49:26</PriceUpdateDate>
      <ItemCode>8802241132821</ItemCode>
      <ItemType>1</ItemType>
      <ItemName>חטיף אצות קלויות עם</ItemName>
      <ManufacturerName>,</ManufacturerName>
      <ManufactureCountry>לא ידוע</ManufactureCountry>
      <ManufacturerItemDescription>חטיף אצות קלויות עם מלח 13.5 גר</ManufacturerItemDescription>
      <UnitQty>גרמים</UnitQty>
      <Quantity>14.00</Quantity>
      <UnitOfMeasure>100 גרם</UnitOfMeasure>
      <bIsWeighted>0</bIsWeighted>
      <QtyInPackage>32</QtyInPackage>
      <ItemPrice>15.90</ItemPrice>
      <UnitOfMeasurePrice>113.5714</UnitOfMeasurePrice>
      <AllowDiscount>1</AllowDiscount>
      <ItemStatus>1</ItemStatus>
      <ItemId>60839</ItemId>
    </Item>
    <Item>
      <PriceUpdateDate>2024-11-22 08:33:36</PriceUpdateDate>
      <ItemCode>645173863337</ItemCode>
      <ItemType>0</ItemType>
      <ItemName>שימורי ביצי דג זהבנו</ItemName>
      <ManufacturerName>,</ManufacturerName>
      <ManufactureCountry>לא ידוע</ManufactureCountry>
      <ManufacturerItemDescription>שימורי ביצי דג זהבנון 185 גר</ManufacturerItemDescription>
      <UnitQty>גרמים</UnitQty>
      <Quantity>185.00</Quantity>
      <UnitOfMeasure>100 גרם</UnitOfMeasure>
      <bIsWeighted>0</bIsWeighted>
      <QtyInPackage>1</QtyInPackage>
      <ItemPrice>13.90</ItemPrice>
      <UnitOfMeasurePrice>7.5135</UnitOfMeasurePrice>
      <AllowDiscount>1</AllowDiscount>
      <ItemStatus>1</ItemStatus>
      <ItemId>60871</ItemId>
    </Item>
    <Item>
      <PriceUpdateDate>2024-11-22 08:33:37</PriceUpdateDate>
      <ItemCode>645173863351</ItemCode>
      <ItemType>0</ItemType>
      <ItemName>שימורי ביצי דג מעושן</ItemName>
      <ManufacturerName>,</ManufacturerName>
      <ManufactureCountry>לא ידוע</ManufactureCountry>
      <ManufacturerItemDescription>שימורי ביצי דג מעושן זהבנון 185 גר</ManufacturerItemDescription>
      <UnitQty>גרמים</UnitQty>
      <Quantity>185.00</Quantity>
      <UnitOfMeasure>100 גרם</UnitOfMeasure>
      <bIsWeighted>0</bIsWeighted>
      <QtyInPackage>1</QtyInPackage>
      <ItemPrice>13.90</ItemPrice>
      <UnitOfMeasurePrice>7.5135</UnitOfMeasurePrice>
      <AllowDiscount>1</AllowDiscount>
      <ItemStatus>1</ItemStatus>
      <ItemId>60872</ItemId>
    </Item>
    <Item>
      <PriceUpdateDate>2023-12-31 12:49:27</PriceUpdateDate>
      <ItemCode>5901483082970</ItemCode>
      <ItemType>1</ItemType>
      <ItemName>חליטת ורדי בר פרי של</ItemName>
      <ManufacturerName>,</ManufacturerName>
      <ManufactureCountry>לא ידוע</ManufactureCountry>
      <ManufacturerItemDescription>חליטת ורדי בר פרי שלם 100 גר</ManufacturerItemDescription>
      <UnitQty>גרמים</UnitQty>
      <Quantity>100.00</Quantity>
      <UnitOfMeasure>100 גרם</UnitOfMeasure>
      <bIsWeighted>0</bIsWeighted>
      <QtyInPackage>1</QtyInPackage>
      <ItemPrice>13.90</ItemPrice>
      <UnitOfMeasurePrice>13.9000</UnitOfMeasurePrice>
      <AllowDiscount>1</AllowDiscount>
      <ItemStatus>1</ItemStatus>
      <ItemId>60876</ItemId>
    </Item>
    <Item>
      <PriceUpdateDate>2023-12-31 12:49:27</PriceUpdateDate>
      <ItemCode>9002859063770</ItemCode>
      <ItemType>1</ItemType>
      <ItemName>קרקר שומשום סירטיני</ItemName>
      <ManufacturerName>,</ManufacturerName>
      <ManufactureCountry>לא ידוע</ManufactureCountry>
      <ManufacturerItemDescription>קרקר שומשום סירטיני 250 גר</ManufacturerItemDescription>
      <UnitQty>גרמים</UnitQty>
      <Quantity>250.00</Quantity>
      <UnitOfMeasure>100 גרם</UnitOfMeasure>
      <bIsWeighted>0</bIsWeighted>
      <QtyInPackage>1</QtyInPackage>
      <ItemPrice>11.90</ItemPrice>
      <UnitOfMeasurePrice>4.7600</UnitOfMeasurePrice>
      <AllowDiscount>1</AllowDiscount>
      <ItemStatus>1</ItemStatus>
      <ItemId>60891</ItemId>
    </Item>
    <Item>
      <PriceUpdateDate>2025-03-06 19:07:23</PriceUpdateDate>
      <ItemCode>4823077621154</ItemCode>
      <ItemType>1</ItemType>
      <ItemName>בטונציק שוקולד רושן</ItemName>
      <ManufacturerName>רושן</ManufacturerName>
      <ManufactureCountry>לא ידוע</ManufactureCountry>
      <ManufacturerItemDescription>בטונציק שוקולד רושן ממולא 43 גר</ManufacturerItemDescription>
      <UnitQty>גרמים</UnitQty>
      <Quantity>43.00</Quantity>
      <UnitOfMeasure>100 גרם</UnitOfMeasure>
      <bIsWeighted>0</bIsWeighted>
      <QtyInPackage>1</QtyInPackage>
      <ItemPrice>5.90</ItemPrice>
      <UnitOfMeasurePrice>13.7209</UnitOfMeasurePrice>
      <AllowDiscount>1</AllowDiscount>
      <ItemStatus>1</ItemStatus>
      <ItemId>60895</ItemId>
    </Item>
    <Item>
      <PriceUpdateDate>2023-12-31 12:49:27</PriceUpdateDate>
      <ItemCode>6431</ItemCode>
      <ItemType>0</ItemType>
      <ItemName>גבינה ברי לה פולה</ItemName>
      <ManufacturerName>,</ManufacturerName>
      <ManufactureCountry>לא ידוע</ManufactureCountry>
      <ManufacturerItemDescription>גבינה ברי לה פולה</ManufacturerItemDescription>
      <UnitQty>קילוגרמים</UnitQty>
      <Quantity>1.00</Quantity>
      <UnitOfMeasure>ק"ג</UnitOfMeasure>
      <bIsWeighted>1</bIsWeighted>
      <QtyInPackage>לא ידוע</QtyInPackage>
      <ItemPrice>119.00</ItemPrice>
      <UnitOfMeasurePrice>119.0000</UnitOfMeasurePrice>
      <AllowDiscount>1</AllowDiscount>
      <ItemStatus>1</ItemStatus>
      <ItemId>60897</ItemId>
    </Item>
    <Item>
      <PriceUpdateDate>2025-08-21 10:53:11</PriceUpdateDate>
      <ItemCode>7290001567708</ItemCode>
      <ItemType>1</ItemType>
      <ItemName>נקניקיות וינר ללא חו</ItemName>
      <ManufacturerName>,</ManufacturerName>
      <ManufactureCountry>לא ידוע</ManufactureCountry>
      <ManufacturerItemDescription>נקניקיות וינר ללא חומרים משומרים 400 גר</ManufacturerItemDescription>
      <UnitQty>גרמים</UnitQty>
      <Quantity>400.00</Quantity>
      <UnitOfMeasure>100 גרם</UnitOfMeasure>
      <bIsWeighted>0</bIsWeighted>
      <QtyInPackage>1</QtyInPackage>
      <ItemPrice>16.90</ItemPrice>
      <UnitOfMeasurePrice>4.2250</UnitOfMeasurePrice>
      <AllowDiscount>1</AllowDiscount>
      <ItemStatus>1</ItemStatus>
      <ItemId>60907</ItemId>
    </Item>
    <Item>
      <PriceUpdateDate>2024-01-02 00:48:36</PriceUpdateDate>
      <ItemCode>346</ItemCode>
      <ItemType>0</ItemType>
      <ItemName>שינקן וירגיניה מעושן</ItemName>
      <ManufacturerName>,</ManufacturerName>
      <ManufactureCountry>לא ידוע</ManufactureCountry>
      <ManufacturerItemDescription>שינקן וירגיניה מעושן</ManufacturerItemDescription>
      <UnitQty>קילוגרמים</UnitQty>
      <Quantity>1.00</Quantity>
      <UnitOfMeasure>ק"ג</UnitOfMeasure>
      <bIsWeighted>1</bIsWeighted>
      <QtyInPackage>לא ידוע</QtyInPackage>
      <ItemPrice>169.00</ItemPrice>
      <UnitOfMeasurePrice>169.0000</UnitOfMeasurePrice>
      <AllowDiscount>1</AllowDiscount>
      <ItemStatus>1</ItemStatus>
      <ItemId>60930</ItemId>
    </Item>
    <Item>
      <PriceUpdateDate>2024-11-03 14:19:36</PriceUpdateDate>
      <ItemCode>1346</ItemCode>
      <ItemType>0</ItemType>
      <ItemName>שינקן פולני</ItemName>
      <ManufacturerName>,</ManufacturerName>
      <ManufactureCountry>לא ידוע</ManufactureCountry>
      <ManufacturerItemDescription>שינקן פולני</ManufacturerItemDescription>
      <UnitQty>קילוגרמים</UnitQty>
      <Quantity>1.00</Quantity>
      <UnitOfMeasure>ק"ג</UnitOfMeasure>
      <bIsWeighted>1</bIsWeighted>
      <QtyInPackage>לא ידוע</QtyInPackage>
      <ItemPrice>179.00</ItemPrice>
      <UnitOfMeasurePrice>179.0000</UnitOfMeasurePrice>
      <AllowDiscount>1</AllowDiscount>
      <ItemStatus>1</ItemStatus>
      <ItemId>60931</ItemId>
    </Item>
    <Item>
      <PriceUpdateDate>2023-12-31 12:49:27</PriceUpdateDate>
      <ItemCode>7290008670920</ItemCode>
      <ItemType>1</ItemType>
      <ItemName>יין רקנאטי גליל עליו</ItemName>
      <ManufacturerName>,</ManufacturerName>
      <ManufactureCountry>לא ידוע</ManufactureCountry>
      <ManufacturerItemDescription>יין רקנאטי גליל עליון מרלו 750 מ"ל</ManufacturerItemDescription>
      <UnitQty>מיליליטרים</UnitQty>
      <Quantity>750.00</Quantity>
      <UnitOfMeasure>100 מ"ל</UnitOfMeasure>
      <bIsWeighted>0</bIsWeighted>
      <QtyInPackage>1</QtyInPackage>
      <ItemPrice>59.90</ItemPrice>
      <UnitOfMeasurePrice>7.9867</UnitOfMeasurePrice>
      <AllowDiscount>1</AllowDiscount>
      <ItemStatus>1</ItemStatus>
      <ItemId>60945</ItemId>
    </Item>
    <Item>
      <PriceUpdateDate>2023-12-31 12:49:27</PriceUpdateDate>
      <ItemCode>8718114734484</ItemCode>
      <ItemType>1</ItemType>
      <ItemName>מיונז מיילי 320 גר</ItemName>
      <ManufacturerName>,</ManufacturerName>
      <ManufactureCountry>לא ידוע</ManufactureCountry>
      <ManufacturerItemDescription>מיונז מיילי 320 גר</ManufacturerItemDescription>
      <UnitQty>גרמים</UnitQty>
      <Quantity>320.00</Quantity>
      <UnitOfMeasure>100 גרם</UnitOfMeasure>
      <bIsWeighted>0</bIsWeighted>
      <QtyInPackage>1</QtyInPackage>
      <ItemPrice>22.90</ItemPrice>
      <UnitOfMeasurePrice>7.1562</UnitOfMeasurePrice>
      <AllowDiscount>1</AllowDiscount>
      <ItemStatus>1</ItemStatus>
      <ItemId>60951</ItemId>
    </Item>
    <Item>
      <PriceUpdateDate>2023-12-31 12:49:27</PriceUpdateDate>
      <ItemCode>8594006931328</ItemCode>
      <ItemType>1</ItemType>
      <ItemName>בירה פרימטור וויצן 5</ItemName>
      <ManufacturerName>,</ManufacturerName>
      <ManufactureCountry>לא ידוע</ManufactureCountry>
      <ManufacturerItemDescription>בירה פרימטור וויצן 500 מ"ל</ManufacturerItemDescription>
      <UnitQty>מיליליטרים</UnitQty>
      <Quantity>500.00</Quantity>
      <UnitOfMeasure>100 מ"ל</UnitOfMeasure>
      <bIsWeighted>0</bIsWeighted>
      <QtyInPackage>1</QtyInPackage>
      <ItemPrice>11.90</ItemPrice>
      <UnitOfMeasurePrice>2.3800</UnitOfMeasurePrice>
      <AllowDiscount>1</AllowDiscount>
      <ItemStatus>1</ItemStatus>
      <ItemId>60956</ItemId>
    </Item>
    <Item>
      <PriceUpdateDate>2024-07-25 08:46:36</PriceUpdateDate>
      <ItemCode>4022025371039</ItemCode>
      <ItemType>1</ItemType>
      <ItemName>יין מבעבע בלו נאן חצ</ItemName>
      <ManufacturerName>,</ManufacturerName>
      <ManufactureCountry>לא ידוע</ManufactureCountry>
      <ManufacturerItemDescription>יין מבעבע בלו נאן חצי יבש 750 מ"ל</ManufacturerItemDescription>
      <UnitQty>מיליליטרים</UnitQty>
      <Quantity>750.00</Quantity>
      <UnitOfMeasure>100 מ"ל</UnitOfMeasure>
      <bIsWeighted>0</bIsWeighted>
      <QtyInPackage>1</QtyInPackage>
      <ItemPrice>49.90</ItemPrice>
      <UnitOfMeasurePrice>6.6533</UnitOfMeasurePrice>
      <AllowDiscount>1</AllowDiscount>
      <ItemStatus>1</ItemStatus>
      <ItemId>60972</ItemId>
    </Item>
    <Item>
      <PriceUpdateDate>2024-06-07 08:33:25</PriceUpdateDate>
      <ItemCode>4620015851082</ItemCode>
      <ItemType>1</ItemType>
      <ItemName>תה שחור ארל גריי 200</ItemName>
      <ManufacturerName>או א.או מאי קומפני</ManufacturerName>
      <ManufactureCountry>לא ידוע</ManufactureCountry>
      <ManufacturerItemDescription>תה שחור  RICHARD ארל גריי 100 שק</ManufacturerItemDescription>
      <UnitQty>גרמים</UnitQty>
      <Quantity>200.00</Quantity>
      <UnitOfMeasure>100 גרם</UnitOfMeasure>
      <bIsWeighted>0</bIsWeighted>
      <QtyInPackage>1</QtyInPackage>
      <ItemPrice>24.90</ItemPrice>
      <UnitOfMeasurePrice>12.4500</UnitOfMeasurePrice>
      <AllowDiscount>1</AllowDiscount>
      <ItemStatus>1</ItemStatus>
      <ItemId>60983</ItemId>
    </Item>
    <Item>
      <PriceUpdateDate>2024-05-05 08:49:41</PriceUpdateDate>
      <ItemCode>4607051159945</ItemCode>
      <ItemType>1</ItemType>
      <ItemName>תה RICHARD ROYAL CEY</ItemName>
      <ManufacturerName>או א.או מאי קומפני</ManufacturerName>
      <ManufactureCountry>לא ידוע</ManufactureCountry>
      <ManufacturerItemDescription>תה RICHARD ROYAL CEYLON 100</ManufacturerItemDescription>
      <UnitQty>Unknown </UnitQty>
      <Quantity>0.00</Quantity>
      <UnitOfMeasure>Unknown </UnitOfMeasure>
      <bIsWeighted>0</bIsWeighted>
      <QtyInPackage>1</QtyInPackage>
      <ItemPrice>21.90</ItemPrice>
      <UnitOfMeasurePrice>0.0000</UnitOfMeasurePrice>
      <AllowDiscount>1</AllowDiscount>
      <ItemStatus>1</ItemStatus>
      <ItemId>60986</ItemId>
    </Item>
    <Item>
      <PriceUpdateDate>2023-12-31 12:49:28</PriceUpdateDate>
      <ItemCode>7290000679188</ItemCode>
      <ItemType>1</ItemType>
      <ItemName>דג קט פיש</ItemName>
      <ManufacturerName>,</ManufacturerName>
      <ManufactureCountry>לא ידוע</ManufactureCountry>
      <ManufacturerItemDescription>דג קט פיש</ManufacturerItemDescription>
      <UnitQty>קילוגרמים</UnitQty>
      <Quantity>1.00</Quantity>
      <UnitOfMeasure>ק"ג</UnitOfMeasure>
      <bIsWeighted>1</bIsWeighted>
      <QtyInPackage>לא ידוע</QtyInPackage>
      <ItemPrice>34.90</ItemPrice>
      <UnitOfMeasurePrice>34.9000</UnitOfMeasurePrice>
      <AllowDiscount>1</AllowDiscount>
      <ItemStatus>1</ItemStatus>
      <ItemId>61182</ItemId>
    </Item>
    <Item>
      <PriceUpdateDate>2024-09-02 10:50:43</PriceUpdateDate>
      <ItemCode>11918</ItemCode>
      <ItemType>0</ItemType>
      <ItemName>פולני אלכסון</ItemName>
      <ManufacturerName>,</ManufacturerName>
      <ManufactureCountry>לא ידוע</ManufactureCountry>
      <ManufacturerItemDescription>פולני אלכסון</ManufacturerItemDescription>
      <UnitQty>קילוגרמים</UnitQty>
      <Quantity>1.00</Quantity>
      <UnitOfMeasure>ק"ג</UnitOfMeasure>
      <bIsWeighted>1</bIsWeighted>
      <QtyInPackage>לא ידוע</QtyInPackage>
      <ItemPrice>106.00</ItemPrice>
      <UnitOfMeasurePrice>106.0000</UnitOfMeasurePrice>
      <AllowDiscount>1</AllowDiscount>
      <ItemStatus>1</ItemStatus>
      <ItemId>61185</ItemId>
    </Item>
    <Item>
      <PriceUpdateDate>2025-08-12 12:29:44</PriceUpdateDate>
      <ItemCode>8594053490465</ItemCode>
      <ItemType>1</ItemType>
      <ItemName>בירה פראזצקה בהירה מ</ItemName>
      <ManufacturerName>,</ManufacturerName>
      <ManufactureCountry>לא ידוע</ManufactureCountry>
      <ManufacturerItemDescription>בירה פראזצקה בהירה מפוסטר 500 מ"ל</ManufacturerItemDescription>
      <UnitQty>מיליליטרים</UnitQty>
      <Quantity>500.00</Quantity>
      <UnitOfMeasure>100 מ"ל</UnitOfMeasure>
      <bIsWeighted>0</bIsWeighted>
      <QtyInPackage>1</QtyInPackage>
      <ItemPrice>12.90</ItemPrice>
      <UnitOfMeasurePrice>2.5800</UnitOfMeasurePrice>
      <AllowDiscount>1</AllowDiscount>
      <ItemStatus>1</ItemStatus>
      <ItemId>61217</ItemId>
    </Item>
    <Item>
      <PriceUpdateDate>2025-06-03 08:38:05</PriceUpdateDate>
      <ItemCode>4607002997633</ItemCode>
      <ItemType>1</ItemType>
      <ItemName>אדגיקה ממרח פיקנטי ד</ItemName>
      <ManufacturerName>,</ManufacturerName>
      <ManufactureCountry>לא ידוע</ManufactureCountry>
      <ManufacturerItemDescription>אדגיקה ממרח פיקנטי  דיאדיה וניה 460 גר</ManufacturerItemDescription>
      <UnitQty>גרמים</UnitQty>
      <Quantity>460.00</Quantity>
      <UnitOfMeasure>100 גרם</UnitOfMeasure>
      <bIsWeighted>0</bIsWeighted>
      <QtyInPackage>1</QtyInPackage>
      <ItemPrice>14.90</ItemPrice>
      <UnitOfMeasurePrice>3.2391</UnitOfMeasurePrice>
      <AllowDiscount>1</AllowDiscount>
      <ItemStatus>1</ItemStatus>
      <ItemId>61265</ItemId>
    </Item>
    <Item>
      <PriceUpdateDate>2023-12-31 12:49:29</PriceUpdateDate>
      <ItemCode>4605627003142</ItemCode>
      <ItemType>1</ItemType>
      <ItemName>פרוטיס משמש/מנגו/פיר</ItemName>
      <ManufacturerName>,</ManufacturerName>
      <ManufactureCountry>לא ידוע</ManufactureCountry>
      <ManufacturerItemDescription>פרוטיס משמש/מנגו/פירות יער 115 גר</ManufacturerItemDescription>
      <UnitQty>גרמים</UnitQty>
      <Quantity>115.00</Quantity>
      <UnitOfMeasure>100 גרם</UnitOfMeasure>
      <bIsWeighted>0</bIsWeighted>
      <QtyInPackage>1</QtyInPackage>
      <ItemPrice>4.90</ItemPrice>
      <UnitOfMeasurePrice>4.2609</UnitOfMeasurePrice>
      <AllowDiscount>1</AllowDiscount>
      <ItemStatus>1</ItemStatus>
      <ItemId>61344</ItemId>
    </Item>
    <Item>
      <PriceUpdateDate>2023-12-31 12:49:29</PriceUpdateDate>
      <ItemCode>4605627003128</ItemCode>
      <ItemType>1</ItemType>
      <ItemName>פרוטיס אננס/מלון/פטל</ItemName>
      <ManufacturerName>,</ManufacturerName>
      <ManufactureCountry>לא ידוע</ManufactureCountry>
      <ManufacturerItemDescription>פרוטיס אננס/מלון/פטל  115 גר</ManufacturerItemDescription>
      <UnitQty>גרמים</UnitQty>
      <Quantity>115.00</Quantity>
      <UnitOfMeasure>100 גרם</UnitOfMeasure>
      <bIsWeighted>0</bIsWeighted>
      <QtyInPackage>1</QtyInPackage>
      <ItemPrice>4.90</ItemPrice>
      <UnitOfMeasurePrice>4.2609</UnitOfMeasurePrice>
      <AllowDiscount>1</AllowDiscount>
      <ItemStatus>1</ItemStatus>
      <ItemId>61345</ItemId>
    </Item>
    <Item>
      <PriceUpdateDate>2023-12-31 12:49:29</PriceUpdateDate>
      <ItemCode>4605627007409</ItemCode>
      <ItemType>1</ItemType>
      <ItemName>פרוטיס אגס/וניל/דובד</ItemName>
      <ManufacturerName>,</ManufacturerName>
      <ManufactureCountry>לא ידוע</ManufactureCountry>
      <ManufacturerItemDescription>פרוטיס אגס/וניל/דובדבן פלומביר 115 גר</ManufacturerItemDescription>
      <UnitQty>גרמים</UnitQty>
      <Quantity>115.00</Quantity>
      <UnitOfMeasure>100 גרם</UnitOfMeasure>
      <bIsWeighted>0</bIsWeighted>
      <QtyInPackage>1</QtyInPackage>
      <ItemPrice>4.90</ItemPrice>
      <UnitOfMeasurePrice>4.2609</UnitOfMeasurePrice>
      <AllowDiscount>1</AllowDiscount>
      <ItemStatus>1</ItemStatus>
      <ItemId>61346</ItemId>
    </Item>
    <Item>
      <PriceUpdateDate>2023-12-31 12:49:29</PriceUpdateDate>
      <ItemCode>4605627003104</ItemCode>
      <ItemType>1</ItemType>
      <ItemName>פרוטיס אפרסק/פסיפלור</ItemName>
      <ManufacturerName>,</ManufacturerName>
      <ManufactureCountry>לא ידוע</ManufactureCountry>
      <ManufacturerItemDescription>פרוטיס אפרסק/פסיפלורה/דובדבן 115 גר</ManufacturerItemDescription>
      <UnitQty>גרמים</UnitQty>
      <Quantity>115.00</Quantity>
      <UnitOfMeasure>100 גרם</UnitOfMeasure>
      <bIsWeighted>0</bIsWeighted>
      <QtyInPackage>1</QtyInPackage>
      <ItemPrice>4.90</ItemPrice>
      <UnitOfMeasurePrice>4.2609</UnitOfMeasurePrice>
      <AllowDiscount>1</AllowDiscount>
      <ItemStatus>1</ItemStatus>
      <ItemId>61347</ItemId>
    </Item>
    <Item>
      <PriceUpdateDate>2023-12-31 12:49:29</PriceUpdateDate>
      <ItemCode>4605627003166</ItemCode>
      <ItemType>1</ItemType>
      <ItemName>פרוטיס תות שדה/תפוח/</ItemName>
      <ManufacturerName>,</ManufacturerName>
      <ManufactureCountry>לא ידוע</ManufactureCountry>
      <ManufacturerItemDescription>פרוטיס תות שדה/תפוח/אגס 115 גר</ManufacturerItemDescription>
      <UnitQty>גרמים</UnitQty>
      <Quantity>115.00</Quantity>
      <UnitOfMeasure>100 גרם</UnitOfMeasure>
      <bIsWeighted>0</bIsWeighted>
      <QtyInPackage>1</QtyInPackage>
      <ItemPrice>4.90</ItemPrice>
      <UnitOfMeasurePrice>4.2609</UnitOfMeasurePrice>
      <AllowDiscount>1</AllowDiscount>
      <ItemStatus>1</ItemStatus>
      <ItemId>61348</ItemId>
    </Item>
    <Item>
      <PriceUpdateDate>2023-12-31 12:49:29</PriceUpdateDate>
      <ItemCode>4605627007485</ItemCode>
      <ItemType>1</ItemType>
      <ItemName>פרוטיס בננה/ספליט/פי</ItemName>
      <ManufacturerName>,</ManufacturerName>
      <ManufactureCountry>לא ידוע</ManufactureCountry>
      <ManufacturerItemDescription>פרוטיס בננה/ספליט/פינקולדה 115 גר</ManufacturerItemDescription>
      <UnitQty>גרמים</UnitQty>
      <Quantity>115.00</Quantity>
      <UnitOfMeasure>100 גרם</UnitOfMeasure>
      <bIsWeighted>0</bIsWeighted>
      <QtyInPackage>1</QtyInPackage>
      <ItemPrice>4.90</ItemPrice>
      <UnitOfMeasurePrice>4.2609</UnitOfMeasurePrice>
      <AllowDiscount>1</AllowDiscount>
      <ItemStatus>1</ItemStatus>
      <ItemId>61349</ItemId>
    </Item>
    <Item>
      <PriceUpdateDate>2023-12-31 12:49:29</PriceUpdateDate>
      <ItemCode>2267</ItemCode>
      <ItemType>0</ItemType>
      <ItemName>גבינה גאודה מולן מיו</ItemName>
      <ManufacturerName>,</ManufacturerName>
      <ManufactureCountry>לא ידוע</ManufactureCountry>
      <ManufacturerItemDescription>גבינה גאודה מולן מיושן</ManufacturerItemDescription>
      <UnitQty>קילוגרמים</UnitQty>
      <Quantity>1.00</Quantity>
      <UnitOfMeasure>ק"ג</UnitOfMeasure>
      <bIsWeighted>1</bIsWeighted>
      <QtyInPackage>לא ידוע</QtyInPackage>
      <ItemPrice>109.00</ItemPrice>
      <UnitOfMeasurePrice>109.0000</UnitOfMeasurePrice>
      <AllowDiscount>1</AllowDiscount>
      <ItemStatus>1</ItemStatus>
      <ItemId>61404</ItemId>
    </Item>
    <Item>
      <PriceUpdateDate>2023-12-31 12:49:29</PriceUpdateDate>
      <ItemCode>2268</ItemCode>
      <ItemType>0</ItemType>
      <ItemName>גבינת עיזים גאודה מי</ItemName>
      <ManufacturerName>,</ManufacturerName>
      <ManufactureCountry>לא ידוע</ManufactureCountry>
      <ManufacturerItemDescription>גבינה עיזים  גאודה  מיושן</ManufacturerItemDescription>
      <UnitQty>קילוגרמים</UnitQty>
      <Quantity>1.00</Quantity>
      <UnitOfMeasure>ק"ג</UnitOfMeasure>
      <bIsWeighted>1</bIsWeighted>
      <QtyInPackage>לא ידוע</QtyInPackage>
      <ItemPrice>159.00</ItemPrice>
      <UnitOfMeasurePrice>159.0000</UnitOfMeasurePrice>
      <AllowDiscount>1</AllowDiscount>
      <ItemStatus>1</ItemStatus>
      <ItemId>61405</ItemId>
    </Item>
    <Item>
      <PriceUpdateDate>2024-11-19 15:35:06</PriceUpdateDate>
      <ItemCode>4770265045264</ItemCode>
      <ItemType>1</ItemType>
      <ItemName>דייסת סבליה שיבולת ש</ItemName>
      <ManufacturerName>,</ManufacturerName>
      <ManufactureCountry>לא ידוע</ManufactureCountry>
      <ManufacturerItemDescription>דייסת סבליה שיבולת שועל 200 גר</ManufacturerItemDescription>
      <UnitQty>גרמים</UnitQty>
      <Quantity>200.00</Quantity>
      <UnitOfMeasure>100 גרם</UnitOfMeasure>
      <bIsWeighted>0</bIsWeighted>
      <QtyInPackage>1</QtyInPackage>
      <ItemPrice>9.90</ItemPrice>
      <UnitOfMeasurePrice>4.9500</UnitOfMeasurePrice>
      <AllowDiscount>1</AllowDiscount>
      <ItemStatus>1</ItemStatus>
      <ItemId>61410</ItemId>
    </Item>
    <Item>
      <PriceUpdateDate>2024-11-19 15:35:06</PriceUpdateDate>
      <ItemCode>4770265046568</ItemCode>
      <ItemType>1</ItemType>
      <ItemName>דייסת סבליה אורז עם</ItemName>
      <ManufacturerName>,</ManufacturerName>
      <ManufactureCountry>לא ידוע</ManufactureCountry>
      <ManufacturerItemDescription>דייסת סבליה אורז עם משמש 200 גר</ManufacturerItemDescription>
      <UnitQty>גרמים</UnitQty>
      <Quantity>200.00</Quantity>
      <UnitOfMeasure>100 גרם</UnitOfMeasure>
      <bIsWeighted>0</bIsWeighted>
      <QtyInPackage>1</QtyInPackage>
      <ItemPrice>9.90</ItemPrice>
      <UnitOfMeasurePrice>4.9500</UnitOfMeasurePrice>
      <AllowDiscount>1</AllowDiscount>
      <ItemStatus>1</ItemStatus>
      <ItemId>61413</ItemId>
    </Item>
    <Item>
      <PriceUpdateDate>2024-11-06 16:48:23</PriceUpdateDate>
      <ItemCode>4605246010057</ItemCode>
      <ItemType>1</ItemType>
      <ItemName>תה טס פלאזה 200 גר</ItemName>
      <ManufacturerName>קרסניי אוקטברי</ManufacturerName>
      <ManufactureCountry>לא ידוע</ManufactureCountry>
      <ManufacturerItemDescription>תה "טס" פלאזה 200 גר</ManufacturerItemDescription>
      <UnitQty>גרמים</UnitQty>
      <Quantity>200.00</Quantity>
      <UnitOfMeasure>100 גרם</UnitOfMeasure>
      <bIsWeighted>0</bIsWeighted>
      <QtyInPackage>1</QtyInPackage>
      <ItemPrice>19.90</ItemPrice>
      <UnitOfMeasurePrice>9.9500</UnitOfMeasurePrice>
      <AllowDiscount>1</AllowDiscount>
      <ItemStatus>1</ItemStatus>
      <ItemId>61460</ItemId>
    </Item>
    <Item>
      <PriceUpdateDate>2024-11-06 16:48:23</PriceUpdateDate>
      <ItemCode>4605246013492</ItemCode>
      <ItemType>1</ItemType>
      <ItemName>תה טס ארל גריי 200 ג</ItemName>
      <ManufacturerName>קרסניי אוקטברי</ManufacturerName>
      <ManufactureCountry>לא ידוע</ManufactureCountry>
      <ManufacturerItemDescription>תה "טס" ארל גריי 200 גר</ManufacturerItemDescription>
      <UnitQty>גרמים</UnitQty>
      <Quantity>200.00</Quantity>
      <UnitOfMeasure>100 גרם</UnitOfMeasure>
      <bIsWeighted>0</bIsWeighted>
      <QtyInPackage>1</QtyInPackage>
      <ItemPrice>19.90</ItemPrice>
      <UnitOfMeasurePrice>9.9500</UnitOfMeasurePrice>
      <AllowDiscount>1</AllowDiscount>
      <ItemStatus>1</ItemStatus>
      <ItemId>61461</ItemId>
    </Item>
    <Item>
      <PriceUpdateDate>2024-11-22 08:30:12</PriceUpdateDate>
      <ItemCode>4820143330828</ItemCode>
      <ItemType>1</ItemType>
      <ItemName>בסיס וופל למאפה סלסל</ItemName>
      <ManufacturerName>לקורנה</ManufacturerName>
      <ManufactureCountry>לא ידוע</ManufactureCountry>
      <ManufacturerItemDescription>בסיס וופל למאפה סלסלה לקורנה 20 גר</ManufacturerItemDescription>
      <UnitQty>גרמים</UnitQty>
      <Quantity>20.00</Quantity>
      <UnitOfMeasure>100 גרם</UnitOfMeasure>
      <bIsWeighted>0</bIsWeighted>
      <QtyInPackage>1</QtyInPackage>
      <ItemPrice>4.90</ItemPrice>
      <UnitOfMeasurePrice>24.5000</UnitOfMeasurePrice>
      <AllowDiscount>1</AllowDiscount>
      <ItemStatus>1</ItemStatus>
      <ItemId>61462</ItemId>
    </Item>
    <Item>
      <PriceUpdateDate>2023-12-31 12:49:30</PriceUpdateDate>
      <ItemCode>8003740005801</ItemCode>
      <ItemType>1</ItemType>
      <ItemName>ספגטי חיטה מלאה אריג</ItemName>
      <ManufacturerName>,</ManufacturerName>
      <ManufactureCountry>לא ידוע</ManufactureCountry>
      <ManufacturerItemDescription>ספגטי חיטה מלאה אריגי 500 גר</ManufacturerItemDescription>
      <UnitQty>גרמים</UnitQty>
      <Quantity>500.00</Quantity>
      <UnitOfMeasure>100 גרם</UnitOfMeasure>
      <bIsWeighted>0</bIsWeighted>
      <QtyInPackage>1</QtyInPackage>
      <ItemPrice>9.90</ItemPrice>
      <UnitOfMeasurePrice>1.9800</UnitOfMeasurePrice>
      <AllowDiscount>1</AllowDiscount>
      <ItemStatus>1</ItemStatus>
      <ItemId>61501</ItemId>
    </Item>
    <Item>
      <PriceUpdateDate>2023-12-31 12:49:30</PriceUpdateDate>
      <ItemCode>8003740088088</ItemCode>
      <ItemType>1</ItemType>
      <ItemName>פסטה אריגי טליאטלה 5</ItemName>
      <ManufacturerName>,</ManufacturerName>
      <ManufactureCountry>לא ידוע</ManufactureCountry>
      <ManufacturerItemDescription>פסטה טליאטלה אריגאי איטליה 500 גר</ManufacturerItemDescription>
      <UnitQty>גרמים</UnitQty>
      <Quantity>500.00</Quantity>
      <UnitOfMeasure>100 גרם</UnitOfMeasure>
      <bIsWeighted>0</bIsWeighted>
      <QtyInPackage>1</QtyInPackage>
      <ItemPrice>8.90</ItemPrice>
      <UnitOfMeasurePrice>1.7800</UnitOfMeasurePrice>
      <AllowDiscount>1</AllowDiscount>
      <ItemStatus>1</ItemStatus>
      <ItemId>61504</ItemId>
    </Item>
    <Item>
      <PriceUpdateDate>2025-02-02 07:39:56</PriceUpdateDate>
      <ItemCode>7290112770257</ItemCode>
      <ItemType>0</ItemType>
      <ItemName>פשטידת בטטה 600 גר</ItemName>
      <ManufacturerName>,</ManufacturerName>
      <ManufactureCountry>לא ידוע</ManufactureCountry>
      <ManufacturerItemDescription>פשטידת בטטה 600 גר</ManufacturerItemDescription>
      <UnitQty>גרמים</UnitQty>
      <Quantity>600.00</Quantity>
      <UnitOfMeasure>100 גרם</UnitOfMeasure>
      <bIsWeighted>0</bIsWeighted>
      <QtyInPackage>1</QtyInPackage>
      <ItemPrice>49.90</ItemPrice>
      <UnitOfMeasurePrice>8.3167</UnitOfMeasurePrice>
      <AllowDiscount>1</AllowDiscount>
      <ItemStatus>1</ItemStatus>
      <ItemId>61510</ItemId>
    </Item>
    <Item>
      <PriceUpdateDate>2025-02-02 07:39:56</PriceUpdateDate>
      <ItemCode>7290112770271</ItemCode>
      <ItemType>0</ItemType>
      <ItemName>פשטידת בצל 600 גר</ItemName>
      <ManufacturerName>,</ManufacturerName>
      <ManufactureCountry>לא ידוע</ManufactureCountry>
      <ManufacturerItemDescription>פשטידת בצל 600 גר</ManufacturerItemDescription>
      <UnitQty>גרמים</UnitQty>
      <Quantity>600.00</Quantity>
      <UnitOfMeasure>100 גרם</UnitOfMeasure>
      <bIsWeighted>0</bIsWeighted>
      <QtyInPackage>1</QtyInPackage>
      <ItemPrice>49.90</ItemPrice>
      <UnitOfMeasurePrice>8.3167</UnitOfMeasurePrice>
      <AllowDiscount>1</AllowDiscount>
      <ItemStatus>1</ItemStatus>
      <ItemId>61511</ItemId>
    </Item>
    <Item>
      <PriceUpdateDate>2025-02-02 07:39:56</PriceUpdateDate>
      <ItemCode>7290112770264</ItemCode>
      <ItemType>0</ItemType>
      <ItemName>פשטידת פלפלים 600 גר</ItemName>
      <ManufacturerName>,</ManufacturerName>
      <ManufactureCountry>לא ידוע</ManufactureCountry>
      <ManufacturerItemDescription>פשטידת פלפלים 600 גר</ManufacturerItemDescription>
      <UnitQty>גרמים</UnitQty>
      <Quantity>600.00</Quantity>
      <UnitOfMeasure>100 גרם</UnitOfMeasure>
      <bIsWeighted>0</bIsWeighted>
      <QtyInPackage>1</QtyInPackage>
      <ItemPrice>49.90</ItemPrice>
      <UnitOfMeasurePrice>8.3167</UnitOfMeasurePrice>
      <AllowDiscount>1</AllowDiscount>
      <ItemStatus>1</ItemStatus>
      <ItemId>61512</ItemId>
    </Item>
    <Item>
      <PriceUpdateDate>2025-02-02 07:39:56</PriceUpdateDate>
      <ItemCode>7290112770288</ItemCode>
      <ItemType>0</ItemType>
      <ItemName>פשטידת ברוקולי 600 ג</ItemName>
      <ManufacturerName>,</ManufacturerName>
      <ManufactureCountry>לא ידוע</ManufactureCountry>
      <ManufacturerItemDescription>פשטידת ברוקולי 600 גר</ManufacturerItemDescription>
      <UnitQty>גרמים</UnitQty>
      <Quantity>600.00</Quantity>
      <UnitOfMeasure>100 גרם</UnitOfMeasure>
      <bIsWeighted>0</bIsWeighted>
      <QtyInPackage>1</QtyInPackage>
      <ItemPrice>49.90</ItemPrice>
      <UnitOfMeasurePrice>8.3167</UnitOfMeasurePrice>
      <AllowDiscount>1</AllowDiscount>
      <ItemStatus>1</ItemStatus>
      <ItemId>61513</ItemId>
    </Item>
    <Item>
      <PriceUpdateDate>2025-02-02 07:39:56</PriceUpdateDate>
      <ItemCode>7290112770240</ItemCode>
      <ItemType>0</ItemType>
      <ItemName>פשטידת כרובית 600 גר</ItemName>
      <ManufacturerName>,</ManufacturerName>
      <ManufactureCountry>לא ידוע</ManufactureCountry>
      <ManufacturerItemDescription>פשטידת כרובית 600 גר</ManufacturerItemDescription>
      <UnitQty>גרמים</UnitQty>
      <Quantity>600.00</Quantity>
      <UnitOfMeasure>100 גרם</UnitOfMeasure>
      <bIsWeighted>0</bIsWeighted>
      <QtyInPackage>1</QtyInPackage>
      <ItemPrice>49.90</ItemPrice>
      <UnitOfMeasurePrice>8.3167</UnitOfMeasurePrice>
      <AllowDiscount>1</AllowDiscount>
      <ItemStatus>1</ItemStatus>
      <ItemId>61514</ItemId>
    </Item>
    <Item>
      <PriceUpdateDate>2025-02-02 07:39:56</PriceUpdateDate>
      <ItemCode>7290112770325</ItemCode>
      <ItemType>0</ItemType>
      <ItemName>פשטידת פטריות 600 גר</ItemName>
      <ManufacturerName>,</ManufacturerName>
      <ManufactureCountry>לא ידוע</ManufactureCountry>
      <ManufacturerItemDescription>פשטידה פטריות 600 גר</ManufacturerItemDescription>
      <UnitQty>גרמים</UnitQty>
      <Quantity>600.00</Quantity>
      <UnitOfMeasure>100 גרם</UnitOfMeasure>
      <bIsWeighted>0</bIsWeighted>
      <QtyInPackage>1</QtyInPackage>
      <ItemPrice>49.90</ItemPrice>
      <UnitOfMeasurePrice>8.3167</UnitOfMeasurePrice>
      <AllowDiscount>1</AllowDiscount>
      <ItemStatus>1</ItemStatus>
      <ItemId>61515</ItemId>
    </Item>
    <Item>
      <PriceUpdateDate>2023-12-31 12:49:32</PriceUpdateDate>
      <ItemCode>2269</ItemCode>
      <ItemType>0</ItemType>
      <ItemName>גבינה צדר אנגלי</ItemName>
      <ManufacturerName>,</ManufacturerName>
      <ManufactureCountry>לא ידוע</ManufactureCountry>
      <ManufacturerItemDescription>גבינה צדר אנגלי</ManufacturerItemDescription>
      <UnitQty>קילוגרמים</UnitQty>
      <Quantity>1.00</Quantity>
      <UnitOfMeasure>ק"ג</UnitOfMeasure>
      <bIsWeighted>1</bIsWeighted>
      <QtyInPackage>לא ידוע</QtyInPackage>
      <ItemPrice>99.00</ItemPrice>
      <UnitOfMeasurePrice>99.0000</UnitOfMeasurePrice>
      <AllowDiscount>1</AllowDiscount>
      <ItemStatus>1</ItemStatus>
      <ItemId>61617</ItemId>
    </Item>
    <Item>
      <PriceUpdateDate>2023-12-31 12:49:32</PriceUpdateDate>
      <ItemCode>5709120175852</ItemCode>
      <ItemType>0</ItemType>
      <ItemName>גבינה ברי צרפתי 500</ItemName>
      <ManufacturerName>,</ManufacturerName>
      <ManufactureCountry>לא ידוע</ManufactureCountry>
      <ManufacturerItemDescription>גבינה ברי צרפתי 500 גר</ManufacturerItemDescription>
      <UnitQty>גרמים</UnitQty>
      <Quantity>500.00</Quantity>
      <UnitOfMeasure>100 גרם</UnitOfMeasure>
      <bIsWeighted>0</bIsWeighted>
      <QtyInPackage>1</QtyInPackage>
      <ItemPrice>59.90</ItemPrice>
      <UnitOfMeasurePrice>11.9800</UnitOfMeasurePrice>
      <AllowDiscount>1</AllowDiscount>
      <ItemStatus>1</ItemStatus>
      <ItemId>61621</ItemId>
    </Item>
    <Item>
      <PriceUpdateDate>2023-12-31 12:49:32</PriceUpdateDate>
      <ItemCode>4850001032595</ItemCode>
      <ItemType>1</ItemType>
      <ItemName>ריבת אגוזי מלך ירוקי</ItemName>
      <ManufacturerName>,</ManufacturerName>
      <ManufactureCountry>לא ידוע</ManufactureCountry>
      <ManufacturerItemDescription>ריבת אגוזי מלך ירוקים 600 גר</ManufacturerItemDescription>
      <UnitQty>גרמים</UnitQty>
      <Quantity>600.00</Quantity>
      <UnitOfMeasure>100 גרם</UnitOfMeasure>
      <bIsWeighted>0</bIsWeighted>
      <QtyInPackage>1</QtyInPackage>
      <ItemPrice>25.90</ItemPrice>
      <UnitOfMeasurePrice>4.3167</UnitOfMeasurePrice>
      <AllowDiscount>1</AllowDiscount>
      <ItemStatus>1</ItemStatus>
      <ItemId>61649</ItemId>
    </Item>
    <Item>
      <PriceUpdateDate>2023-12-31 12:49:32</PriceUpdateDate>
      <ItemCode>4850001035268</ItemCode>
      <ItemType>1</ItemType>
      <ItemName>ריבת חבוש 600 גר</ItemName>
      <ManufacturerName>,</ManufacturerName>
      <ManufactureCountry>לא ידוע</ManufactureCountry>
      <ManufacturerItemDescription>ריבת חבוש 600 גר</ManufacturerItemDescription>
      <UnitQty>גרמים</UnitQty>
      <Quantity>600.00</Quantity>
      <UnitOfMeasure>100 גרם</UnitOfMeasure>
      <bIsWeighted>0</bIsWeighted>
      <QtyInPackage>1</QtyInPackage>
      <ItemPrice>25.90</ItemPrice>
      <UnitOfMeasurePrice>4.3167</UnitOfMeasurePrice>
      <AllowDiscount>1</AllowDiscount>
      <ItemStatus>1</ItemStatus>
      <ItemId>61651</ItemId>
    </Item>
    <Item>
      <PriceUpdateDate>2023-12-31 12:49:32</PriceUpdateDate>
      <ItemCode>7290015850407</ItemCode>
      <ItemType>1</ItemType>
      <ItemName>שרימפס מבושל 26-30 1</ItemName>
      <ManufacturerName>,</ManufacturerName>
      <ManufactureCountry>לא ידוע</ManufactureCountry>
      <ManufacturerItemDescription>שרימפס מבושל 26-30 1 ק"ג</ManufacturerItemDescription>
      <UnitQty>קילוגרמים</UnitQty>
      <Quantity>1.00</Quantity>
      <UnitOfMeasure>ק"ג     </UnitOfMeasure>
      <bIsWeighted>0</bIsWeighted>
      <QtyInPackage>1</QtyInPackage>
      <ItemPrice>94.90</ItemPrice>
      <UnitOfMeasurePrice>94.9000</UnitOfMeasurePrice>
      <AllowDiscount>1</AllowDiscount>
      <ItemStatus>1</ItemStatus>
      <ItemId>61662</ItemId>
    </Item>
    <Item>
      <PriceUpdateDate>2024-08-04 09:47:08</PriceUpdateDate>
      <ItemCode>7290015850421</ItemCode>
      <ItemType>1</ItemType>
      <ItemName>שרימפס מבושל 16-20 1</ItemName>
      <ManufacturerName>,</ManufacturerName>
      <ManufactureCountry>לא ידוע</ManufactureCountry>
      <ManufacturerItemDescription>שרימפס מבושל 16-20 1 ק"ג</ManufacturerItemDescription>
      <UnitQty>קילוגרמים</UnitQty>
      <Quantity>1.00</Quantity>
      <UnitOfMeasure>ק"ג     </UnitOfMeasure>
      <bIsWeighted>0</bIsWeighted>
      <QtyInPackage>1</QtyInPackage>
      <ItemPrice>99.90</ItemPrice>
      <UnitOfMeasurePrice>99.9000</UnitOfMeasurePrice>
      <AllowDiscount>1</AllowDiscount>
      <ItemStatus>1</ItemStatus>
      <ItemId>61663</ItemId>
    </Item>
    <Item>
      <PriceUpdateDate>2025-11-04 08:21:33</PriceUpdateDate>
      <ItemCode>4606598016308</ItemCode>
      <ItemType>1</ItemType>
      <ItemName>תערובת תיבול למאנטי</ItemName>
      <ManufacturerName>PROFAGROTECHNIKA</ManufacturerName>
      <ManufactureCountry>לא ידוע</ManufactureCountry>
      <ManufacturerItemDescription>תערובת תיבול למאנטי חינקלי 15 גר</ManufacturerItemDescription>
      <UnitQty>גרמים</UnitQty>
      <Quantity>15.00</Quantity>
      <UnitOfMeasure>100 גרם</UnitOfMeasure>
      <bIsWeighted>0</bIsWeighted>
      <QtyInPackage>1</QtyInPackage>
      <ItemPrice>2.80</ItemPrice>
      <UnitOfMeasurePrice>18.6667</UnitOfMeasurePrice>
      <AllowDiscount>1</AllowDiscount>
      <ItemStatus>1</ItemStatus>
      <ItemId>61679</ItemId>
    </Item>
    <Item>
      <PriceUpdateDate>2023-12-31 12:49:32</PriceUpdateDate>
      <ItemCode>15874</ItemCode>
      <ItemType>0</ItemType>
      <ItemName>סלט סלק עם כוסברה</ItemName>
      <ManufacturerName>,</ManufacturerName>
      <ManufactureCountry>לא ידוע</ManufactureCountry>
      <ManufacturerItemDescription>סלט סלק עם כוסברה</ManufacturerItemDescription>
      <UnitQty>קילוגרמים</UnitQty>
      <Quantity>1.00</Quantity>
      <UnitOfMeasure>ק"ג</UnitOfMeasure>
      <bIsWeighted>1</bIsWeighted>
      <QtyInPackage>לא ידוע</QtyInPackage>
      <ItemPrice>49.00</ItemPrice>
      <UnitOfMeasurePrice>49.0000</UnitOfMeasurePrice>
      <AllowDiscount>1</AllowDiscount>
      <ItemStatus>1</ItemStatus>
      <ItemId>61683</ItemId>
    </Item>
    <Item>
      <PriceUpdateDate>2024-09-02 11:09:08</PriceUpdateDate>
      <ItemCode>15974</ItemCode>
      <ItemType>0</ItemType>
      <ItemName>צלי בקר ביין</ItemName>
      <ManufacturerName>,</ManufacturerName>
      <ManufactureCountry>לא ידוע</ManufactureCountry>
      <ManufacturerItemDescription>צלי בקר ביין</ManufacturerItemDescription>
      <UnitQty>קילוגרמים</UnitQty>
      <Quantity>1.00</Quantity>
      <UnitOfMeasure>ק"ג</UnitOfMeasure>
      <bIsWeighted>1</bIsWeighted>
      <QtyInPackage>לא ידוע</QtyInPackage>
      <ItemPrice>149.00</ItemPrice>
      <UnitOfMeasurePrice>149.0000</UnitOfMeasurePrice>
      <AllowDiscount>1</AllowDiscount>
      <ItemStatus>1</ItemStatus>
      <ItemId>61688</ItemId>
    </Item>
    <Item>
      <PriceUpdateDate>2023-12-31 12:49:32</PriceUpdateDate>
      <ItemCode>4770265214783</ItemCode>
      <ItemType>1</ItemType>
      <ItemName>יוגורט יווני סבליה ד</ItemName>
      <ManufacturerName>,</ManufacturerName>
      <ManufactureCountry>לא ידוע</ManufactureCountry>
      <ManufacturerItemDescription>יוגורט יווני סבליה דובדבן 150 גר</ManufacturerItemDescription>
      <UnitQty>גרמים</UnitQty>
      <Quantity>150.00</Quantity>
      <UnitOfMeasure>100 גרם</UnitOfMeasure>
      <bIsWeighted>0</bIsWeighted>
      <QtyInPackage>1</QtyInPackage>
      <ItemPrice>10.90</ItemPrice>
      <UnitOfMeasurePrice>7.2667</UnitOfMeasurePrice>
      <AllowDiscount>1</AllowDiscount>
      <ItemStatus>1</ItemStatus>
      <ItemId>61712</ItemId>
    </Item>
    <Item>
      <PriceUpdateDate>2025-02-09 10:58:50</PriceUpdateDate>
      <ItemCode>7290010701919</ItemCode>
      <ItemType>1</ItemType>
      <ItemName>פטה כבד צרפתי ביין ל</ItemName>
      <ManufacturerName>,</ManufacturerName>
      <ManufactureCountry>לא ידוע</ManufactureCountry>
      <ManufacturerItemDescription>פטה כבד צרפתי ביין לבן 180 גר</ManufacturerItemDescription>
      <UnitQty>גרמים</UnitQty>
      <Quantity>180.00</Quantity>
      <UnitOfMeasure>100 גרם</UnitOfMeasure>
      <bIsWeighted>0</bIsWeighted>
      <QtyInPackage>1</QtyInPackage>
      <ItemPrice>25.90</ItemPrice>
      <UnitOfMeasurePrice>14.3889</UnitOfMeasurePrice>
      <AllowDiscount>1</AllowDiscount>
      <ItemStatus>1</ItemStatus>
      <ItemId>61805</ItemId>
    </Item>
    <Item>
      <PriceUpdateDate>2024-05-02 16:01:53</PriceUpdateDate>
      <ItemCode>7290010701711</ItemCode>
      <ItemType>1</ItemType>
      <ItemName>ממרח כבד ביתי 200 גר</ItemName>
      <ManufacturerName>,</ManufacturerName>
      <ManufactureCountry>לא ידוע</ManufactureCountry>
      <ManufacturerItemDescription>ממרח כבד ביתי 210 גר</ManufacturerItemDescription>
      <UnitQty>גרמים</UnitQty>
      <Quantity>200.00</Quantity>
      <UnitOfMeasure>100 גרם</UnitOfMeasure>
      <bIsWeighted>0</bIsWeighted>
      <QtyInPackage>1</QtyInPackage>
      <ItemPrice>14.90</ItemPrice>
      <UnitOfMeasurePrice>7.4500</UnitOfMeasurePrice>
      <AllowDiscount>1</AllowDiscount>
      <ItemStatus>1</ItemStatus>
      <ItemId>61806</ItemId>
    </Item>
    <Item>
      <PriceUpdateDate>2024-05-02 16:01:54</PriceUpdateDate>
      <ItemCode>7290010701636</ItemCode>
      <ItemType>1</ItemType>
      <ItemName>פטה כבד עוף נקניק 20</ItemName>
      <ManufacturerName>,</ManufacturerName>
      <ManufactureCountry>לא ידוע</ManufactureCountry>
      <ManufacturerItemDescription>פטה כבד עוף נקניק 210 גר</ManufacturerItemDescription>
      <UnitQty>גרמים</UnitQty>
      <Quantity>200.00</Quantity>
      <UnitOfMeasure>100 גרם</UnitOfMeasure>
      <bIsWeighted>0</bIsWeighted>
      <QtyInPackage>1</QtyInPackage>
      <ItemPrice>14.90</ItemPrice>
      <UnitOfMeasurePrice>7.4500</UnitOfMeasurePrice>
      <AllowDiscount>1</AllowDiscount>
      <ItemStatus>1</ItemStatus>
      <ItemId>61807</ItemId>
    </Item>
    <Item>
      <PriceUpdateDate>2024-05-02 16:01:54</PriceUpdateDate>
      <ItemCode>7290010701902</ItemCode>
      <ItemType>1</ItemType>
      <ItemName>ממרח כבד בקר נקניק 2</ItemName>
      <ManufacturerName>,</ManufacturerName>
      <ManufactureCountry>לא ידוע</ManufactureCountry>
      <ManufacturerItemDescription>ממרח כבד בקר נקניק 210 גר</ManufacturerItemDescription>
      <UnitQty>גרמים</UnitQty>
      <Quantity>200.00</Quantity>
      <UnitOfMeasure>100 גרם</UnitOfMeasure>
      <bIsWeighted>0</bIsWeighted>
      <QtyInPackage>1</QtyInPackage>
      <ItemPrice>14.90</ItemPrice>
      <UnitOfMeasurePrice>7.4500</UnitOfMeasurePrice>
      <AllowDiscount>1</AllowDiscount>
      <ItemStatus>1</ItemStatus>
      <ItemId>61808</ItemId>
    </Item>
    <Item>
      <PriceUpdateDate>2024-11-06 16:48:23</PriceUpdateDate>
      <ItemCode>4607041232979</ItemCode>
      <ItemType>1</ItemType>
      <ItemName>צנימים פוסולסקי צימו</ItemName>
      <ManufacturerName>וופלשניה</ManufacturerName>
      <ManufactureCountry>לא ידוע</ManufactureCountry>
      <ManufacturerItemDescription>צנימים פוסולסקי צימוקים וסוכר 250 גר</ManufacturerItemDescription>
      <UnitQty>גרמים</UnitQty>
      <Quantity>250.00</Quantity>
      <UnitOfMeasure>100 גרם</UnitOfMeasure>
      <bIsWeighted>0</bIsWeighted>
      <QtyInPackage>1</QtyInPackage>
      <ItemPrice>9.90</ItemPrice>
      <UnitOfMeasurePrice>3.9600</UnitOfMeasurePrice>
      <AllowDiscount>1</AllowDiscount>
      <ItemStatus>1</ItemStatus>
      <ItemId>61837</ItemId>
    </Item>
    <Item>
      <PriceUpdateDate>2024-05-23 15:02:50</PriceUpdateDate>
      <ItemCode>7290015603546</ItemCode>
      <ItemType>1</ItemType>
      <ItemName>קרם קוקוס 400 מל</ItemName>
      <ManufacturerName>אסיאטיק אגרו אינדסטר</ManufacturerName>
      <ManufactureCountry>לא ידוע</ManufactureCountry>
      <ManufacturerItemDescription>שימורי קרם קוקוס 400 מ"ל</ManufacturerItemDescription>
      <UnitQty>מיליליטרים</UnitQty>
      <Quantity>400.00</Quantity>
      <UnitOfMeasure>100 מ"ל</UnitOfMeasure>
      <bIsWeighted>0</bIsWeighted>
      <QtyInPackage>1</QtyInPackage>
      <ItemPrice>9.90</ItemPrice>
      <UnitOfMeasurePrice>2.4750</UnitOfMeasurePrice>
      <AllowDiscount>1</AllowDiscount>
      <ItemStatus>1</ItemStatus>
      <ItemId>61880</ItemId>
    </Item>
    <Item>
      <PriceUpdateDate>2024-11-03 14:19:36</PriceUpdateDate>
      <ItemCode>7290101952657</ItemCode>
      <ItemType>1</ItemType>
      <ItemName>נקניקיות פטרוצאן אמי</ItemName>
      <ManufacturerName>,</ManufacturerName>
      <ManufactureCountry>לא ידוע</ManufactureCountry>
      <ManufacturerItemDescription>נקניקיות פטרוצן אמיתי קפוא 700 גר</ManufacturerItemDescription>
      <UnitQty>גרמים</UnitQty>
      <Quantity>700.00</Quantity>
      <UnitOfMeasure>100 גרם</UnitOfMeasure>
      <bIsWeighted>0</bIsWeighted>
      <QtyInPackage>1</QtyInPackage>
      <ItemPrice>69.90</ItemPrice>
      <UnitOfMeasurePrice>9.9857</UnitOfMeasurePrice>
      <AllowDiscount>1</AllowDiscount>
      <ItemStatus>1</ItemStatus>
      <ItemId>61920</ItemId>
    </Item>
    <Item>
      <PriceUpdateDate>2025-01-01 09:05:48</PriceUpdateDate>
      <ItemCode>7290011644505</ItemCode>
      <ItemType>1</ItemType>
      <ItemName>כבד דג שיבוט 115 גר</ItemName>
      <ManufacturerName>יאקן איאצאפי</ManufacturerName>
      <ManufactureCountry>לא ידוע</ManufactureCountry>
      <ManufacturerItemDescription>כבד דג שיבוט 120 גר</ManufacturerItemDescription>
      <UnitQty>גרמים</UnitQty>
      <Quantity>115.00</Quantity>
      <UnitOfMeasure>100 גרם</UnitOfMeasure>
      <bIsWeighted>0</bIsWeighted>
      <QtyInPackage>24</QtyInPackage>
      <ItemPrice>11.90</ItemPrice>
      <UnitOfMeasurePrice>10.3478</UnitOfMeasurePrice>
      <AllowDiscount>1</AllowDiscount>
      <ItemStatus>1</ItemStatus>
      <ItemId>61970</ItemId>
    </Item>
    <Item>
      <PriceUpdateDate>2025-06-03 08:36:01</PriceUpdateDate>
      <ItemCode>7290112770332</ItemCode>
      <ItemType>0</ItemType>
      <ItemName>סלט כרוב אדום 400 גר</ItemName>
      <ManufacturerName>,</ManufacturerName>
      <ManufactureCountry>לא ידוע</ManufactureCountry>
      <ManufacturerItemDescription>סלט כרוב אדום 400 גרם</ManufacturerItemDescription>
      <UnitQty>גרמים</UnitQty>
      <Quantity>400.00</Quantity>
      <UnitOfMeasure>100 גרם</UnitOfMeasure>
      <bIsWeighted>0</bIsWeighted>
      <QtyInPackage>1</QtyInPackage>
      <ItemPrice>15.90</ItemPrice>
      <UnitOfMeasurePrice>3.9750</UnitOfMeasurePrice>
      <AllowDiscount>1</AllowDiscount>
      <ItemStatus>1</ItemStatus>
      <ItemId>62008</ItemId>
    </Item>
    <Item>
      <PriceUpdateDate>2025-06-03 08:36:01</PriceUpdateDate>
      <ItemCode>7290112770349</ItemCode>
      <ItemType>0</ItemType>
      <ItemName>סלט קולסלאו 400 גר</ItemName>
      <ManufacturerName>,</ManufacturerName>
      <ManufactureCountry>לא ידוע</ManufactureCountry>
      <ManufacturerItemDescription>סלט קולסלאו 400 גרם</ManufacturerItemDescription>
      <UnitQty>גרמים</UnitQty>
      <Quantity>400.00</Quantity>
      <UnitOfMeasure>100 גרם</UnitOfMeasure>
      <bIsWeighted>0</bIsWeighted>
      <QtyInPackage>1</QtyInPackage>
      <ItemPrice>14.90</ItemPrice>
      <UnitOfMeasurePrice>3.7250</UnitOfMeasurePrice>
      <AllowDiscount>1</AllowDiscount>
      <ItemStatus>1</ItemStatus>
      <ItemId>62009</ItemId>
    </Item>
    <Item>
      <PriceUpdateDate>2025-03-11 17:33:25</PriceUpdateDate>
      <ItemCode>3525490010027</ItemCode>
      <ItemType>1</ItemType>
      <ItemName>יין לה זאמל קברנה סו</ItemName>
      <ManufacturerName>,</ManufacturerName>
      <ManufactureCountry>לא ידוע</ManufactureCountry>
      <ManufacturerItemDescription>יין לה זאמל קברנה סוביניון 750 מ"ל</ManufacturerItemDescription>
      <UnitQty>מיליליטרים</UnitQty>
      <Quantity>750.00</Quantity>
      <UnitOfMeasure>100 מ"ל</UnitOfMeasure>
      <bIsWeighted>0</bIsWeighted>
      <QtyInPackage>1</QtyInPackage>
      <ItemPrice>55.90</ItemPrice>
      <UnitOfMeasurePrice>7.4533</UnitOfMeasurePrice>
      <AllowDiscount>1</AllowDiscount>
      <ItemStatus>1</ItemStatus>
      <ItemId>62038</ItemId>
    </Item>
    <Item>
      <PriceUpdateDate>2025-03-11 17:33:25</PriceUpdateDate>
      <ItemCode>3525490010034</ItemCode>
      <ItemType>1</ItemType>
      <ItemName>יין לה זאמל סירה 750</ItemName>
      <ManufacturerName>,</ManufacturerName>
      <ManufactureCountry>לא ידוע</ManufactureCountry>
      <ManufacturerItemDescription>יין לה זאמל סירה 750 מ"ל</ManufacturerItemDescription>
      <UnitQty>מיליליטרים</UnitQty>
      <Quantity>750.00</Quantity>
      <UnitOfMeasure>100 מ"ל</UnitOfMeasure>
      <bIsWeighted>0</bIsWeighted>
      <QtyInPackage>1</QtyInPackage>
      <ItemPrice>55.90</ItemPrice>
      <UnitOfMeasurePrice>7.4533</UnitOfMeasurePrice>
      <AllowDiscount>1</AllowDiscount>
      <ItemStatus>1</ItemStatus>
      <ItemId>62042</ItemId>
    </Item>
    <Item>
      <PriceUpdateDate>2025-11-17 19:58:34</PriceUpdateDate>
      <ItemCode>4751007730938</ItemCode>
      <ItemType>1</ItemType>
      <ItemName>שפרוטים מעושנים בשמן</ItemName>
      <ManufacturerName>,</ManufacturerName>
      <ManufactureCountry>לא ידוע</ManufactureCountry>
      <ManufacturerItemDescription>שפרוטים מעושנים בשמן צמחי 240 גר</ManufacturerItemDescription>
      <UnitQty>גרמים</UnitQty>
      <Quantity>240.00</Quantity>
      <UnitOfMeasure>100 גרם</UnitOfMeasure>
      <bIsWeighted>0</bIsWeighted>
      <QtyInPackage>24</QtyInPackage>
      <ItemPrice>12.90</ItemPrice>
      <UnitOfMeasurePrice>5.3750</UnitOfMeasurePrice>
      <AllowDiscount>1</AllowDiscount>
      <ItemStatus>1</ItemStatus>
      <ItemId>62079</ItemId>
    </Item>
    <Item>
      <PriceUpdateDate>2023-12-31 12:49:34</PriceUpdateDate>
      <ItemCode>5411681402635</ItemCode>
      <ItemType>1</ItemType>
      <ItemName>בירה דובל בק 750 מל</ItemName>
      <ManufacturerName>,</ManufacturerName>
      <ManufactureCountry>לא ידוע</ManufactureCountry>
      <ManufacturerItemDescription>בירה דובל בק 750 מ"ל</ManufacturerItemDescription>
      <UnitQty>מיליליטרים</UnitQty>
      <Quantity>750.00</Quantity>
      <UnitOfMeasure>100 מ"ל</UnitOfMeasure>
      <bIsWeighted>0</bIsWeighted>
      <QtyInPackage>1</QtyInPackage>
      <ItemPrice>29.90</ItemPrice>
      <UnitOfMeasurePrice>3.9867</UnitOfMeasurePrice>
      <AllowDiscount>1</AllowDiscount>
      <ItemStatus>1</ItemStatus>
      <ItemId>62093</ItemId>
    </Item>
    <Item>
      <PriceUpdateDate>2023-12-31 12:49:34</PriceUpdateDate>
      <ItemCode>16389</ItemCode>
      <ItemType>0</ItemType>
      <ItemName>אורז עם פטריות בזילי</ItemName>
      <ManufacturerName>,</ManufacturerName>
      <ManufactureCountry>לא ידוע</ManufactureCountry>
      <ManufacturerItemDescription>אורז עם פטריות בזיליקום ועגבניות מיובשו</ManufacturerItemDescription>
      <UnitQty>קילוגרמים</UnitQty>
      <Quantity>1.00</Quantity>
      <UnitOfMeasure>ק"ג</UnitOfMeasure>
      <bIsWeighted>1</bIsWeighted>
      <QtyInPackage>לא ידוע</QtyInPackage>
      <ItemPrice>49.00</ItemPrice>
      <UnitOfMeasurePrice>49.0000</UnitOfMeasurePrice>
      <AllowDiscount>1</AllowDiscount>
      <ItemStatus>1</ItemStatus>
      <ItemId>62098</ItemId>
    </Item>
    <Item>
      <PriceUpdateDate>2025-01-16 09:03:52</PriceUpdateDate>
      <ItemCode>4604248003784</ItemCode>
      <ItemType>1</ItemType>
      <ItemName>חזרת 140 גר</ItemName>
      <ManufacturerName>אסן פרודקשן</ManufacturerName>
      <ManufactureCountry>רוסיה</ManufactureCountry>
      <ManufacturerItemDescription>חזרת 140 גר</ManufacturerItemDescription>
      <UnitQty>גרמים</UnitQty>
      <Quantity>140.00</Quantity>
      <UnitOfMeasure>100 גרם</UnitOfMeasure>
      <bIsWeighted>0</bIsWeighted>
      <QtyInPackage>24</QtyInPackage>
      <ItemPrice>7.90</ItemPrice>
      <UnitOfMeasurePrice>5.6429</UnitOfMeasurePrice>
      <AllowDiscount>1</AllowDiscount>
      <ItemStatus>1</ItemStatus>
      <ItemId>62099</ItemId>
    </Item>
    <Item>
      <PriceUpdateDate>2025-04-11 08:12:07</PriceUpdateDate>
      <ItemCode>3278480396310</ItemCode>
      <ItemType>1</ItemType>
      <ItemName>קוניאק גודה 700 מל V</ItemName>
      <ManufacturerName>COGNAC GODET</ManufacturerName>
      <ManufactureCountry>צרפת</ManufactureCountry>
      <ManufacturerItemDescription>קוניאק גודה VS 700 מ"ל</ManufacturerItemDescription>
      <UnitQty>מיליליטרים</UnitQty>
      <Quantity>700.00</Quantity>
      <UnitOfMeasure>100 מ"ל</UnitOfMeasure>
      <bIsWeighted>0</bIsWeighted>
      <QtyInPackage>6</QtyInPackage>
      <ItemPrice>134.90</ItemPrice>
      <UnitOfMeasurePrice>19.2714</UnitOfMeasurePrice>
      <AllowDiscount>1</AllowDiscount>
      <ItemStatus>1</ItemStatus>
      <ItemId>62112</ItemId>
    </Item>
    <Item>
      <PriceUpdateDate>2024-01-31 16:28:41</PriceUpdateDate>
      <ItemCode>1842</ItemCode>
      <ItemType>0</ItemType>
      <ItemName>נקניקיות שוויצרסקיה</ItemName>
      <ManufacturerName>,</ManufacturerName>
      <ManufactureCountry>לא ידוע</ManufactureCountry>
      <ManufacturerItemDescription>נקניקיות שוויצרסקיה בוואקום</ManufacturerItemDescription>
      <UnitQty>קילוגרמים</UnitQty>
      <Quantity>1.00</Quantity>
      <UnitOfMeasure>ק"ג</UnitOfMeasure>
      <bIsWeighted>1</bIsWeighted>
      <QtyInPackage>לא ידוע</QtyInPackage>
      <ItemPrice>99.00</ItemPrice>
      <UnitOfMeasurePrice>99.0000</UnitOfMeasurePrice>
      <AllowDiscount>1</AllowDiscount>
      <ItemStatus>1</ItemStatus>
      <ItemId>62233</ItemId>
    </Item>
    <Item>
      <PriceUpdateDate>2023-12-31 12:49:35</PriceUpdateDate>
      <ItemCode>16391</ItemCode>
      <ItemType>0</ItemType>
      <ItemName>כבד עוף עם בצל מטוגן</ItemName>
      <ManufacturerName>,</ManufacturerName>
      <ManufactureCountry>לא ידוע</ManufactureCountry>
      <ManufacturerItemDescription>כבד עוף עם בצל מטוגן ויין</ManufacturerItemDescription>
      <UnitQty>קילוגרמים</UnitQty>
      <Quantity>1.00</Quantity>
      <UnitOfMeasure>ק"ג</UnitOfMeasure>
      <bIsWeighted>1</bIsWeighted>
      <QtyInPackage>לא ידוע</QtyInPackage>
      <ItemPrice>69.00</ItemPrice>
      <UnitOfMeasurePrice>69.0000</UnitOfMeasurePrice>
      <AllowDiscount>1</AllowDiscount>
      <ItemStatus>1</ItemStatus>
      <ItemId>62234</ItemId>
    </Item>
    <Item>
      <PriceUpdateDate>2023-12-31 12:49:36</PriceUpdateDate>
      <ItemCode>8007537000543</ItemCode>
      <ItemType>1</ItemType>
      <ItemName>טורטיליה ציפס טבעי 4</ItemName>
      <ManufacturerName>,</ManufacturerName>
      <ManufactureCountry>לא ידוע</ManufactureCountry>
      <ManufacturerItemDescription>טורטיליה ציפס טבעי 450 גר</ManufacturerItemDescription>
      <UnitQty>גרמים</UnitQty>
      <Quantity>450.00</Quantity>
      <UnitOfMeasure>100 גרם</UnitOfMeasure>
      <bIsWeighted>0</bIsWeighted>
      <QtyInPackage>14</QtyInPackage>
      <ItemPrice>25.90</ItemPrice>
      <UnitOfMeasurePrice>5.7556</UnitOfMeasurePrice>
      <AllowDiscount>1</AllowDiscount>
      <ItemStatus>1</ItemStatus>
      <ItemId>62386</ItemId>
    </Item>
    <Item>
      <PriceUpdateDate>2023-12-31 12:49:36</PriceUpdateDate>
      <ItemCode>8007537005937</ItemCode>
      <ItemType>1</ItemType>
      <ItemName>פרמיום ציפס פלפל שחו</ItemName>
      <ManufacturerName>,</ManufacturerName>
      <ManufactureCountry>לא ידוע</ManufactureCountry>
      <ManufacturerItemDescription>פרמיום ציפס פלפל שחור ומלח ים 300 גר</ManufacturerItemDescription>
      <UnitQty>גרמים</UnitQty>
      <Quantity>300.00</Quantity>
      <UnitOfMeasure>100 גרם</UnitOfMeasure>
      <bIsWeighted>0</bIsWeighted>
      <QtyInPackage>16</QtyInPackage>
      <ItemPrice>25.90</ItemPrice>
      <UnitOfMeasurePrice>8.6333</UnitOfMeasurePrice>
      <AllowDiscount>1</AllowDiscount>
      <ItemStatus>1</ItemStatus>
      <ItemId>62388</ItemId>
    </Item>
    <Item>
      <PriceUpdateDate>2023-12-31 12:49:36</PriceUpdateDate>
      <ItemCode>8007537005920</ItemCode>
      <ItemType>1</ItemType>
      <ItemName>פרמיום ציפס מלח ים 3</ItemName>
      <ManufacturerName>,</ManufacturerName>
      <ManufactureCountry>לא ידוע</ManufactureCountry>
      <ManufacturerItemDescription>פרמיום ציפס מלח ים 300 גר</ManufacturerItemDescription>
      <UnitQty>גרמים</UnitQty>
      <Quantity>300.00</Quantity>
      <UnitOfMeasure>100 גרם</UnitOfMeasure>
      <bIsWeighted>0</bIsWeighted>
      <QtyInPackage>16</QtyInPackage>
      <ItemPrice>25.90</ItemPrice>
      <UnitOfMeasurePrice>8.6333</UnitOfMeasurePrice>
      <AllowDiscount>1</AllowDiscount>
      <ItemStatus>1</ItemStatus>
      <ItemId>62389</ItemId>
    </Item>
    <Item>
      <PriceUpdateDate>2023-12-31 12:49:36</PriceUpdateDate>
      <ItemCode>8051407911170</ItemCode>
      <ItemType>1</ItemType>
      <ItemName>יין מבעבע פרוסקו לבן</ItemName>
      <ManufacturerName>,</ManufacturerName>
      <ManufactureCountry>לא ידוע</ManufactureCountry>
      <ManufacturerItemDescription>יין מבעבע פרוסקו לבן יבש 700 מ"ל</ManufacturerItemDescription>
      <UnitQty>מיליליטרים</UnitQty>
      <Quantity>700.00</Quantity>
      <UnitOfMeasure>100 מ"ל</UnitOfMeasure>
      <bIsWeighted>0</bIsWeighted>
      <QtyInPackage>1</QtyInPackage>
      <ItemPrice>54.90</ItemPrice>
      <UnitOfMeasurePrice>7.8429</UnitOfMeasurePrice>
      <AllowDiscount>1</AllowDiscount>
      <ItemStatus>1</ItemStatus>
      <ItemId>62506</ItemId>
    </Item>
    <Item>
      <PriceUpdateDate>2025-10-28 16:58:10</PriceUpdateDate>
      <ItemCode>17502</ItemCode>
      <ItemType>0</ItemType>
      <ItemName>חזה עוף טרי ארוז</ItemName>
      <ManufacturerName>,</ManufacturerName>
      <ManufactureCountry>לא ידוע</ManufactureCountry>
      <ManufacturerItemDescription>חזה עוף טרי ארוז</ManufacturerItemDescription>
      <UnitQty>קילוגרמים</UnitQty>
      <Quantity>1.00</Quantity>
      <UnitOfMeasure>ק"ג</UnitOfMeasure>
      <bIsWeighted>1</bIsWeighted>
      <QtyInPackage>לא ידוע</QtyInPackage>
      <ItemPrice>42.90</ItemPrice>
      <UnitOfMeasurePrice>42.9000</UnitOfMeasurePrice>
      <AllowDiscount>1</AllowDiscount>
      <ItemStatus>1</ItemStatus>
      <ItemId>62923</ItemId>
    </Item>
    <Item>
      <PriceUpdateDate>2025-11-19 14:55:11</PriceUpdateDate>
      <ItemCode>17504</ItemCode>
      <ItemType>0</ItemType>
      <ItemName>שוקיים עוף טרי ארוז</ItemName>
      <ManufacturerName>פנדי עוף</ManufacturerName>
      <ManufactureCountry>לא ידוע</ManufactureCountry>
      <ManufacturerItemDescription>שוקיים עוף טרי ארוז</ManufacturerItemDescription>
      <UnitQty>קילוגרמים</UnitQty>
      <Quantity>1.00</Quantity>
      <UnitOfMeasure>ק"ג</UnitOfMeasure>
      <bIsWeighted>1</bIsWeighted>
      <QtyInPackage>לא ידוע</QtyInPackage>
      <ItemPrice>24.90</ItemPrice>
      <UnitOfMeasurePrice>24.9000</UnitOfMeasurePrice>
      <AllowDiscount>1</AllowDiscount>
      <ItemStatus>1</ItemStatus>
      <ItemId>62924</ItemId>
    </Item>
    <Item>
      <PriceUpdateDate>2025-11-19 14:55:11</PriceUpdateDate>
      <ItemCode>17506</ItemCode>
      <ItemType>0</ItemType>
      <ItemName>סטייק פרגית טרי ארוז</ItemName>
      <ManufacturerName>,</ManufacturerName>
      <ManufactureCountry>לא ידוע</ManufactureCountry>
      <ManufacturerItemDescription>סטייק פרגית טרי ארוז</ManufacturerItemDescription>
      <UnitQty>קילוגרמים</UnitQty>
      <Quantity>1.00</Quantity>
      <UnitOfMeasure>ק"ג</UnitOfMeasure>
      <bIsWeighted>1</bIsWeighted>
      <QtyInPackage>לא ידוע</QtyInPackage>
      <ItemPrice>59.90</ItemPrice>
      <UnitOfMeasurePrice>59.9000</UnitOfMeasurePrice>
      <AllowDiscount>1</AllowDiscount>
      <ItemStatus>1</ItemStatus>
      <ItemId>62925</ItemId>
    </Item>
    <Item>
      <PriceUpdateDate>2025-11-19 14:55:11</PriceUpdateDate>
      <ItemCode>17507</ItemCode>
      <ItemType>0</ItemType>
      <ItemName>כבד עוף טרי ארוז</ItemName>
      <ManufacturerName>,</ManufacturerName>
      <ManufactureCountry>לא ידוע</ManufactureCountry>
      <ManufacturerItemDescription>כבד עוף טרי ארוז</ManufacturerItemDescription>
      <UnitQty>קילוגרמים</UnitQty>
      <Quantity>1.00</Quantity>
      <UnitOfMeasure>ק"ג</UnitOfMeasure>
      <bIsWeighted>1</bIsWeighted>
      <QtyInPackage>לא ידוע</QtyInPackage>
      <ItemPrice>15.90</ItemPrice>
      <UnitOfMeasurePrice>15.9000</UnitOfMeasurePrice>
      <AllowDiscount>1</AllowDiscount>
      <ItemStatus>1</ItemStatus>
      <ItemId>62926</ItemId>
    </Item>
    <Item>
      <PriceUpdateDate>2025-08-01 11:57:58</PriceUpdateDate>
      <ItemCode>17508</ItemCode>
      <ItemType>0</ItemType>
      <ItemName>לבבות עוף טרי ארוז</ItemName>
      <ManufacturerName>,</ManufacturerName>
      <ManufactureCountry>לא ידוע</ManufactureCountry>
      <ManufacturerItemDescription>לבבות עוף טרי ארוז</ManufacturerItemDescription>
      <UnitQty>קילוגרמים</UnitQty>
      <Quantity>1.00</Quantity>
      <UnitOfMeasure>ק"ג</UnitOfMeasure>
      <bIsWeighted>1</bIsWeighted>
      <QtyInPackage>לא ידוע</QtyInPackage>
      <ItemPrice>36.90</ItemPrice>
      <UnitOfMeasurePrice>36.9000</UnitOfMeasurePrice>
      <AllowDiscount>1</AllowDiscount>
      <ItemStatus>1</ItemStatus>
      <ItemId>62927</ItemId>
    </Item>
    <Item>
      <PriceUpdateDate>2023-12-31 12:49:39</PriceUpdateDate>
      <ItemCode>17505</ItemCode>
      <ItemType>0</ItemType>
      <ItemName>כנפיים עוף טרי ארוז</ItemName>
      <ManufacturerName>,</ManufacturerName>
      <ManufactureCountry>לא ידוע</ManufactureCountry>
      <ManufacturerItemDescription>כנפיים עוף טרי ארוז</ManufacturerItemDescription>
      <UnitQty>קילוגרמים</UnitQty>
      <Quantity>1.00</Quantity>
      <UnitOfMeasure>ק"ג</UnitOfMeasure>
      <bIsWeighted>1</bIsWeighted>
      <QtyInPackage>לא ידוע</QtyInPackage>
      <ItemPrice>21.90</ItemPrice>
      <UnitOfMeasurePrice>21.9000</UnitOfMeasurePrice>
      <AllowDiscount>1</AllowDiscount>
      <ItemStatus>1</ItemStatus>
      <ItemId>62928</ItemId>
    </Item>
    <Item>
      <PriceUpdateDate>2023-12-31 12:49:39</PriceUpdateDate>
      <ItemCode>7290101812166</ItemCode>
      <ItemType>1</ItemType>
      <ItemName>נקניקיות צוריסוס מצו</ItemName>
      <ManufacturerName>,</ManufacturerName>
      <ManufactureCountry>לא ידוע</ManufactureCountry>
      <ManufacturerItemDescription>נקניקיות צוריסוס מצונן 700 גר</ManufacturerItemDescription>
      <UnitQty>גרמים</UnitQty>
      <Quantity>700.00</Quantity>
      <UnitOfMeasure>100 גרם</UnitOfMeasure>
      <bIsWeighted>0</bIsWeighted>
      <QtyInPackage>1</QtyInPackage>
      <ItemPrice>69.90</ItemPrice>
      <UnitOfMeasurePrice>9.9857</UnitOfMeasurePrice>
      <AllowDiscount>1</AllowDiscount>
      <ItemStatus>1</ItemStatus>
      <ItemId>62929</ItemId>
    </Item>
    <Item>
      <PriceUpdateDate>2025-05-11 11:57:33</PriceUpdateDate>
      <ItemCode>7290014717862</ItemCode>
      <ItemType>1</ItemType>
      <ItemName>יין גוורצטרמינר 2017</ItemName>
      <ManufacturerName>,</ManufacturerName>
      <ManufactureCountry>לא ידוע</ManufactureCountry>
      <ManufacturerItemDescription>יין גוורצטרמינר 2017 750 מ"ל</ManufacturerItemDescription>
      <UnitQty>מיליליטרים</UnitQty>
      <Quantity>750.00</Quantity>
      <UnitOfMeasure>100 מ"ל</UnitOfMeasure>
      <bIsWeighted>0</bIsWeighted>
      <QtyInPackage>1</QtyInPackage>
      <ItemPrice>89.90</ItemPrice>
      <UnitOfMeasurePrice>11.9867</UnitOfMeasurePrice>
      <AllowDiscount>1</AllowDiscount>
      <ItemStatus>1</ItemStatus>
      <ItemId>62967</ItemId>
    </Item>
    <Item>
      <PriceUpdateDate>2025-05-11 11:57:33</PriceUpdateDate>
      <ItemCode>7290011391843</ItemCode>
      <ItemType>1</ItemType>
      <ItemName>יין פלטר קברנה שיראז</ItemName>
      <ManufacturerName>,</ManufacturerName>
      <ManufactureCountry>לא ידוע</ManufactureCountry>
      <ManufacturerItemDescription>יין פלטר קברנה שיראז 2016 750 מל</ManufacturerItemDescription>
      <UnitQty>מיליליטרים</UnitQty>
      <Quantity>750.00</Quantity>
      <UnitOfMeasure>100 מ"ל</UnitOfMeasure>
      <bIsWeighted>0</bIsWeighted>
      <QtyInPackage>1</QtyInPackage>
      <ItemPrice>99.90</ItemPrice>
      <UnitOfMeasurePrice>13.3200</UnitOfMeasurePrice>
      <AllowDiscount>1</AllowDiscount>
      <ItemStatus>1</ItemStatus>
      <ItemId>62968</ItemId>
    </Item>
    <Item>
      <PriceUpdateDate>2025-03-06 19:07:23</PriceUpdateDate>
      <ItemCode>4823077623714</ItemCode>
      <ItemType>1</ItemType>
      <ItemName>סוכ כוס חלב 150 גר</ItemName>
      <ManufacturerName>רושן</ManufacturerName>
      <ManufactureCountry>לא ידוע</ManufactureCountry>
      <ManufacturerItemDescription>סוכ כוס חלב 150 גר</ManufacturerItemDescription>
      <UnitQty>גרמים</UnitQty>
      <Quantity>150.00</Quantity>
      <UnitOfMeasure>100 גרם</UnitOfMeasure>
      <bIsWeighted>0</bIsWeighted>
      <QtyInPackage>12</QtyInPackage>
      <ItemPrice>9.90</ItemPrice>
      <UnitOfMeasurePrice>6.6000</UnitOfMeasurePrice>
      <AllowDiscount>1</AllowDiscount>
      <ItemStatus>1</ItemStatus>
      <ItemId>62984</ItemId>
    </Item>
    <Item>
      <PriceUpdateDate>2024-12-02 08:58:15</PriceUpdateDate>
      <ItemCode>4823077624247</ItemCode>
      <ItemType>1</ItemType>
      <ItemName>גלי בוני פרוט ציטרוס</ItemName>
      <ManufacturerName>,</ManufacturerName>
      <ManufactureCountry>לא ידוע</ManufactureCountry>
      <ManufacturerItemDescription>גלי בוני פרוט ציטרוס מיקס 200 גר</ManufacturerItemDescription>
      <UnitQty>גרמים</UnitQty>
      <Quantity>200.00</Quantity>
      <UnitOfMeasure>100 גרם</UnitOfMeasure>
      <bIsWeighted>0</bIsWeighted>
      <QtyInPackage>1</QtyInPackage>
      <ItemPrice>9.90</ItemPrice>
      <UnitOfMeasurePrice>4.9500</UnitOfMeasurePrice>
      <AllowDiscount>1</AllowDiscount>
      <ItemStatus>1</ItemStatus>
      <ItemId>62986</ItemId>
    </Item>
    <Item>
      <PriceUpdateDate>2024-12-02 08:58:15</PriceUpdateDate>
      <ItemCode>4823077624261</ItemCode>
      <ItemType>1</ItemType>
      <ItemName>גלי בוני פרוט ברי מי</ItemName>
      <ManufacturerName>,</ManufacturerName>
      <ManufactureCountry>לא ידוע</ManufactureCountry>
      <ManufacturerItemDescription>גלי בוני פרוט ברי מיקס 200 גר</ManufacturerItemDescription>
      <UnitQty>גרמים</UnitQty>
      <Quantity>200.00</Quantity>
      <UnitOfMeasure>100 גרם</UnitOfMeasure>
      <bIsWeighted>0</bIsWeighted>
      <QtyInPackage>1</QtyInPackage>
      <ItemPrice>9.90</ItemPrice>
      <UnitOfMeasurePrice>4.9500</UnitOfMeasurePrice>
      <AllowDiscount>1</AllowDiscount>
      <ItemStatus>1</ItemStatus>
      <ItemId>62987</ItemId>
    </Item>
    <Item>
      <PriceUpdateDate>2024-12-02 08:58:15</PriceUpdateDate>
      <ItemCode>4823077624223</ItemCode>
      <ItemType>1</ItemType>
      <ItemName>גלי בוני פרוט סאמר מ</ItemName>
      <ManufacturerName>,</ManufacturerName>
      <ManufactureCountry>לא ידוע</ManufactureCountry>
      <ManufacturerItemDescription>גלי בוני פרוט סאמר מיקס 200 גר</ManufacturerItemDescription>
      <UnitQty>גרמים</UnitQty>
      <Quantity>200.00</Quantity>
      <UnitOfMeasure>100 גרם</UnitOfMeasure>
      <bIsWeighted>0</bIsWeighted>
      <QtyInPackage>1</QtyInPackage>
      <ItemPrice>9.90</ItemPrice>
      <UnitOfMeasurePrice>4.9500</UnitOfMeasurePrice>
      <AllowDiscount>1</AllowDiscount>
      <ItemStatus>1</ItemStatus>
      <ItemId>62988</ItemId>
    </Item>
    <Item>
      <PriceUpdateDate>2023-12-31 12:49:39</PriceUpdateDate>
      <ItemCode>5900353615690</ItemCode>
      <ItemType>1</ItemType>
      <ItemName>בונ ברנדי בשוקולד מר</ItemName>
      <ManufacturerName>,</ManufacturerName>
      <ManufactureCountry>לא ידוע</ManufactureCountry>
      <ManufacturerItemDescription>בונ ברנדי בשוקולד מריר 180 גר MIESZKO</ManufacturerItemDescription>
      <UnitQty>גרמים</UnitQty>
      <Quantity>180.00</Quantity>
      <UnitOfMeasure>100 גרם</UnitOfMeasure>
      <bIsWeighted>0</bIsWeighted>
      <QtyInPackage>1</QtyInPackage>
      <ItemPrice>22.90</ItemPrice>
      <UnitOfMeasurePrice>12.7222</UnitOfMeasurePrice>
      <AllowDiscount>1</AllowDiscount>
      <ItemStatus>1</ItemStatus>
      <ItemId>62999</ItemId>
    </Item>
    <Item>
      <PriceUpdateDate>2023-12-31 12:49:40</PriceUpdateDate>
      <ItemCode>7290108503067</ItemCode>
      <ItemType>1</ItemType>
      <ItemName>גבינה פרמזנו משולש 1</ItemName>
      <ManufacturerName>,</ManufacturerName>
      <ManufactureCountry>לא ידוע</ManufactureCountry>
      <ManufacturerItemDescription>גבינה פרמזנו משולש 150 גר</ManufacturerItemDescription>
      <UnitQty>גרמים</UnitQty>
      <Quantity>150.00</Quantity>
      <UnitOfMeasure>100 גרם</UnitOfMeasure>
      <bIsWeighted>0</bIsWeighted>
      <QtyInPackage>1</QtyInPackage>
      <ItemPrice>21.90</ItemPrice>
      <UnitOfMeasurePrice>14.6000</UnitOfMeasurePrice>
      <AllowDiscount>1</AllowDiscount>
      <ItemStatus>1</ItemStatus>
      <ItemId>63063</ItemId>
    </Item>
    <Item>
      <PriceUpdateDate>2023-12-31 12:49:40</PriceUpdateDate>
      <ItemCode>7290108503159</ItemCode>
      <ItemType>1</ItemType>
      <ItemName>גבינה כחולה עם עובש</ItemName>
      <ManufacturerName>,</ManufacturerName>
      <ManufactureCountry>לא ידוע</ManufactureCountry>
      <ManufacturerItemDescription>גבינה כחולה עם עובש 31% 100 גר</ManufacturerItemDescription>
      <UnitQty>גרמים</UnitQty>
      <Quantity>100.00</Quantity>
      <UnitOfMeasure>100 גרם</UnitOfMeasure>
      <bIsWeighted>0</bIsWeighted>
      <QtyInPackage>1</QtyInPackage>
      <ItemPrice>16.90</ItemPrice>
      <UnitOfMeasurePrice>16.9000</UnitOfMeasurePrice>
      <AllowDiscount>1</AllowDiscount>
      <ItemStatus>1</ItemStatus>
      <ItemId>63064</ItemId>
    </Item>
    <Item>
      <PriceUpdateDate>2024-09-02 10:50:43</PriceUpdateDate>
      <ItemCode>1911</ItemCode>
      <ItemType>0</ItemType>
      <ItemName>פולקה איטלקי גוש</ItemName>
      <ManufacturerName>,</ManufacturerName>
      <ManufactureCountry>לא ידוע</ManufactureCountry>
      <ManufacturerItemDescription>פולקה איטלקי גוש</ManufacturerItemDescription>
      <UnitQty>קילוגרמים</UnitQty>
      <Quantity>1.00</Quantity>
      <UnitOfMeasure>ק"ג</UnitOfMeasure>
      <bIsWeighted>1</bIsWeighted>
      <QtyInPackage>לא ידוע</QtyInPackage>
      <ItemPrice>119.00</ItemPrice>
      <UnitOfMeasurePrice>119.0000</UnitOfMeasurePrice>
      <AllowDiscount>1</AllowDiscount>
      <ItemStatus>1</ItemStatus>
      <ItemId>63237</ItemId>
    </Item>
    <Item>
      <PriceUpdateDate>2025-04-08 18:05:23</PriceUpdateDate>
      <ItemCode>4607117890843</ItemCode>
      <ItemType>1</ItemType>
      <ItemName>סוכ. קרמל רקובה שייק</ItemName>
      <ManufacturerName>,</ManufacturerName>
      <ManufactureCountry>לא ידוע</ManufactureCountry>
      <ManufacturerItemDescription>סוכ. קרמל רקובה שייקה 250 גר</ManufacturerItemDescription>
      <UnitQty>גרמים</UnitQty>
      <Quantity>250.00</Quantity>
      <UnitOfMeasure>100 גרם</UnitOfMeasure>
      <bIsWeighted>0</bIsWeighted>
      <QtyInPackage>20</QtyInPackage>
      <ItemPrice>14.90</ItemPrice>
      <UnitOfMeasurePrice>5.9600</UnitOfMeasurePrice>
      <AllowDiscount>1</AllowDiscount>
      <ItemStatus>1</ItemStatus>
      <ItemId>63246</ItemId>
    </Item>
    <Item>
      <PriceUpdateDate>2023-12-31 12:49:41</PriceUpdateDate>
      <ItemCode>7271730901261</ItemCode>
      <ItemType>1</ItemType>
      <ItemName>ארוחת אטריות ווקי מא</ItemName>
      <ManufacturerName>,</ManufacturerName>
      <ManufactureCountry>לא ידוע</ManufactureCountry>
      <ManufacturerItemDescription>ארוחת אטריות ווקי מאק עם גבינה 156 גר</ManufacturerItemDescription>
      <UnitQty>גרמים</UnitQty>
      <Quantity>156.00</Quantity>
      <UnitOfMeasure>100 גרם</UnitOfMeasure>
      <bIsWeighted>0</bIsWeighted>
      <QtyInPackage>1</QtyInPackage>
      <ItemPrice>12.90</ItemPrice>
      <UnitOfMeasurePrice>8.2692</UnitOfMeasurePrice>
      <AllowDiscount>1</AllowDiscount>
      <ItemStatus>1</ItemStatus>
      <ItemId>63248</ItemId>
    </Item>
    <Item>
      <PriceUpdateDate>2024-07-01 11:07:28</PriceUpdateDate>
      <ItemCode>8000570283607</ItemCode>
      <ItemType>1</ItemType>
      <ItemName>יין מבעבע מרטיני אסט</ItemName>
      <ManufacturerName>,</ManufacturerName>
      <ManufactureCountry>לא ידוע</ManufactureCountry>
      <ManufacturerItemDescription>יין מבעבע  מרטיני מתוק 750 מ"ל</ManufacturerItemDescription>
      <UnitQty>מיליליטרים</UnitQty>
      <Quantity>750.00</Quantity>
      <UnitOfMeasure>100 מ"ל</UnitOfMeasure>
      <bIsWeighted>0</bIsWeighted>
      <QtyInPackage>1</QtyInPackage>
      <ItemPrice>79.90</ItemPrice>
      <UnitOfMeasurePrice>10.6533</UnitOfMeasurePrice>
      <AllowDiscount>1</AllowDiscount>
      <ItemStatus>1</ItemStatus>
      <ItemId>63265</ItemId>
    </Item>
    <Item>
      <PriceUpdateDate>2024-03-03 08:49:09</PriceUpdateDate>
      <ItemCode>3525490024970</ItemCode>
      <ItemType>1</ItemType>
      <ItemName>יין לה וילט שרדונה 7</ItemName>
      <ManufacturerName>לה וילט</ManufacturerName>
      <ManufactureCountry>צרפת</ManufactureCountry>
      <ManufacturerItemDescription>יין לה וילט שרדונה 750 מ"ל</ManufacturerItemDescription>
      <UnitQty>מיליליטרים</UnitQty>
      <Quantity>750.00</Quantity>
      <UnitOfMeasure>100 מ"ל</UnitOfMeasure>
      <bIsWeighted>0</bIsWeighted>
      <QtyInPackage>6</QtyInPackage>
      <ItemPrice>64.90</ItemPrice>
      <UnitOfMeasurePrice>8.6533</UnitOfMeasurePrice>
      <AllowDiscount>1</AllowDiscount>
      <ItemStatus>1</ItemStatus>
      <ItemId>63275</ItemId>
    </Item>
    <Item>
      <PriceUpdateDate>2024-03-03 08:49:09</PriceUpdateDate>
      <ItemCode>3525490024987</ItemCode>
      <ItemType>1</ItemType>
      <ItemName>יין לה וילט פינו נוא</ItemName>
      <ManufacturerName>לה וילט</ManufacturerName>
      <ManufactureCountry>צרפת</ManufactureCountry>
      <ManufacturerItemDescription>יין לה וילט פינו נואר 750 מ"ל</ManufacturerItemDescription>
      <UnitQty>מיליליטרים</UnitQty>
      <Quantity>750.00</Quantity>
      <UnitOfMeasure>100 מ"ל</UnitOfMeasure>
      <bIsWeighted>0</bIsWeighted>
      <QtyInPackage>6</QtyInPackage>
      <ItemPrice>64.90</ItemPrice>
      <UnitOfMeasurePrice>8.6533</UnitOfMeasurePrice>
      <AllowDiscount>1</AllowDiscount>
      <ItemStatus>1</ItemStatus>
      <ItemId>63276</ItemId>
    </Item>
    <Item>
      <PriceUpdateDate>2023-12-31 12:49:41</PriceUpdateDate>
      <ItemCode>15856</ItemCode>
      <ItemType>0</ItemType>
      <ItemName>עוף בקארי הודי</ItemName>
      <ManufacturerName>,</ManufacturerName>
      <ManufactureCountry>לא ידוע</ManufactureCountry>
      <ManufacturerItemDescription>עוף בקארי הודי</ManufacturerItemDescription>
      <UnitQty>קילוגרמים</UnitQty>
      <Quantity>1.00</Quantity>
      <UnitOfMeasure>ק"ג</UnitOfMeasure>
      <bIsWeighted>1</bIsWeighted>
      <QtyInPackage>לא ידוע</QtyInPackage>
      <ItemPrice>69.00</ItemPrice>
      <UnitOfMeasurePrice>69.0000</UnitOfMeasurePrice>
      <AllowDiscount>1</AllowDiscount>
      <ItemStatus>1</ItemStatus>
      <ItemId>63304</ItemId>
    </Item>
    <Item>
      <PriceUpdateDate>2023-12-31 12:49:42</PriceUpdateDate>
      <ItemCode>8001876552459</ItemCode>
      <ItemType>1</ItemType>
      <ItemName>חומץ בלסמי מדנה מיוש</ItemName>
      <ManufacturerName>DE NIGRIS</ManufacturerName>
      <ManufactureCountry>איטליה</ManufactureCountry>
      <ManufacturerItemDescription>חומץ בלסמי מדנה מיושן קולוויטה 250 מ"ל</ManufacturerItemDescription>
      <UnitQty>מיליליטרים</UnitQty>
      <Quantity>250.00</Quantity>
      <UnitOfMeasure>100 מ"ל</UnitOfMeasure>
      <bIsWeighted>0</bIsWeighted>
      <QtyInPackage>6</QtyInPackage>
      <ItemPrice>42.90</ItemPrice>
      <UnitOfMeasurePrice>17.1600</UnitOfMeasurePrice>
      <AllowDiscount>1</AllowDiscount>
      <ItemStatus>1</ItemStatus>
      <ItemId>63456</ItemId>
    </Item>
    <Item>
      <PriceUpdateDate>2023-12-31 12:49:42</PriceUpdateDate>
      <ItemCode>7290002196884</ItemCode>
      <ItemType>1</ItemType>
      <ItemName>משק לין רוטב דבש עם</ItemName>
      <ManufacturerName>משק לין</ManufacturerName>
      <ManufactureCountry>ישראל</ManufactureCountry>
      <ManufacturerItemDescription>משק לין רוטב דבש עם בוטנים וקארי 320 גר</ManufacturerItemDescription>
      <UnitQty>גרמים</UnitQty>
      <Quantity>320.00</Quantity>
      <UnitOfMeasure>100 גרם</UnitOfMeasure>
      <bIsWeighted>0</bIsWeighted>
      <QtyInPackage>12</QtyInPackage>
      <ItemPrice>24.90</ItemPrice>
      <UnitOfMeasurePrice>7.7812</UnitOfMeasurePrice>
      <AllowDiscount>1</AllowDiscount>
      <ItemStatus>1</ItemStatus>
      <ItemId>63496</ItemId>
    </Item>
    <Item>
      <PriceUpdateDate>2023-12-31 12:49:42</PriceUpdateDate>
      <ItemCode>7290015663052</ItemCode>
      <ItemType>1</ItemType>
      <ItemName>מרק כפרי ביתי 400 גר</ItemName>
      <ManufacturerName>,</ManufacturerName>
      <ManufactureCountry>ישראל</ManufactureCountry>
      <ManufacturerItemDescription>מרק כפרי ביתי 400 גר</ManufacturerItemDescription>
      <UnitQty>גרמים</UnitQty>
      <Quantity>400.00</Quantity>
      <UnitOfMeasure>100 גרם</UnitOfMeasure>
      <bIsWeighted>0</bIsWeighted>
      <QtyInPackage>12</QtyInPackage>
      <ItemPrice>22.90</ItemPrice>
      <UnitOfMeasurePrice>5.7250</UnitOfMeasurePrice>
      <AllowDiscount>1</AllowDiscount>
      <ItemStatus>1</ItemStatus>
      <ItemId>63521</ItemId>
    </Item>
    <Item>
      <PriceUpdateDate>2023-12-31 12:49:43</PriceUpdateDate>
      <ItemCode>7290101812340</ItemCode>
      <ItemType>1</ItemType>
      <ItemName>פטרוצאן מצונן מזרע 7</ItemName>
      <ManufacturerName>,</ManufacturerName>
      <ManufactureCountry>לא ידוע</ManufactureCountry>
      <ManufacturerItemDescription>פטרוצאן מצונן מזרע 700 גר</ManufacturerItemDescription>
      <UnitQty>גרמים</UnitQty>
      <Quantity>700.00</Quantity>
      <UnitOfMeasure>100 גרם</UnitOfMeasure>
      <bIsWeighted>0</bIsWeighted>
      <QtyInPackage>לא ידוע</QtyInPackage>
      <ItemPrice>69.90</ItemPrice>
      <UnitOfMeasurePrice>9.9857</UnitOfMeasurePrice>
      <AllowDiscount>1</AllowDiscount>
      <ItemStatus>1</ItemStatus>
      <ItemId>63593</ItemId>
    </Item>
    <Item>
      <PriceUpdateDate>2023-12-31 12:49:44</PriceUpdateDate>
      <ItemCode>4850001035718</ItemCode>
      <ItemType>1</ItemType>
      <ItemName>ריבת דובדבנים לבנים</ItemName>
      <ManufacturerName>,</ManufacturerName>
      <ManufactureCountry>לא ידוע</ManufactureCountry>
      <ManufacturerItemDescription>ריבת דובדבנים לבנים 600 גר</ManufacturerItemDescription>
      <UnitQty>גרמים</UnitQty>
      <Quantity>600.00</Quantity>
      <UnitOfMeasure>100 גרם</UnitOfMeasure>
      <bIsWeighted>0</bIsWeighted>
      <QtyInPackage>1</QtyInPackage>
      <ItemPrice>25.90</ItemPrice>
      <UnitOfMeasurePrice>4.3167</UnitOfMeasurePrice>
      <AllowDiscount>1</AllowDiscount>
      <ItemStatus>1</ItemStatus>
      <ItemId>63619</ItemId>
    </Item>
    <Item>
      <PriceUpdateDate>2023-12-31 12:49:44</PriceUpdateDate>
      <ItemCode>4850001035602</ItemCode>
      <ItemType>1</ItemType>
      <ItemName>ריבת דובדבן חמוץ 600</ItemName>
      <ManufacturerName>,</ManufacturerName>
      <ManufactureCountry>לא ידוע</ManufactureCountry>
      <ManufacturerItemDescription>ריבת דובדבן חמוץ 600 גר</ManufacturerItemDescription>
      <UnitQty>גרמים</UnitQty>
      <Quantity>600.00</Quantity>
      <UnitOfMeasure>100 גרם</UnitOfMeasure>
      <bIsWeighted>0</bIsWeighted>
      <QtyInPackage>1</QtyInPackage>
      <ItemPrice>25.90</ItemPrice>
      <UnitOfMeasurePrice>4.3167</UnitOfMeasurePrice>
      <AllowDiscount>1</AllowDiscount>
      <ItemStatus>1</ItemStatus>
      <ItemId>63620</ItemId>
    </Item>
    <Item>
      <PriceUpdateDate>2023-12-31 12:49:44</PriceUpdateDate>
      <ItemCode>7290003094363</ItemCode>
      <ItemType>1</ItemType>
      <ItemName>שרימפס מבושל 41-50 7</ItemName>
      <ManufacturerName>,</ManufacturerName>
      <ManufactureCountry>לא ידוע</ManufactureCountry>
      <ManufacturerItemDescription>שרימפס מבושל 41-50 750 גר</ManufacturerItemDescription>
      <UnitQty>גרמים</UnitQty>
      <Quantity>750.00</Quantity>
      <UnitOfMeasure>100 גרם</UnitOfMeasure>
      <bIsWeighted>0</bIsWeighted>
      <QtyInPackage>לא ידוע</QtyInPackage>
      <ItemPrice>59.90</ItemPrice>
      <UnitOfMeasurePrice>7.9867</UnitOfMeasurePrice>
      <AllowDiscount>1</AllowDiscount>
      <ItemStatus>1</ItemStatus>
      <ItemId>63682</ItemId>
    </Item>
    <Item>
      <PriceUpdateDate>2025-03-06 19:02:09</PriceUpdateDate>
      <ItemCode>9002859105630</ItemCode>
      <ItemType>1</ItemType>
      <ItemName>מרציפן גונץ מצופה שו</ItemName>
      <ManufacturerName>,</ManufacturerName>
      <ManufactureCountry>לא ידוע</ManufactureCountry>
      <ManufacturerItemDescription>מרציפן גונץ מצופה שוקולד חלב ונוגט 75 ג</ManufacturerItemDescription>
      <UnitQty>גרמים</UnitQty>
      <Quantity>75.00</Quantity>
      <UnitOfMeasure>100 גרם</UnitOfMeasure>
      <bIsWeighted>0</bIsWeighted>
      <QtyInPackage>1</QtyInPackage>
      <ItemPrice>12.90</ItemPrice>
      <UnitOfMeasurePrice>17.2000</UnitOfMeasurePrice>
      <AllowDiscount>1</AllowDiscount>
      <ItemStatus>1</ItemStatus>
      <ItemId>63691</ItemId>
    </Item>
    <Item>
      <PriceUpdateDate>2025-02-02 07:39:56</PriceUpdateDate>
      <ItemCode>7290112770400</ItemCode>
      <ItemType>0</ItemType>
      <ItemName>פשטידת תרד 600 גר</ItemName>
      <ManufacturerName>,</ManufacturerName>
      <ManufactureCountry>לא ידוע</ManufactureCountry>
      <ManufacturerItemDescription>פשטידת תרד 600 גר</ManufacturerItemDescription>
      <UnitQty>גרמים</UnitQty>
      <Quantity>600.00</Quantity>
      <UnitOfMeasure>100 גרם</UnitOfMeasure>
      <bIsWeighted>0</bIsWeighted>
      <QtyInPackage>1</QtyInPackage>
      <ItemPrice>49.90</ItemPrice>
      <UnitOfMeasurePrice>8.3167</UnitOfMeasurePrice>
      <AllowDiscount>1</AllowDiscount>
      <ItemStatus>1</ItemStatus>
      <ItemId>63698</ItemId>
    </Item>
    <Item>
      <PriceUpdateDate>2025-06-03 08:36:02</PriceUpdateDate>
      <ItemCode>7290112770387</ItemCode>
      <ItemType>0</ItemType>
      <ItemName>סלט אבוקדו וביצים 40</ItemName>
      <ManufacturerName>,</ManufacturerName>
      <ManufactureCountry>לא ידוע</ManufactureCountry>
      <ManufacturerItemDescription>סלט אבוקדו וביצים 400 גרם</ManufacturerItemDescription>
      <UnitQty>גרמים</UnitQty>
      <Quantity>400.00</Quantity>
      <UnitOfMeasure>100 גרם</UnitOfMeasure>
      <bIsWeighted>0</bIsWeighted>
      <QtyInPackage>1</QtyInPackage>
      <ItemPrice>25.90</ItemPrice>
      <UnitOfMeasurePrice>6.4750</UnitOfMeasurePrice>
      <AllowDiscount>1</AllowDiscount>
      <ItemStatus>1</ItemStatus>
      <ItemId>63699</ItemId>
    </Item>
    <Item>
      <PriceUpdateDate>2025-09-01 14:08:09</PriceUpdateDate>
      <ItemCode>4823006805075</ItemCode>
      <ItemType>1</ItemType>
      <ItemName>מלפפונים NEZEN בטעם</ItemName>
      <ManufacturerName>NEZHIN</ManufacturerName>
      <ManufactureCountry>UA</ManufactureCountry>
      <ManufacturerItemDescription>מלפפונים NEZEN בטעם כפרי 920 גר</ManufacturerItemDescription>
      <UnitQty>גרמים</UnitQty>
      <Quantity>920.00</Quantity>
      <UnitOfMeasure>100 גרם</UnitOfMeasure>
      <bIsWeighted>0</bIsWeighted>
      <QtyInPackage>12</QtyInPackage>
      <ItemPrice>22.90</ItemPrice>
      <UnitOfMeasurePrice>2.4891</UnitOfMeasurePrice>
      <AllowDiscount>1</AllowDiscount>
      <ItemStatus>1</ItemStatus>
      <ItemId>63760</ItemId>
    </Item>
    <Item>
      <PriceUpdateDate>2025-04-01 17:47:33</PriceUpdateDate>
      <ItemCode>4850001397649</ItemCode>
      <ItemType>1</ItemType>
      <ItemName>דרזה שוקולד חלב פנדה</ItemName>
      <ManufacturerName>,</ManufacturerName>
      <ManufactureCountry>לא ידוע</ManufactureCountry>
      <ManufacturerItemDescription>דרזה שוקולד חלב פנדה 150 גר</ManufacturerItemDescription>
      <UnitQty>גרמים</UnitQty>
      <Quantity>150.00</Quantity>
      <UnitOfMeasure>100 גרם</UnitOfMeasure>
      <bIsWeighted>0</bIsWeighted>
      <QtyInPackage>20</QtyInPackage>
      <ItemPrice>10.90</ItemPrice>
      <UnitOfMeasurePrice>7.2667</UnitOfMeasurePrice>
      <AllowDiscount>1</AllowDiscount>
      <ItemStatus>1</ItemStatus>
      <ItemId>63765</ItemId>
    </Item>
    <Item>
      <PriceUpdateDate>2025-01-07 18:48:38</PriceUpdateDate>
      <ItemCode>4607084352061</ItemCode>
      <ItemType>1</ItemType>
      <ItemName>עוגיות שוקו פאי קקאו</ItemName>
      <ManufacturerName>לוט.ק.פ</ManufacturerName>
      <ManufactureCountry>רוסיה</ManufactureCountry>
      <ManufacturerItemDescription>עוגיות שוקו פאי קקאו 360 גר</ManufacturerItemDescription>
      <UnitQty>גרמים</UnitQty>
      <Quantity>360.00</Quantity>
      <UnitOfMeasure>100 גרם</UnitOfMeasure>
      <bIsWeighted>0</bIsWeighted>
      <QtyInPackage>8</QtyInPackage>
      <ItemPrice>19.90</ItemPrice>
      <UnitOfMeasurePrice>5.5278</UnitOfMeasurePrice>
      <AllowDiscount>1</AllowDiscount>
      <ItemStatus>1</ItemStatus>
      <ItemId>63766</ItemId>
    </Item>
    <Item>
      <PriceUpdateDate>2024-01-14 08:33:49</PriceUpdateDate>
      <ItemCode>4770583221340</ItemCode>
      <ItemType>1</ItemType>
      <ItemName>מיונז אמריקן 620 גר</ItemName>
      <ManufacturerName>,</ManufacturerName>
      <ManufactureCountry>לא ידוע</ManufactureCountry>
      <ManufacturerItemDescription>מיונז אמריקן 620 גר</ManufacturerItemDescription>
      <UnitQty>גרמים</UnitQty>
      <Quantity>620.00</Quantity>
      <UnitOfMeasure>100 גרם</UnitOfMeasure>
      <bIsWeighted>0</bIsWeighted>
      <QtyInPackage>1</QtyInPackage>
      <ItemPrice>20.90</ItemPrice>
      <UnitOfMeasurePrice>3.3710</UnitOfMeasurePrice>
      <AllowDiscount>1</AllowDiscount>
      <ItemStatus>1</ItemStatus>
      <ItemId>63808</ItemId>
    </Item>
    <Item>
      <PriceUpdateDate>2024-06-05 16:19:10</PriceUpdateDate>
      <ItemCode>7290008855136</ItemCode>
      <ItemType>1</ItemType>
      <ItemName>ניוקי תפוא 450 גר</ItemName>
      <ManufacturerName>,</ManufacturerName>
      <ManufactureCountry>לא ידוע</ManufactureCountry>
      <ManufacturerItemDescription>ניוקי תפו"א</ManufacturerItemDescription>
      <UnitQty>גרמים</UnitQty>
      <Quantity>450.00</Quantity>
      <UnitOfMeasure>100 גרם</UnitOfMeasure>
      <bIsWeighted>0</bIsWeighted>
      <QtyInPackage>לא ידוע</QtyInPackage>
      <ItemPrice>34.90</ItemPrice>
      <UnitOfMeasurePrice>7.7556</UnitOfMeasurePrice>
      <AllowDiscount>1</AllowDiscount>
      <ItemStatus>1</ItemStatus>
      <ItemId>63992</ItemId>
    </Item>
    <Item>
      <PriceUpdateDate>2023-12-31 12:49:45</PriceUpdateDate>
      <ItemCode>7290008855228</ItemCode>
      <ItemType>1</ItemType>
      <ItemName>רביולי בטטה 450 גר</ItemName>
      <ManufacturerName>,</ManufacturerName>
      <ManufactureCountry>לא ידוע</ManufactureCountry>
      <ManufacturerItemDescription>רביולי בטטה</ManufacturerItemDescription>
      <UnitQty>גרמים</UnitQty>
      <Quantity>450.00</Quantity>
      <UnitOfMeasure>100 גרם</UnitOfMeasure>
      <bIsWeighted>0</bIsWeighted>
      <QtyInPackage>לא ידוע</QtyInPackage>
      <ItemPrice>44.90</ItemPrice>
      <UnitOfMeasurePrice>9.9778</UnitOfMeasurePrice>
      <AllowDiscount>1</AllowDiscount>
      <ItemStatus>1</ItemStatus>
      <ItemId>63993</ItemId>
    </Item>
    <Item>
      <PriceUpdateDate>2023-12-31 12:49:45</PriceUpdateDate>
      <ItemCode>7290008855518</ItemCode>
      <ItemType>1</ItemType>
      <ItemName>רביולי תרד 450 גר</ItemName>
      <ManufacturerName>,</ManufacturerName>
      <ManufactureCountry>לא ידוע</ManufactureCountry>
      <ManufacturerItemDescription>רביולי תרד</ManufacturerItemDescription>
      <UnitQty>גרמים</UnitQty>
      <Quantity>450.00</Quantity>
      <UnitOfMeasure>100 גרם</UnitOfMeasure>
      <bIsWeighted>0</bIsWeighted>
      <QtyInPackage>לא ידוע</QtyInPackage>
      <ItemPrice>44.90</ItemPrice>
      <UnitOfMeasurePrice>9.9778</UnitOfMeasurePrice>
      <AllowDiscount>1</AllowDiscount>
      <ItemStatus>1</ItemStatus>
      <ItemId>63994</ItemId>
    </Item>
    <Item>
      <PriceUpdateDate>2023-12-31 12:49:45</PriceUpdateDate>
      <ItemCode>7290008855563</ItemCode>
      <ItemType>1</ItemType>
      <ItemName>רביולי פורמגו 450 גר</ItemName>
      <ManufacturerName>,</ManufacturerName>
      <ManufactureCountry>לא ידוע</ManufactureCountry>
      <ManufacturerItemDescription>רביולי פורמגו</ManufacturerItemDescription>
      <UnitQty>גרמים</UnitQty>
      <Quantity>450.00</Quantity>
      <UnitOfMeasure>100 גרם</UnitOfMeasure>
      <bIsWeighted>0</bIsWeighted>
      <QtyInPackage>לא ידוע</QtyInPackage>
      <ItemPrice>44.90</ItemPrice>
      <UnitOfMeasurePrice>9.9778</UnitOfMeasurePrice>
      <AllowDiscount>1</AllowDiscount>
      <ItemStatus>1</ItemStatus>
      <ItemId>63995</ItemId>
    </Item>
    <Item>
      <PriceUpdateDate>2023-12-31 12:49:45</PriceUpdateDate>
      <ItemCode>7290008855525</ItemCode>
      <ItemType>1</ItemType>
      <ItemName>רביולי פטריות 450 גר</ItemName>
      <ManufacturerName>,</ManufacturerName>
      <ManufactureCountry>לא ידוע</ManufactureCountry>
      <ManufacturerItemDescription>רביולי פטריות</ManufacturerItemDescription>
      <UnitQty>גרמים</UnitQty>
      <Quantity>450.00</Quantity>
      <UnitOfMeasure>100 גרם</UnitOfMeasure>
      <bIsWeighted>0</bIsWeighted>
      <QtyInPackage>לא ידוע</QtyInPackage>
      <ItemPrice>44.90</ItemPrice>
      <UnitOfMeasurePrice>9.9778</UnitOfMeasurePrice>
      <AllowDiscount>1</AllowDiscount>
      <ItemStatus>1</ItemStatus>
      <ItemId>63996</ItemId>
    </Item>
    <Item>
      <PriceUpdateDate>2024-06-05 16:19:10</PriceUpdateDate>
      <ItemCode>7290008855327</ItemCode>
      <ItemType>1</ItemType>
      <ItemName>טורטליני גבינות 450</ItemName>
      <ManufacturerName>,</ManufacturerName>
      <ManufactureCountry>לא ידוע</ManufactureCountry>
      <ManufacturerItemDescription>טורטליני גבינות</ManufacturerItemDescription>
      <UnitQty>גרמים</UnitQty>
      <Quantity>450.00</Quantity>
      <UnitOfMeasure>100 גרם</UnitOfMeasure>
      <bIsWeighted>0</bIsWeighted>
      <QtyInPackage>לא ידוע</QtyInPackage>
      <ItemPrice>49.90</ItemPrice>
      <UnitOfMeasurePrice>11.0889</UnitOfMeasurePrice>
      <AllowDiscount>1</AllowDiscount>
      <ItemStatus>1</ItemStatus>
      <ItemId>63997</ItemId>
    </Item>
    <Item>
      <PriceUpdateDate>2023-12-31 12:49:46</PriceUpdateDate>
      <ItemCode>7290108503814</ItemCode>
      <ItemType>1</ItemType>
      <ItemName>גבינה מותכת למריחה 2</ItemName>
      <ManufacturerName>לוטס</ManufacturerName>
      <ManufactureCountry>לא ידוע</ManufactureCountry>
      <ManufacturerItemDescription>גבינה מותכת למריחה 200 גר</ManufacturerItemDescription>
      <UnitQty>גרמים</UnitQty>
      <Quantity>200.00</Quantity>
      <UnitOfMeasure>100 גרם</UnitOfMeasure>
      <bIsWeighted>0</bIsWeighted>
      <QtyInPackage>1</QtyInPackage>
      <ItemPrice>13.90</ItemPrice>
      <UnitOfMeasurePrice>6.9500</UnitOfMeasurePrice>
      <AllowDiscount>1</AllowDiscount>
      <ItemStatus>1</ItemStatus>
      <ItemId>64013</ItemId>
    </Item>
    <Item>
      <PriceUpdateDate>2025-04-08 18:06:45</PriceUpdateDate>
      <ItemCode>7290108503746</ItemCode>
      <ItemType>1</ItemType>
      <ItemName>חמאה מלוחה מבלגיה 20</ItemName>
      <ManufacturerName>לוטס</ManufacturerName>
      <ManufactureCountry>לא ידוע</ManufactureCountry>
      <ManufacturerItemDescription>מחאה מלוחה מבלגיה 200 גר</ManufacturerItemDescription>
      <UnitQty>גרמים</UnitQty>
      <Quantity>200.00</Quantity>
      <UnitOfMeasure>100 גרם</UnitOfMeasure>
      <bIsWeighted>0</bIsWeighted>
      <QtyInPackage>1</QtyInPackage>
      <ItemPrice>16.90</ItemPrice>
      <UnitOfMeasurePrice>8.4500</UnitOfMeasurePrice>
      <AllowDiscount>1</AllowDiscount>
      <ItemStatus>1</ItemStatus>
      <ItemId>64017</ItemId>
    </Item>
    <Item>
      <PriceUpdateDate>2025-05-04 19:33:31</PriceUpdateDate>
      <ItemCode>7290002617709</ItemCode>
      <ItemType>1</ItemType>
      <ItemName>שרימפס מקולף 16-20 1</ItemName>
      <ManufacturerName>,</ManufacturerName>
      <ManufactureCountry>לא ידוע</ManufactureCountry>
      <ManufacturerItemDescription>שרימפס מקולף 16/20 1קג</ManufacturerItemDescription>
      <UnitQty>קילוגרמים</UnitQty>
      <Quantity>1.00</Quantity>
      <UnitOfMeasure>ק"ג     </UnitOfMeasure>
      <bIsWeighted>0</bIsWeighted>
      <QtyInPackage>1</QtyInPackage>
      <ItemPrice>129.90</ItemPrice>
      <UnitOfMeasurePrice>129.9000</UnitOfMeasurePrice>
      <AllowDiscount>1</AllowDiscount>
      <ItemStatus>1</ItemStatus>
      <ItemId>64074</ItemId>
    </Item>
    <Item>
      <PriceUpdateDate>2023-12-31 12:49:46</PriceUpdateDate>
      <ItemCode>70177077563</ItemCode>
      <ItemType>1</ItemType>
      <ItemName>תה טווינינג ארל גריי</ItemName>
      <ManufacturerName>טווינינג</ManufacturerName>
      <ManufactureCountry>PL</ManufactureCountry>
      <ManufacturerItemDescription>תה טווינינג ארל גריי 50 גר</ManufacturerItemDescription>
      <UnitQty>גרמים</UnitQty>
      <Quantity>50.00</Quantity>
      <UnitOfMeasure>100 גרם</UnitOfMeasure>
      <bIsWeighted>0</bIsWeighted>
      <QtyInPackage>12</QtyInPackage>
      <ItemPrice>19.90</ItemPrice>
      <UnitOfMeasurePrice>39.8000</UnitOfMeasurePrice>
      <AllowDiscount>1</AllowDiscount>
      <ItemStatus>1</ItemStatus>
      <ItemId>64115</ItemId>
    </Item>
    <Item>
      <PriceUpdateDate>2023-12-31 12:49:46</PriceUpdateDate>
      <ItemCode>70177077693</ItemCode>
      <ItemType>1</ItemType>
      <ItemName>תה טווינינג אינגליש</ItemName>
      <ManufacturerName>טווינינג</ManufacturerName>
      <ManufactureCountry>פולין</ManufactureCountry>
      <ManufacturerItemDescription>תה טווינינג  אינגליש ברקפסט 50 גר</ManufacturerItemDescription>
      <UnitQty>גרמים</UnitQty>
      <Quantity>50.00</Quantity>
      <UnitOfMeasure>100 גרם</UnitOfMeasure>
      <bIsWeighted>0</bIsWeighted>
      <QtyInPackage>12</QtyInPackage>
      <ItemPrice>19.90</ItemPrice>
      <UnitOfMeasurePrice>39.8000</UnitOfMeasurePrice>
      <AllowDiscount>1</AllowDiscount>
      <ItemStatus>1</ItemStatus>
      <ItemId>64116</ItemId>
    </Item>
    <Item>
      <PriceUpdateDate>2023-12-31 12:49:46</PriceUpdateDate>
      <ItemCode>70177086664</ItemCode>
      <ItemType>1</ItemType>
      <ItemName>תה ירוק פיור 25 שק 5</ItemName>
      <ManufacturerName>טווינינג</ManufacturerName>
      <ManufactureCountry>פולין</ManufactureCountry>
      <ManufacturerItemDescription>תה ירוק פיור 25 שק 50 גר</ManufacturerItemDescription>
      <UnitQty>גרמים</UnitQty>
      <Quantity>50.00</Quantity>
      <UnitOfMeasure>100 גרם</UnitOfMeasure>
      <bIsWeighted>0</bIsWeighted>
      <QtyInPackage>12</QtyInPackage>
      <ItemPrice>22.90</ItemPrice>
      <UnitOfMeasurePrice>45.8000</UnitOfMeasurePrice>
      <AllowDiscount>1</AllowDiscount>
      <ItemStatus>1</ItemStatus>
      <ItemId>64117</ItemId>
    </Item>
    <Item>
      <PriceUpdateDate>2024-02-26 09:06:30</PriceUpdateDate>
      <ItemCode>70177177669</ItemCode>
      <ItemType>1</ItemType>
      <ItemName>חליטת לימון גינגר 20</ItemName>
      <ManufacturerName>טווינינג</ManufacturerName>
      <ManufactureCountry>פולין</ManufactureCountry>
      <ManufacturerItemDescription>חליטת לימון גינגר 20 שק 30 גר</ManufacturerItemDescription>
      <UnitQty>גרמים</UnitQty>
      <Quantity>30.00</Quantity>
      <UnitOfMeasure>100 גרם</UnitOfMeasure>
      <bIsWeighted>0</bIsWeighted>
      <QtyInPackage>1</QtyInPackage>
      <ItemPrice>19.90</ItemPrice>
      <UnitOfMeasurePrice>66.3333</UnitOfMeasurePrice>
      <AllowDiscount>1</AllowDiscount>
      <ItemStatus>1</ItemStatus>
      <ItemId>64120</ItemId>
    </Item>
    <Item>
      <PriceUpdateDate>2024-05-02 16:06:51</PriceUpdateDate>
      <ItemCode>8716000968951</ItemCode>
      <ItemType>1</ItemType>
      <ItemName>ליקר ביצים בולס 500</ItemName>
      <ManufacturerName>קוימנס</ManufacturerName>
      <ManufactureCountry>לא ידוע</ManufactureCountry>
      <ManufacturerItemDescription>ליקר ביצים בולס 500</ManufacturerItemDescription>
      <UnitQty>מיליליטרים</UnitQty>
      <Quantity>500.00</Quantity>
      <UnitOfMeasure>100 מ"ל</UnitOfMeasure>
      <bIsWeighted>0</bIsWeighted>
      <QtyInPackage>1</QtyInPackage>
      <ItemPrice>64.90</ItemPrice>
      <UnitOfMeasurePrice>12.9800</UnitOfMeasurePrice>
      <AllowDiscount>1</AllowDiscount>
      <ItemStatus>1</ItemStatus>
      <ItemId>64184</ItemId>
    </Item>
    <Item>
      <PriceUpdateDate>2023-12-31 12:49:46</PriceUpdateDate>
      <ItemCode>7393714368584</ItemCode>
      <ItemType>1</ItemType>
      <ItemName>סיידר קופרברג תות לי</ItemName>
      <ManufacturerName>BEVERAGES FOODS &amp; SE</ManufacturerName>
      <ManufactureCountry>אוקראינה</ManufactureCountry>
      <ManufacturerItemDescription>סיידר קופרברג תות ליים 330 מ"ל</ManufacturerItemDescription>
      <UnitQty>מיליליטרים</UnitQty>
      <Quantity>330.00</Quantity>
      <UnitOfMeasure>100 מ"ל</UnitOfMeasure>
      <bIsWeighted>0</bIsWeighted>
      <QtyInPackage>12</QtyInPackage>
      <ItemPrice>9.90</ItemPrice>
      <UnitOfMeasurePrice>3.0000</UnitOfMeasurePrice>
      <AllowDiscount>1</AllowDiscount>
      <ItemStatus>1</ItemStatus>
      <ItemId>64189</ItemId>
    </Item>
    <Item>
      <PriceUpdateDate>2023-12-31 12:49:46</PriceUpdateDate>
      <ItemCode>7393714369208</ItemCode>
      <ItemType>1</ItemType>
      <ItemName>סיידר קופרברג פירות</ItemName>
      <ManufacturerName>BEVERAGES FOODS &amp; SE</ManufacturerName>
      <ManufactureCountry>אוקראינה</ManufactureCountry>
      <ManufacturerItemDescription>סיידר קופרברג פירות יער 330 מ"ל</ManufacturerItemDescription>
      <UnitQty>מיליליטרים</UnitQty>
      <Quantity>330.00</Quantity>
      <UnitOfMeasure>100 מ"ל</UnitOfMeasure>
      <bIsWeighted>0</bIsWeighted>
      <QtyInPackage>12</QtyInPackage>
      <ItemPrice>9.90</ItemPrice>
      <UnitOfMeasurePrice>3.0000</UnitOfMeasurePrice>
      <AllowDiscount>1</AllowDiscount>
      <ItemStatus>1</ItemStatus>
      <ItemId>64190</ItemId>
    </Item>
    <Item>
      <PriceUpdateDate>2025-03-06 19:07:23</PriceUpdateDate>
      <ItemCode>4823077625145</ItemCode>
      <ItemType>1</ItemType>
      <ItemName>בונ דובדבן+ליקר דובד</ItemName>
      <ManufacturerName>רושן</ManufacturerName>
      <ManufactureCountry>לא ידוע</ManufactureCountry>
      <ManufacturerItemDescription>בונ דובדבן+ליקר דובדבן 155 גר</ManufacturerItemDescription>
      <UnitQty>גרמים</UnitQty>
      <Quantity>155.00</Quantity>
      <UnitOfMeasure>100 גרם</UnitOfMeasure>
      <bIsWeighted>0</bIsWeighted>
      <QtyInPackage>1</QtyInPackage>
      <ItemPrice>24.90</ItemPrice>
      <UnitOfMeasurePrice>16.0645</UnitOfMeasurePrice>
      <AllowDiscount>1</AllowDiscount>
      <ItemStatus>1</ItemStatus>
      <ItemId>64258</ItemId>
    </Item>
    <Item>
      <PriceUpdateDate>2025-03-06 19:07:23</PriceUpdateDate>
      <ItemCode>4823077623684</ItemCode>
      <ItemType>1</ItemType>
      <ItemName>סוכ טיפת חלב 150 גר</ItemName>
      <ManufacturerName>קייב קרמנציק</ManufacturerName>
      <ManufactureCountry>לא ידוע</ManufactureCountry>
      <ManufacturerItemDescription>סוכ טיפת חלב 150 גר</ManufacturerItemDescription>
      <UnitQty>גרמים</UnitQty>
      <Quantity>150.00</Quantity>
      <UnitOfMeasure>100 גרם</UnitOfMeasure>
      <bIsWeighted>0</bIsWeighted>
      <QtyInPackage>12</QtyInPackage>
      <ItemPrice>9.90</ItemPrice>
      <UnitOfMeasurePrice>6.6000</UnitOfMeasurePrice>
      <AllowDiscount>1</AllowDiscount>
      <ItemStatus>1</ItemStatus>
      <ItemId>64259</ItemId>
    </Item>
    <Item>
      <PriceUpdateDate>2023-12-31 12:49:47</PriceUpdateDate>
      <ItemCode>6922571300713</ItemCode>
      <ItemType>1</ItemType>
      <ItemName>ארנה-דג פוטה 90 גר</ItemName>
      <ManufacturerName>ארנה</ManufacturerName>
      <ManufactureCountry>סין</ManufactureCountry>
      <ManufacturerItemDescription>ארנה-דג פוטה 90 גר</ManufacturerItemDescription>
      <UnitQty>גרמים</UnitQty>
      <Quantity>90.00</Quantity>
      <UnitOfMeasure>100 גרם</UnitOfMeasure>
      <bIsWeighted>0</bIsWeighted>
      <QtyInPackage>50</QtyInPackage>
      <ItemPrice>15.90</ItemPrice>
      <UnitOfMeasurePrice>17.6667</UnitOfMeasurePrice>
      <AllowDiscount>1</AllowDiscount>
      <ItemStatus>1</ItemStatus>
      <ItemId>64262</ItemId>
    </Item>
    <Item>
      <PriceUpdateDate>2023-12-31 12:49:47</PriceUpdateDate>
      <ItemCode>2271</ItemCode>
      <ItemType>0</ItemType>
      <ItemName>גבינה קשה כבשים כמהי</ItemName>
      <ManufacturerName>,</ManufacturerName>
      <ManufactureCountry>לא ידוע</ManufactureCountry>
      <ManufacturerItemDescription>גבינה קשה כבשים כמהין</ManufacturerItemDescription>
      <UnitQty>קילוגרמים</UnitQty>
      <Quantity>1.00</Quantity>
      <UnitOfMeasure>ק"ג</UnitOfMeasure>
      <bIsWeighted>1</bIsWeighted>
      <QtyInPackage>לא ידוע</QtyInPackage>
      <ItemPrice>245.00</ItemPrice>
      <UnitOfMeasurePrice>245.0000</UnitOfMeasurePrice>
      <AllowDiscount>1</AllowDiscount>
      <ItemStatus>1</ItemStatus>
      <ItemId>64312</ItemId>
    </Item>
    <Item>
      <PriceUpdateDate>2023-12-31 12:49:47</PriceUpdateDate>
      <ItemCode>7290000002273</ItemCode>
      <ItemType>1</ItemType>
      <ItemName>גבינה וינו עזים ביין</ItemName>
      <ManufacturerName>,</ManufacturerName>
      <ManufactureCountry>לא ידוע</ManufactureCountry>
      <ManufacturerItemDescription>גבינה וינו עיזים ביין</ManufacturerItemDescription>
      <UnitQty>קילוגרמים</UnitQty>
      <Quantity>1.00</Quantity>
      <UnitOfMeasure>ק"ג</UnitOfMeasure>
      <bIsWeighted>1</bIsWeighted>
      <QtyInPackage>לא ידוע</QtyInPackage>
      <ItemPrice>169.00</ItemPrice>
      <UnitOfMeasurePrice>169.0000</UnitOfMeasurePrice>
      <AllowDiscount>1</AllowDiscount>
      <ItemStatus>1</ItemStatus>
      <ItemId>64336</ItemId>
    </Item>
    <Item>
      <PriceUpdateDate>2025-09-01 14:08:10</PriceUpdateDate>
      <ItemCode>4823006805037</ItemCode>
      <ItemType>1</ItemType>
      <ItemName>רגו פייסטה מקסיקנית</ItemName>
      <ManufacturerName>NEZHIN</ManufacturerName>
      <ManufactureCountry>לא ידוע</ManufactureCountry>
      <ManufacturerItemDescription>רגו פייסטה מקסיקנית 470 גר</ManufacturerItemDescription>
      <UnitQty>גרמים</UnitQty>
      <Quantity>470.00</Quantity>
      <UnitOfMeasure>100 גרם</UnitOfMeasure>
      <bIsWeighted>0</bIsWeighted>
      <QtyInPackage>12</QtyInPackage>
      <ItemPrice>18.90</ItemPrice>
      <UnitOfMeasurePrice>4.0213</UnitOfMeasurePrice>
      <AllowDiscount>1</AllowDiscount>
      <ItemStatus>1</ItemStatus>
      <ItemId>64362</ItemId>
    </Item>
    <Item>
      <PriceUpdateDate>2023-12-31 12:49:47</PriceUpdateDate>
      <ItemCode>8858744800088</ItemCode>
      <ItemType>1</ItemType>
      <ItemName>מחית קארי מאסמן 50 ג</ItemName>
      <ManufacturerName>קיי.אר.אס.ספייסי פוד</ManufacturerName>
      <ManufactureCountry>לא ידוע</ManufactureCountry>
      <ManufacturerItemDescription>מחית קארי מאסמן 50 גר</ManufacturerItemDescription>
      <UnitQty>גרמים</UnitQty>
      <Quantity>50.00</Quantity>
      <UnitOfMeasure>100 גרם</UnitOfMeasure>
      <bIsWeighted>0</bIsWeighted>
      <QtyInPackage>12</QtyInPackage>
      <ItemPrice>7.90</ItemPrice>
      <UnitOfMeasurePrice>15.8000</UnitOfMeasurePrice>
      <AllowDiscount>1</AllowDiscount>
      <ItemStatus>1</ItemStatus>
      <ItemId>64373</ItemId>
    </Item>
    <Item>
      <PriceUpdateDate>2023-12-31 12:49:47</PriceUpdateDate>
      <ItemCode>4823090302528</ItemCode>
      <ItemType>1</ItemType>
      <ItemName>ביסקוויט לוזוק בטעם</ItemName>
      <ManufacturerName>,</ManufacturerName>
      <ManufactureCountry>לא ידוע</ManufactureCountry>
      <ManufacturerItemDescription>ביסקוויט לוזוק בטעם ריבת חלב 180 גר</ManufacturerItemDescription>
      <UnitQty>גרמים</UnitQty>
      <Quantity>180.00</Quantity>
      <UnitOfMeasure>100 גרם</UnitOfMeasure>
      <bIsWeighted>0</bIsWeighted>
      <QtyInPackage>1</QtyInPackage>
      <ItemPrice>5.90</ItemPrice>
      <UnitOfMeasurePrice>3.2778</UnitOfMeasurePrice>
      <AllowDiscount>1</AllowDiscount>
      <ItemStatus>1</ItemStatus>
      <ItemId>64379</ItemId>
    </Item>
    <Item>
      <PriceUpdateDate>2023-12-31 12:49:47</PriceUpdateDate>
      <ItemCode>4823090302481</ItemCode>
      <ItemType>1</ItemType>
      <ItemName>ביסקוויט לוזוק בטעם</ItemName>
      <ManufacturerName>,</ManufacturerName>
      <ManufactureCountry>לא ידוע</ManufactureCountry>
      <ManufacturerItemDescription>ביסקוויט לוזוק בטעם חלב אפוי 180 גר</ManufacturerItemDescription>
      <UnitQty>גרמים</UnitQty>
      <Quantity>180.00</Quantity>
      <UnitOfMeasure>100 גרם</UnitOfMeasure>
      <bIsWeighted>0</bIsWeighted>
      <QtyInPackage>1</QtyInPackage>
      <ItemPrice>5.90</ItemPrice>
      <UnitOfMeasurePrice>3.2778</UnitOfMeasurePrice>
      <AllowDiscount>1</AllowDiscount>
      <ItemStatus>1</ItemStatus>
      <ItemId>64380</ItemId>
    </Item>
    <Item>
      <PriceUpdateDate>2023-12-31 12:49:47</PriceUpdateDate>
      <ItemCode>4823090302498</ItemCode>
      <ItemType>1</ItemType>
      <ItemName>ביסקוויט לוזוק בטעם</ItemName>
      <ManufacturerName>,</ManufacturerName>
      <ManufactureCountry>לא ידוע</ManufactureCountry>
      <ManufacturerItemDescription>ביסקוויט לוזוק בטעם שמנת 180 גר</ManufacturerItemDescription>
      <UnitQty>גרמים</UnitQty>
      <Quantity>180.00</Quantity>
      <UnitOfMeasure>100 גרם</UnitOfMeasure>
      <bIsWeighted>0</bIsWeighted>
      <QtyInPackage>1</QtyInPackage>
      <ItemPrice>4.90</ItemPrice>
      <UnitOfMeasurePrice>2.7222</UnitOfMeasurePrice>
      <AllowDiscount>1</AllowDiscount>
      <ItemStatus>1</ItemStatus>
      <ItemId>64381</ItemId>
    </Item>
    <Item>
      <PriceUpdateDate>2024-07-01 11:07:57</PriceUpdateDate>
      <ItemCode>5200106871251</ItemCode>
      <ItemType>1</ItemType>
      <ItemName>יוגורט יווני 350 גר</ItemName>
      <ManufacturerName>,</ManufacturerName>
      <ManufactureCountry>לא ידוע</ManufactureCountry>
      <ManufacturerItemDescription>יוגורט יווני 350 גר</ManufacturerItemDescription>
      <UnitQty>גרמים</UnitQty>
      <Quantity>350.00</Quantity>
      <UnitOfMeasure>100 גרם</UnitOfMeasure>
      <bIsWeighted>0</bIsWeighted>
      <QtyInPackage>1</QtyInPackage>
      <ItemPrice>13.90</ItemPrice>
      <UnitOfMeasurePrice>3.9714</UnitOfMeasurePrice>
      <AllowDiscount>1</AllowDiscount>
      <ItemStatus>1</ItemStatus>
      <ItemId>64520</ItemId>
    </Item>
    <Item>
      <PriceUpdateDate>2024-11-27 12:41:19</PriceUpdateDate>
      <ItemCode>5200106871121</ItemCode>
      <ItemType>1</ItemType>
      <ItemName>יוגורט יווני 1 קג</ItemName>
      <ManufacturerName>,</ManufacturerName>
      <ManufactureCountry>לא ידוע</ManufactureCountry>
      <ManufacturerItemDescription>יוגורט יווני 1 ק"ג</ManufacturerItemDescription>
      <UnitQty>קילוגרמים</UnitQty>
      <Quantity>1.00</Quantity>
      <UnitOfMeasure>ק"ג     </UnitOfMeasure>
      <bIsWeighted>0</bIsWeighted>
      <QtyInPackage>1</QtyInPackage>
      <ItemPrice>35.90</ItemPrice>
      <UnitOfMeasurePrice>35.9000</UnitOfMeasurePrice>
      <AllowDiscount>1</AllowDiscount>
      <ItemStatus>1</ItemStatus>
      <ItemId>64521</ItemId>
    </Item>
    <Item>
      <PriceUpdateDate>2023-12-31 12:49:48</PriceUpdateDate>
      <ItemCode>7290002408376</ItemCode>
      <ItemType>1</ItemType>
      <ItemName>פטה צאן יווני 200 גר</ItemName>
      <ManufacturerName>,</ManufacturerName>
      <ManufactureCountry>לא ידוע</ManufactureCountry>
      <ManufacturerItemDescription>פטה צאן יווני 200 גר</ManufacturerItemDescription>
      <UnitQty>גרמים</UnitQty>
      <Quantity>200.00</Quantity>
      <UnitOfMeasure>100 גרם</UnitOfMeasure>
      <bIsWeighted>0</bIsWeighted>
      <QtyInPackage>1</QtyInPackage>
      <ItemPrice>24.90</ItemPrice>
      <UnitOfMeasurePrice>12.4500</UnitOfMeasurePrice>
      <AllowDiscount>1</AllowDiscount>
      <ItemStatus>1</ItemStatus>
      <ItemId>64522</ItemId>
    </Item>
    <Item>
      <PriceUpdateDate>2025-12-22 11:16:06</PriceUpdateDate>
      <ItemCode>8006423460034</ItemCode>
      <ItemType>1</ItemType>
      <ItemName>בונבוניירה סוריני קר</ItemName>
      <ManufacturerName>,</ManufacturerName>
      <ManufactureCountry>לא ידוע</ManufactureCountry>
      <ManufacturerItemDescription>בונבוניירה סוריני קרימי 184 גר</ManufacturerItemDescription>
      <UnitQty>גרמים</UnitQty>
      <Quantity>184.00</Quantity>
      <UnitOfMeasure>100 גרם</UnitOfMeasure>
      <bIsWeighted>0</bIsWeighted>
      <QtyInPackage>1</QtyInPackage>
      <ItemPrice>79.90</ItemPrice>
      <UnitOfMeasurePrice>43.4239</UnitOfMeasurePrice>
      <AllowDiscount>1</AllowDiscount>
      <ItemStatus>1</ItemStatus>
      <ItemId>64531</ItemId>
    </Item>
    <Item>
      <PriceUpdateDate>2024-11-11 14:58:36</PriceUpdateDate>
      <ItemCode>5694230223336</ItemCode>
      <ItemType>1</ItemType>
      <ItemName>שימורי כבד דג מעושן</ItemName>
      <ManufacturerName>,</ManufacturerName>
      <ManufactureCountry>איסלנד</ManufactureCountry>
      <ManufacturerItemDescription>שימורי כבד דג מעושן 121 גר</ManufacturerItemDescription>
      <UnitQty>גרמים</UnitQty>
      <Quantity>121.00</Quantity>
      <UnitOfMeasure>100 גרם</UnitOfMeasure>
      <bIsWeighted>0</bIsWeighted>
      <QtyInPackage>12</QtyInPackage>
      <ItemPrice>10.90</ItemPrice>
      <UnitOfMeasurePrice>9.0083</UnitOfMeasurePrice>
      <AllowDiscount>1</AllowDiscount>
      <ItemStatus>1</ItemStatus>
      <ItemId>64574</ItemId>
    </Item>
    <Item>
      <PriceUpdateDate>2023-12-31 12:49:49</PriceUpdateDate>
      <ItemCode>4823090302269</ItemCode>
      <ItemType>1</ItemType>
      <ItemName>פאי קרוסטטה תות 370</ItemName>
      <ManufacturerName>KHARKIV BISCUIT</ManufacturerName>
      <ManufactureCountry>אוקראינה</ManufactureCountry>
      <ManufacturerItemDescription>פאי קרוסטטה תות 370 גר</ManufacturerItemDescription>
      <UnitQty>גרמים</UnitQty>
      <Quantity>370.00</Quantity>
      <UnitOfMeasure>100 גרם</UnitOfMeasure>
      <bIsWeighted>0</bIsWeighted>
      <QtyInPackage>8</QtyInPackage>
      <ItemPrice>17.90</ItemPrice>
      <UnitOfMeasurePrice>4.8378</UnitOfMeasurePrice>
      <AllowDiscount>1</AllowDiscount>
      <ItemStatus>1</ItemStatus>
      <ItemId>64575</ItemId>
    </Item>
    <Item>
      <PriceUpdateDate>2023-12-31 12:49:49</PriceUpdateDate>
      <ItemCode>4823090302436</ItemCode>
      <ItemType>1</ItemType>
      <ItemName>פאי קרוסטטה ענבי שוע</ItemName>
      <ManufacturerName>KHARKIV BISCUIT</ManufacturerName>
      <ManufactureCountry>אוקראינה</ManufactureCountry>
      <ManufacturerItemDescription>פאי קרוסטטה ענבי שועל 370 גר</ManufacturerItemDescription>
      <UnitQty>גרמים</UnitQty>
      <Quantity>370.00</Quantity>
      <UnitOfMeasure>100 גרם</UnitOfMeasure>
      <bIsWeighted>0</bIsWeighted>
      <QtyInPackage>8</QtyInPackage>
      <ItemPrice>17.90</ItemPrice>
      <UnitOfMeasurePrice>4.8378</UnitOfMeasurePrice>
      <AllowDiscount>1</AllowDiscount>
      <ItemStatus>1</ItemStatus>
      <ItemId>64577</ItemId>
    </Item>
    <Item>
      <PriceUpdateDate>2023-12-31 12:49:49</PriceUpdateDate>
      <ItemCode>7290010679874</ItemCode>
      <ItemType>1</ItemType>
      <ItemName>לחמניה באו מאודה עגו</ItemName>
      <ManufacturerName>,</ManufacturerName>
      <ManufactureCountry>לא ידוע</ManufactureCountry>
      <ManufacturerItemDescription>לחמניה באו מאודה עגולה 240 גר</ManufacturerItemDescription>
      <UnitQty>גרמים</UnitQty>
      <Quantity>240.00</Quantity>
      <UnitOfMeasure>100 גרם</UnitOfMeasure>
      <bIsWeighted>0</bIsWeighted>
      <QtyInPackage>1</QtyInPackage>
      <ItemPrice>14.90</ItemPrice>
      <UnitOfMeasurePrice>6.2083</UnitOfMeasurePrice>
      <AllowDiscount>1</AllowDiscount>
      <ItemStatus>1</ItemStatus>
      <ItemId>64587</ItemId>
    </Item>
    <Item>
      <PriceUpdateDate>2023-12-31 12:49:49</PriceUpdateDate>
      <ItemCode>2276</ItemCode>
      <ItemType>0</ItemType>
      <ItemName>גבינה גרוייר מילד מר</ItemName>
      <ManufacturerName>,</ManufacturerName>
      <ManufactureCountry>לא ידוע</ManufactureCountry>
      <ManufacturerItemDescription>גבינה גרוייר מילד מרובע</ManufacturerItemDescription>
      <UnitQty>קילוגרמים</UnitQty>
      <Quantity>1.00</Quantity>
      <UnitOfMeasure>ק"ג</UnitOfMeasure>
      <bIsWeighted>1</bIsWeighted>
      <QtyInPackage>לא ידוע</QtyInPackage>
      <ItemPrice>189.00</ItemPrice>
      <UnitOfMeasurePrice>189.0000</UnitOfMeasurePrice>
      <AllowDiscount>1</AllowDiscount>
      <ItemStatus>1</ItemStatus>
      <ItemId>64589</ItemId>
    </Item>
    <Item>
      <PriceUpdateDate>2023-12-31 12:49:49</PriceUpdateDate>
      <ItemCode>2277</ItemCode>
      <ItemType>0</ItemType>
      <ItemName>גבינה גרוייר ריזרב מ</ItemName>
      <ManufacturerName>,</ManufacturerName>
      <ManufactureCountry>לא ידוע</ManufactureCountry>
      <ManufacturerItemDescription>גבינה גרוייר ריזרב משולש</ManufacturerItemDescription>
      <UnitQty>קילוגרמים</UnitQty>
      <Quantity>1.00</Quantity>
      <UnitOfMeasure>ק"ג</UnitOfMeasure>
      <bIsWeighted>1</bIsWeighted>
      <QtyInPackage>לא ידוע</QtyInPackage>
      <ItemPrice>229.00</ItemPrice>
      <UnitOfMeasurePrice>229.0000</UnitOfMeasurePrice>
      <AllowDiscount>1</AllowDiscount>
      <ItemStatus>1</ItemStatus>
      <ItemId>64590</ItemId>
    </Item>
    <Item>
      <PriceUpdateDate>2025-08-19 12:19:00</PriceUpdateDate>
      <ItemCode>7290002408352</ItemCode>
      <ItemType>0</ItemType>
      <ItemName>בסגנון טבורוג בלטייס</ItemName>
      <ManufacturerName>,</ManufacturerName>
      <ManufactureCountry>לא ידוע</ManufactureCountry>
      <ManufacturerItemDescription>בסגנון טבורוג בלטייסקי מולוצניק 275 גר</ManufacturerItemDescription>
      <UnitQty>גרמים</UnitQty>
      <Quantity>275.00</Quantity>
      <UnitOfMeasure>100 גרם</UnitOfMeasure>
      <bIsWeighted>0</bIsWeighted>
      <QtyInPackage>לא ידוע</QtyInPackage>
      <ItemPrice>12.90</ItemPrice>
      <UnitOfMeasurePrice>4.6909</UnitOfMeasurePrice>
      <AllowDiscount>1</AllowDiscount>
      <ItemStatus>1</ItemStatus>
      <ItemId>64593</ItemId>
    </Item>
    <Item>
      <PriceUpdateDate>2025-03-06 19:07:23</PriceUpdateDate>
      <ItemCode>4823077625589</ItemCode>
      <ItemType>1</ItemType>
      <ItemName>וופל רושן חלב 216 גר</ItemName>
      <ManufacturerName>,</ManufacturerName>
      <ManufactureCountry>לא ידוע</ManufactureCountry>
      <ManufacturerItemDescription>וופל רושן חלב 216 גר</ManufacturerItemDescription>
      <UnitQty>גרמים</UnitQty>
      <Quantity>216.00</Quantity>
      <UnitOfMeasure>100 גרם</UnitOfMeasure>
      <bIsWeighted>0</bIsWeighted>
      <QtyInPackage>1</QtyInPackage>
      <ItemPrice>9.90</ItemPrice>
      <UnitOfMeasurePrice>4.5833</UnitOfMeasurePrice>
      <AllowDiscount>1</AllowDiscount>
      <ItemStatus>1</ItemStatus>
      <ItemId>64594</ItemId>
    </Item>
    <Item>
      <PriceUpdateDate>2025-07-09 15:46:20</PriceUpdateDate>
      <ItemCode>4823077625626</ItemCode>
      <ItemType>1</ItemType>
      <ItemName>וופל רושן אגוז 216 ג</ItemName>
      <ManufacturerName>,</ManufacturerName>
      <ManufactureCountry>לא ידוע</ManufactureCountry>
      <ManufacturerItemDescription>וופל רושן אגוז 216 גר</ManufacturerItemDescription>
      <UnitQty>גרמים</UnitQty>
      <Quantity>216.00</Quantity>
      <UnitOfMeasure>100 גרם</UnitOfMeasure>
      <bIsWeighted>0</bIsWeighted>
      <QtyInPackage>1</QtyInPackage>
      <ItemPrice>9.90</ItemPrice>
      <UnitOfMeasurePrice>4.5833</UnitOfMeasurePrice>
      <AllowDiscount>1</AllowDiscount>
      <ItemStatus>1</ItemStatus>
      <ItemId>64596</ItemId>
    </Item>
    <Item>
      <PriceUpdateDate>2023-12-31 12:49:49</PriceUpdateDate>
      <ItemCode>7418</ItemCode>
      <ItemType>0</ItemType>
      <ItemName>גבינה אמסטרדם כמהין</ItemName>
      <ManufacturerName>,</ManufacturerName>
      <ManufactureCountry>הולנד</ManufactureCountry>
      <ManufacturerItemDescription>גבינה אמסטרדם כמהין</ManufacturerItemDescription>
      <UnitQty>קילוגרמים</UnitQty>
      <Quantity>1.00</Quantity>
      <UnitOfMeasure>ק"ג</UnitOfMeasure>
      <bIsWeighted>1</bIsWeighted>
      <QtyInPackage>לא ידוע</QtyInPackage>
      <ItemPrice>169.00</ItemPrice>
      <UnitOfMeasurePrice>169.0000</UnitOfMeasurePrice>
      <AllowDiscount>1</AllowDiscount>
      <ItemStatus>1</ItemStatus>
      <ItemId>64605</ItemId>
    </Item>
    <Item>
      <PriceUpdateDate>2025-01-13 08:35:09</PriceUpdateDate>
      <ItemCode>3157</ItemCode>
      <ItemType>0</ItemType>
      <ItemName>גבינה ברי איל דה פרנ</ItemName>
      <ManufacturerName>,</ManufacturerName>
      <ManufactureCountry>לא ידוע</ManufactureCountry>
      <ManufacturerItemDescription>גבינה ברי איל דה פרנס</ManufacturerItemDescription>
      <UnitQty>קילוגרמים</UnitQty>
      <Quantity>1.00</Quantity>
      <UnitOfMeasure>ק"ג</UnitOfMeasure>
      <bIsWeighted>1</bIsWeighted>
      <QtyInPackage>לא ידוע</QtyInPackage>
      <ItemPrice>165.00</ItemPrice>
      <UnitOfMeasurePrice>165.0000</UnitOfMeasurePrice>
      <AllowDiscount>1</AllowDiscount>
      <ItemStatus>1</ItemStatus>
      <ItemId>64606</ItemId>
    </Item>
    <Item>
      <PriceUpdateDate>2023-12-31 12:49:49</PriceUpdateDate>
      <ItemCode>16433</ItemCode>
      <ItemType>0</ItemType>
      <ItemName>פלחי תפוא ובטטה</ItemName>
      <ManufacturerName>,</ManufacturerName>
      <ManufactureCountry>לא ידוע</ManufactureCountry>
      <ManufacturerItemDescription>פלחי תפוא ובטטה</ManufacturerItemDescription>
      <UnitQty>קילוגרמים</UnitQty>
      <Quantity>1.00</Quantity>
      <UnitOfMeasure>ק"ג</UnitOfMeasure>
      <bIsWeighted>1</bIsWeighted>
      <QtyInPackage>לא ידוע</QtyInPackage>
      <ItemPrice>59.00</ItemPrice>
      <UnitOfMeasurePrice>59.0000</UnitOfMeasurePrice>
      <AllowDiscount>1</AllowDiscount>
      <ItemStatus>1</ItemStatus>
      <ItemId>64616</ItemId>
    </Item>
    <Item>
      <PriceUpdateDate>2025-11-06 09:07:21</PriceUpdateDate>
      <ItemCode>4823105818846</ItemCode>
      <ItemType>1</ItemType>
      <ItemName>ממתקים קריסמיס ידית</ItemName>
      <ManufacturerName>,</ManufacturerName>
      <ManufactureCountry>לא ידוע</ManufactureCountry>
      <ManufacturerItemDescription>ממתקים קריסמיס ידית ירוקה מס 3 400 גר</ManufacturerItemDescription>
      <UnitQty>גרמים</UnitQty>
      <Quantity>400.00</Quantity>
      <UnitOfMeasure>100 גרם</UnitOfMeasure>
      <bIsWeighted>0</bIsWeighted>
      <QtyInPackage>1</QtyInPackage>
      <ItemPrice>74.90</ItemPrice>
      <UnitOfMeasurePrice>18.7250</UnitOfMeasurePrice>
      <AllowDiscount>1</AllowDiscount>
      <ItemStatus>1</ItemStatus>
      <ItemId>102585</ItemId>
    </Item>
    <Item>
      <PriceUpdateDate>2023-12-31 12:49:50</PriceUpdateDate>
      <ItemCode>7290108504279</ItemCode>
      <ItemType>0</ItemType>
      <ItemName>גבינה קשקבל צאנק 150</ItemName>
      <ManufacturerName>,</ManufacturerName>
      <ManufactureCountry>לא ידוע</ManufactureCountry>
      <ManufacturerItemDescription>גבינה קשקבל צאנק 150 גר</ManufacturerItemDescription>
      <UnitQty>גרמים</UnitQty>
      <Quantity>150.00</Quantity>
      <UnitOfMeasure>100 גרם</UnitOfMeasure>
      <bIsWeighted>0</bIsWeighted>
      <QtyInPackage>לא ידוע</QtyInPackage>
      <ItemPrice>22.90</ItemPrice>
      <UnitOfMeasurePrice>15.2667</UnitOfMeasurePrice>
      <AllowDiscount>1</AllowDiscount>
      <ItemStatus>1</ItemStatus>
      <ItemId>64662</ItemId>
    </Item>
    <Item>
      <PriceUpdateDate>2023-12-31 12:49:50</PriceUpdateDate>
      <ItemCode>7290108504286</ItemCode>
      <ItemType>0</ItemType>
      <ItemName>גבינה איבריקו צאנק 1</ItemName>
      <ManufacturerName>,</ManufacturerName>
      <ManufactureCountry>לא ידוע</ManufactureCountry>
      <ManufacturerItemDescription>גבינה איבריקו צאנק 150 גר</ManufacturerItemDescription>
      <UnitQty>גרמים</UnitQty>
      <Quantity>150.00</Quantity>
      <UnitOfMeasure>100 גרם</UnitOfMeasure>
      <bIsWeighted>0</bIsWeighted>
      <QtyInPackage>לא ידוע</QtyInPackage>
      <ItemPrice>27.90</ItemPrice>
      <UnitOfMeasurePrice>18.6000</UnitOfMeasurePrice>
      <AllowDiscount>1</AllowDiscount>
      <ItemStatus>1</ItemStatus>
      <ItemId>64663</ItemId>
    </Item>
    <Item>
      <PriceUpdateDate>2025-11-03 09:14:32</PriceUpdateDate>
      <ItemCode>8059174884031</ItemCode>
      <ItemType>1</ItemType>
      <ItemName>תמי פסטה פפרדלה ללא</ItemName>
      <ManufacturerName>,</ManufacturerName>
      <ManufactureCountry>לא ידוע</ManufactureCountry>
      <ManufacturerItemDescription>תמי פסטה פפרדלה ללא גלוטן 400 גר</ManufacturerItemDescription>
      <UnitQty>גרמים</UnitQty>
      <Quantity>400.00</Quantity>
      <UnitOfMeasure>100 גרם</UnitOfMeasure>
      <bIsWeighted>0</bIsWeighted>
      <QtyInPackage>1</QtyInPackage>
      <ItemPrice>19.90</ItemPrice>
      <UnitOfMeasurePrice>4.9750</UnitOfMeasurePrice>
      <AllowDiscount>1</AllowDiscount>
      <ItemStatus>1</ItemStatus>
      <ItemId>102424</ItemId>
    </Item>
    <Item>
      <PriceUpdateDate>2024-11-22 08:30:49</PriceUpdateDate>
      <ItemCode>4860108700617</ItemCode>
      <ItemType>0</ItemType>
      <ItemName>רוטב עגבניות חריף סא</ItemName>
      <ManufacturerName>,</ManufacturerName>
      <ManufactureCountry>לא ידוע</ManufactureCountry>
      <ManufacturerItemDescription>רוטב עגבניות חריף סאציבלי 540 מ"ל</ManufacturerItemDescription>
      <UnitQty>מיליליטרים</UnitQty>
      <Quantity>540.00</Quantity>
      <UnitOfMeasure>100 מ"ל</UnitOfMeasure>
      <bIsWeighted>0</bIsWeighted>
      <QtyInPackage>12</QtyInPackage>
      <ItemPrice>19.90</ItemPrice>
      <UnitOfMeasurePrice>3.6852</UnitOfMeasurePrice>
      <AllowDiscount>1</AllowDiscount>
      <ItemStatus>1</ItemStatus>
      <ItemId>64685</ItemId>
    </Item>
    <Item>
      <PriceUpdateDate>2023-12-31 12:49:50</PriceUpdateDate>
      <ItemCode>4750817137821</ItemCode>
      <ItemType>1</ItemType>
      <ItemName>מקרל בשמן 240 גר</ItemName>
      <ManufacturerName>ZENTENE</ManufacturerName>
      <ManufactureCountry>לטביה</ManufactureCountry>
      <ManufacturerItemDescription>מקרל בשמן 240 גר</ManufacturerItemDescription>
      <UnitQty>גרמים</UnitQty>
      <Quantity>240.00</Quantity>
      <UnitOfMeasure>100 גרם</UnitOfMeasure>
      <bIsWeighted>0</bIsWeighted>
      <QtyInPackage>48</QtyInPackage>
      <ItemPrice>10.90</ItemPrice>
      <UnitOfMeasurePrice>4.5417</UnitOfMeasurePrice>
      <AllowDiscount>1</AllowDiscount>
      <ItemStatus>1</ItemStatus>
      <ItemId>64696</ItemId>
    </Item>
    <Item>
      <PriceUpdateDate>2023-12-31 12:49:50</PriceUpdateDate>
      <ItemCode>4750817111005</ItemCode>
      <ItemType>1</ItemType>
      <ItemName>פילה סלמון במיץ טבעי</ItemName>
      <ManufacturerName>ZENTENE</ManufacturerName>
      <ManufactureCountry>לטביה</ManufactureCountry>
      <ManufacturerItemDescription>פילה סלמון במיץ טבעי 200 גר</ManufacturerItemDescription>
      <UnitQty>גרמים</UnitQty>
      <Quantity>200.00</Quantity>
      <UnitOfMeasure>100 גרם</UnitOfMeasure>
      <bIsWeighted>0</bIsWeighted>
      <QtyInPackage>48</QtyInPackage>
      <ItemPrice>12.90</ItemPrice>
      <UnitOfMeasurePrice>6.4500</UnitOfMeasurePrice>
      <AllowDiscount>1</AllowDiscount>
      <ItemStatus>1</ItemStatus>
      <ItemId>64698</ItemId>
    </Item>
    <Item>
      <PriceUpdateDate>2025-06-30 09:45:06</PriceUpdateDate>
      <ItemCode>8005110060007</ItemCode>
      <ItemType>1</ItemType>
      <ItemName>עגבניות מקולפות מוטי</ItemName>
      <ManufacturerName>,</ManufacturerName>
      <ManufactureCountry>לא ידוע</ManufactureCountry>
      <ManufacturerItemDescription>עגבניות מקולפות מוטי 400 גר</ManufacturerItemDescription>
      <UnitQty>גרמים</UnitQty>
      <Quantity>400.00</Quantity>
      <UnitOfMeasure>100 גרם</UnitOfMeasure>
      <bIsWeighted>0</bIsWeighted>
      <QtyInPackage>1</QtyInPackage>
      <ItemPrice>8.90</ItemPrice>
      <UnitOfMeasurePrice>2.2250</UnitOfMeasurePrice>
      <AllowDiscount>1</AllowDiscount>
      <ItemStatus>1</ItemStatus>
      <ItemId>64738</ItemId>
    </Item>
    <Item>
      <PriceUpdateDate>2023-12-31 12:49:50</PriceUpdateDate>
      <ItemCode>2281</ItemCode>
      <ItemType>0</ItemType>
      <ItemName>גבינה גאודה עיזים כמ</ItemName>
      <ManufacturerName>,</ManufacturerName>
      <ManufactureCountry>לא ידוע</ManufactureCountry>
      <ManufacturerItemDescription>גבינה גאודה עיזים כמהין</ManufacturerItemDescription>
      <UnitQty>קילוגרמים</UnitQty>
      <Quantity>1.00</Quantity>
      <UnitOfMeasure>ק"ג</UnitOfMeasure>
      <bIsWeighted>1</bIsWeighted>
      <QtyInPackage>לא ידוע</QtyInPackage>
      <ItemPrice>199.00</ItemPrice>
      <UnitOfMeasurePrice>199.0000</UnitOfMeasurePrice>
      <AllowDiscount>1</AllowDiscount>
      <ItemStatus>1</ItemStatus>
      <ItemId>64778</ItemId>
    </Item>
    <Item>
      <PriceUpdateDate>2023-12-31 12:49:50</PriceUpdateDate>
      <ItemCode>5200106871084</ItemCode>
      <ItemType>0</ItemType>
      <ItemName>יוגורט יווני 150 גר</ItemName>
      <ManufacturerName>,</ManufacturerName>
      <ManufactureCountry>לא ידוע</ManufactureCountry>
      <ManufacturerItemDescription>יוגורט יווני 150 גר</ManufacturerItemDescription>
      <UnitQty>גרמים</UnitQty>
      <Quantity>150.00</Quantity>
      <UnitOfMeasure>100 גרם</UnitOfMeasure>
      <bIsWeighted>0</bIsWeighted>
      <QtyInPackage>לא ידוע</QtyInPackage>
      <ItemPrice>7.90</ItemPrice>
      <UnitOfMeasurePrice>5.2667</UnitOfMeasurePrice>
      <AllowDiscount>1</AllowDiscount>
      <ItemStatus>1</ItemStatus>
      <ItemId>64781</ItemId>
    </Item>
    <Item>
      <PriceUpdateDate>2023-12-31 12:49:50</PriceUpdateDate>
      <ItemCode>3480341002692</ItemCode>
      <ItemType>1</ItemType>
      <ItemName>גבינה טרטר אפריפר אי</ItemName>
      <ManufacturerName>סבנסיה</ManufacturerName>
      <ManufactureCountry>לא ידוע</ManufactureCountry>
      <ManufacturerItemDescription>גבינה טרטר אפריפר איטלקי 100 גר</ManufacturerItemDescription>
      <UnitQty>גרמים</UnitQty>
      <Quantity>100.00</Quantity>
      <UnitOfMeasure>100 גרם</UnitOfMeasure>
      <bIsWeighted>0</bIsWeighted>
      <QtyInPackage>1</QtyInPackage>
      <ItemPrice>26.90</ItemPrice>
      <UnitOfMeasurePrice>26.9000</UnitOfMeasurePrice>
      <AllowDiscount>1</AllowDiscount>
      <ItemStatus>1</ItemStatus>
      <ItemId>64802</ItemId>
    </Item>
    <Item>
      <PriceUpdateDate>2023-12-31 12:49:50</PriceUpdateDate>
      <ItemCode>3480341002685</ItemCode>
      <ItemType>1</ItemType>
      <ItemName>גבינת טרטר אפריפר פר</ItemName>
      <ManufacturerName>סבנסיה</ManufacturerName>
      <ManufactureCountry>לא ידוע</ManufactureCountry>
      <ManufacturerItemDescription>גבינת טרטר אפריפר פרובנס 100 גר</ManufacturerItemDescription>
      <UnitQty>גרמים</UnitQty>
      <Quantity>100.00</Quantity>
      <UnitOfMeasure>100 גרם</UnitOfMeasure>
      <bIsWeighted>0</bIsWeighted>
      <QtyInPackage>1</QtyInPackage>
      <ItemPrice>26.90</ItemPrice>
      <UnitOfMeasurePrice>26.9000</UnitOfMeasurePrice>
      <AllowDiscount>1</AllowDiscount>
      <ItemStatus>1</ItemStatus>
      <ItemId>64803</ItemId>
    </Item>
    <Item>
      <PriceUpdateDate>2025-06-08 19:31:50</PriceUpdateDate>
      <ItemCode>10321</ItemCode>
      <ItemType>0</ItemType>
      <ItemName>בגט רוסטיק קמח מלא 3</ItemName>
      <ManufacturerName>,</ManufacturerName>
      <ManufactureCountry>לא ידוע</ManufactureCountry>
      <ManufacturerItemDescription>בגט רוסטיק עם קמח מלא</ManufacturerItemDescription>
      <UnitQty>גרמים</UnitQty>
      <Quantity>300.00</Quantity>
      <UnitOfMeasure>100 גרם</UnitOfMeasure>
      <bIsWeighted>0</bIsWeighted>
      <QtyInPackage>1</QtyInPackage>
      <ItemPrice>7.90</ItemPrice>
      <UnitOfMeasurePrice>2.6333</UnitOfMeasurePrice>
      <AllowDiscount>1</AllowDiscount>
      <ItemStatus>1</ItemStatus>
      <ItemId>64815</ItemId>
    </Item>
    <Item>
      <PriceUpdateDate>2025-06-08 19:31:50</PriceUpdateDate>
      <ItemCode>10320</ItemCode>
      <ItemType>0</ItemType>
      <ItemName>בגט רוסטיק 200 גר</ItemName>
      <ManufacturerName>,</ManufacturerName>
      <ManufactureCountry>לא ידוע</ManufactureCountry>
      <ManufacturerItemDescription>בגט רוסטיק</ManufacturerItemDescription>
      <UnitQty>גרמים</UnitQty>
      <Quantity>200.00</Quantity>
      <UnitOfMeasure>100 גרם</UnitOfMeasure>
      <bIsWeighted>0</bIsWeighted>
      <QtyInPackage>1</QtyInPackage>
      <ItemPrice>7.90</ItemPrice>
      <UnitOfMeasurePrice>3.9500</UnitOfMeasurePrice>
      <AllowDiscount>1</AllowDiscount>
      <ItemStatus>1</ItemStatus>
      <ItemId>64816</ItemId>
    </Item>
    <Item>
      <PriceUpdateDate>2024-11-06 16:48:29</PriceUpdateDate>
      <ItemCode>7290014785571</ItemCode>
      <ItemType>1</ItemType>
      <ItemName>איטריות להקפצה מוכנו</ItemName>
      <ManufacturerName>,</ManufacturerName>
      <ManufactureCountry>לא ידוע</ManufactureCountry>
      <ManufacturerItemDescription>אטריות להקפצה מוכנות 200 גר</ManufacturerItemDescription>
      <UnitQty>גרמים</UnitQty>
      <Quantity>200.00</Quantity>
      <UnitOfMeasure>100 גרם</UnitOfMeasure>
      <bIsWeighted>0</bIsWeighted>
      <QtyInPackage>15</QtyInPackage>
      <ItemPrice>6.90</ItemPrice>
      <UnitOfMeasurePrice>3.4500</UnitOfMeasurePrice>
      <AllowDiscount>1</AllowDiscount>
      <ItemStatus>1</ItemStatus>
      <ItemId>64836</ItemId>
    </Item>
    <Item>
      <PriceUpdateDate>2023-12-31 12:49:51</PriceUpdateDate>
      <ItemCode>4605622010237</ItemCode>
      <ItemType>1</ItemType>
      <ItemName>בירה בוצונוק מלניק 4</ItemName>
      <ManufacturerName>אפיס ברברי</ManufacturerName>
      <ManufactureCountry>לא ידוע</ManufactureCountry>
      <ManufacturerItemDescription>בירה בוצונוק מלניק 4.3% 450 מ"ל</ManufacturerItemDescription>
      <UnitQty>מיליליטרים</UnitQty>
      <Quantity>450.00</Quantity>
      <UnitOfMeasure>100 מ"ל</UnitOfMeasure>
      <bIsWeighted>0</bIsWeighted>
      <QtyInPackage>12</QtyInPackage>
      <ItemPrice>9.90</ItemPrice>
      <UnitOfMeasurePrice>2.2000</UnitOfMeasurePrice>
      <AllowDiscount>1</AllowDiscount>
      <ItemStatus>1</ItemStatus>
      <ItemId>64843</ItemId>
    </Item>
    <Item>
      <PriceUpdateDate>2025-05-06 08:15:12</PriceUpdateDate>
      <ItemCode>7290000437004</ItemCode>
      <ItemType>1</ItemType>
      <ItemName>לשון בקר קפוא</ItemName>
      <ManufacturerName>,</ManufacturerName>
      <ManufactureCountry>לא ידוע</ManufactureCountry>
      <ManufacturerItemDescription>לשון בקר קפוא</ManufacturerItemDescription>
      <UnitQty>קילוגרמים</UnitQty>
      <Quantity>1.00</Quantity>
      <UnitOfMeasure>ק"ג</UnitOfMeasure>
      <bIsWeighted>1</bIsWeighted>
      <QtyInPackage>לא ידוע</QtyInPackage>
      <ItemPrice>32.90</ItemPrice>
      <UnitOfMeasurePrice>32.9000</UnitOfMeasurePrice>
      <AllowDiscount>1</AllowDiscount>
      <ItemStatus>1</ItemStatus>
      <ItemId>64889</ItemId>
    </Item>
    <Item>
      <PriceUpdateDate>2024-11-22 08:30:49</PriceUpdateDate>
      <ItemCode>4751029290472</ItemCode>
      <ItemType>1</ItemType>
      <ItemName>ממרח סלמון 240 גר</ItemName>
      <ManufacturerName>,</ManufacturerName>
      <ManufactureCountry>לא ידוע</ManufactureCountry>
      <ManufacturerItemDescription>ממרח סלמון 240 גר</ManufacturerItemDescription>
      <UnitQty>גרמים</UnitQty>
      <Quantity>240.00</Quantity>
      <UnitOfMeasure>100 גרם</UnitOfMeasure>
      <bIsWeighted>0</bIsWeighted>
      <QtyInPackage>1</QtyInPackage>
      <ItemPrice>14.90</ItemPrice>
      <UnitOfMeasurePrice>6.2083</UnitOfMeasurePrice>
      <AllowDiscount>1</AllowDiscount>
      <ItemStatus>1</ItemStatus>
      <ItemId>64952</ItemId>
    </Item>
    <Item>
      <PriceUpdateDate>2025-03-06 19:07:23</PriceUpdateDate>
      <ItemCode>4823077626364</ItemCode>
      <ItemType>1</ItemType>
      <ItemName>שוקולד אוורירי לבן 8</ItemName>
      <ManufacturerName>רושן</ManufacturerName>
      <ManufactureCountry>לא ידוע</ManufactureCountry>
      <ManufacturerItemDescription>שוקולד אוורירי לבן 80 גר</ManufacturerItemDescription>
      <UnitQty>גרמים</UnitQty>
      <Quantity>80.00</Quantity>
      <UnitOfMeasure>100 גרם</UnitOfMeasure>
      <bIsWeighted>0</bIsWeighted>
      <QtyInPackage>20</QtyInPackage>
      <ItemPrice>10.90</ItemPrice>
      <UnitOfMeasurePrice>13.6250</UnitOfMeasurePrice>
      <AllowDiscount>1</AllowDiscount>
      <ItemStatus>1</ItemStatus>
      <ItemId>64957</ItemId>
    </Item>
    <Item>
      <PriceUpdateDate>2025-03-06 19:07:23</PriceUpdateDate>
      <ItemCode>4823077626227</ItemCode>
      <ItemType>1</ItemType>
      <ItemName>שוקולד אורירי חלב 80</ItemName>
      <ManufacturerName>רושן</ManufacturerName>
      <ManufactureCountry>לא ידוע</ManufactureCountry>
      <ManufacturerItemDescription>שוקולד אורירי חלב 80 גר</ManufacturerItemDescription>
      <UnitQty>גרמים</UnitQty>
      <Quantity>80.00</Quantity>
      <UnitOfMeasure>100 גרם</UnitOfMeasure>
      <bIsWeighted>0</bIsWeighted>
      <QtyInPackage>20</QtyInPackage>
      <ItemPrice>10.90</ItemPrice>
      <UnitOfMeasurePrice>13.6250</UnitOfMeasurePrice>
      <AllowDiscount>1</AllowDiscount>
      <ItemStatus>1</ItemStatus>
      <ItemId>64959</ItemId>
    </Item>
    <Item>
      <PriceUpdateDate>2025-03-06 19:07:23</PriceUpdateDate>
      <ItemCode>4823077626203</ItemCode>
      <ItemType>1</ItemType>
      <ItemName>שוקולד אוורירי מריר</ItemName>
      <ManufacturerName>רושן</ManufacturerName>
      <ManufactureCountry>לא ידוע</ManufactureCountry>
      <ManufacturerItemDescription>שוקולד אוורירי מריר 80 גר</ManufacturerItemDescription>
      <UnitQty>גרמים</UnitQty>
      <Quantity>80.00</Quantity>
      <UnitOfMeasure>100 גרם</UnitOfMeasure>
      <bIsWeighted>0</bIsWeighted>
      <QtyInPackage>20</QtyInPackage>
      <ItemPrice>10.90</ItemPrice>
      <UnitOfMeasurePrice>13.6250</UnitOfMeasurePrice>
      <AllowDiscount>1</AllowDiscount>
      <ItemStatus>1</ItemStatus>
      <ItemId>64960</ItemId>
    </Item>
    <Item>
      <PriceUpdateDate>2023-12-31 12:49:51</PriceUpdateDate>
      <ItemCode>5410769800554</ItemCode>
      <ItemType>1</ItemType>
      <ItemName>בירה צרי שוף בק 750</ItemName>
      <ManufacturerName>,</ManufacturerName>
      <ManufactureCountry>לא ידוע</ManufactureCountry>
      <ManufacturerItemDescription>בירה צרי שוף בק 750 מ"ל</ManufacturerItemDescription>
      <UnitQty>מיליליטרים</UnitQty>
      <Quantity>750.00</Quantity>
      <UnitOfMeasure>100 מ"ל</UnitOfMeasure>
      <bIsWeighted>0</bIsWeighted>
      <QtyInPackage>1</QtyInPackage>
      <ItemPrice>29.90</ItemPrice>
      <UnitOfMeasurePrice>3.9867</UnitOfMeasurePrice>
      <AllowDiscount>1</AllowDiscount>
      <ItemStatus>1</ItemStatus>
      <ItemId>64974</ItemId>
    </Item>
    <Item>
      <PriceUpdateDate>2023-12-31 12:49:51</PriceUpdateDate>
      <ItemCode>7436</ItemCode>
      <ItemType>0</ItemType>
      <ItemName>גבינה שברה עיזים כמה</ItemName>
      <ManufacturerName>,</ManufacturerName>
      <ManufactureCountry>לא ידוע</ManufactureCountry>
      <ManufacturerItemDescription>גבינה שברה עיזים כמהין</ManufacturerItemDescription>
      <UnitQty>קילוגרמים</UnitQty>
      <Quantity>1.00</Quantity>
      <UnitOfMeasure>ק"ג</UnitOfMeasure>
      <bIsWeighted>1</bIsWeighted>
      <QtyInPackage>לא ידוע</QtyInPackage>
      <ItemPrice>269.00</ItemPrice>
      <UnitOfMeasurePrice>269.0000</UnitOfMeasurePrice>
      <AllowDiscount>1</AllowDiscount>
      <ItemStatus>1</ItemStatus>
      <ItemId>64989</ItemId>
    </Item>
    <Item>
      <PriceUpdateDate>2025-07-02 09:18:33</PriceUpdateDate>
      <ItemCode>4250231145056</ItemCode>
      <ItemType>1</ItemType>
      <ItemName>שוקולד מאדאם פומפדור</ItemName>
      <ManufacturerName>Halloren</ManufacturerName>
      <ManufactureCountry>לא ידוע</ManufactureCountry>
      <ManufacturerItemDescription>שוקולד מאדאם פומפדור תות וודקה 150 גר</ManufacturerItemDescription>
      <UnitQty>גרמים</UnitQty>
      <Quantity>150.00</Quantity>
      <UnitOfMeasure>100 גרם</UnitOfMeasure>
      <bIsWeighted>0</bIsWeighted>
      <QtyInPackage>1</QtyInPackage>
      <ItemPrice>22.90</ItemPrice>
      <UnitOfMeasurePrice>15.2667</UnitOfMeasurePrice>
      <AllowDiscount>1</AllowDiscount>
      <ItemStatus>1</ItemStatus>
      <ItemId>65004</ItemId>
    </Item>
    <Item>
      <PriceUpdateDate>2025-11-03 09:14:32</PriceUpdateDate>
      <ItemCode>8059174884055</ItemCode>
      <ItemType>1</ItemType>
      <ItemName>תמי פסטה ספגטי ללא ג</ItemName>
      <ManufacturerName>,</ManufacturerName>
      <ManufactureCountry>לא ידוע</ManufactureCountry>
      <ManufacturerItemDescription>תמי פסטה ספגטי ללא גלוטן 400 גר</ManufacturerItemDescription>
      <UnitQty>גרמים</UnitQty>
      <Quantity>400.00</Quantity>
      <UnitOfMeasure>100 גרם</UnitOfMeasure>
      <bIsWeighted>0</bIsWeighted>
      <QtyInPackage>1</QtyInPackage>
      <ItemPrice>19.90</ItemPrice>
      <UnitOfMeasurePrice>4.9750</UnitOfMeasurePrice>
      <AllowDiscount>1</AllowDiscount>
      <ItemStatus>1</ItemStatus>
      <ItemId>102426</ItemId>
    </Item>
    <Item>
      <PriceUpdateDate>2025-11-10 11:29:14</PriceUpdateDate>
      <ItemCode>4750010492826</ItemCode>
      <ItemType>1</ItemType>
      <ItemName>דג שפרוטים מעושנים ר</ItemName>
      <ManufacturerName>,</ManufacturerName>
      <ManufactureCountry>לא ידוע</ManufactureCountry>
      <ManufacturerItemDescription>דג שפרוטים מעושנים ריגה צנצנת 250 גר</ManufacturerItemDescription>
      <UnitQty>גרמים</UnitQty>
      <Quantity>250.00</Quantity>
      <UnitOfMeasure>100 גרם</UnitOfMeasure>
      <bIsWeighted>0</bIsWeighted>
      <QtyInPackage>1</QtyInPackage>
      <ItemPrice>19.90</ItemPrice>
      <UnitOfMeasurePrice>7.9600</UnitOfMeasurePrice>
      <AllowDiscount>1</AllowDiscount>
      <ItemStatus>1</ItemStatus>
      <ItemId>65099</ItemId>
    </Item>
    <Item>
      <PriceUpdateDate>2024-11-03 14:19:36</PriceUpdateDate>
      <ItemCode>7290101812890</ItemCode>
      <ItemType>1</ItemType>
      <ItemName>נקניקיות מרגז מצונן</ItemName>
      <ManufacturerName>,</ManufacturerName>
      <ManufactureCountry>לא ידוע</ManufactureCountry>
      <ManufacturerItemDescription>נקניקיות מרגז מצונן 700 גר</ManufacturerItemDescription>
      <UnitQty>גרמים</UnitQty>
      <Quantity>700.00</Quantity>
      <UnitOfMeasure>100 גרם</UnitOfMeasure>
      <bIsWeighted>0</bIsWeighted>
      <QtyInPackage>1</QtyInPackage>
      <ItemPrice>64.90</ItemPrice>
      <UnitOfMeasurePrice>9.2714</UnitOfMeasurePrice>
      <AllowDiscount>1</AllowDiscount>
      <ItemStatus>1</ItemStatus>
      <ItemId>65117</ItemId>
    </Item>
    <Item>
      <PriceUpdateDate>2024-11-03 14:19:36</PriceUpdateDate>
      <ItemCode>7290101812883</ItemCode>
      <ItemType>1</ItemType>
      <ItemName>נקניקיות כבש מצונן 7</ItemName>
      <ManufacturerName>,</ManufacturerName>
      <ManufactureCountry>לא ידוע</ManufactureCountry>
      <ManufacturerItemDescription>נקניקיות כבש מצונן 700 גר</ManufacturerItemDescription>
      <UnitQty>גרמים</UnitQty>
      <Quantity>700.00</Quantity>
      <UnitOfMeasure>100 גרם</UnitOfMeasure>
      <bIsWeighted>0</bIsWeighted>
      <QtyInPackage>1</QtyInPackage>
      <ItemPrice>46.90</ItemPrice>
      <UnitOfMeasurePrice>6.7000</UnitOfMeasurePrice>
      <AllowDiscount>1</AllowDiscount>
      <ItemStatus>1</ItemStatus>
      <ItemId>65118</ItemId>
    </Item>
    <Item>
      <PriceUpdateDate>2023-12-31 12:49:52</PriceUpdateDate>
      <ItemCode>4820182742897</ItemCode>
      <ItemType>1</ItemType>
      <ItemName>קרוטונים פלינט בטעם</ItemName>
      <ManufacturerName>Snacks</ManufacturerName>
      <ManufactureCountry>לא ידוע</ManufactureCountry>
      <ManufacturerItemDescription>קרוטונים פלינט בטעם בייקון 35 גר</ManufacturerItemDescription>
      <UnitQty>גרמים</UnitQty>
      <Quantity>35.00</Quantity>
      <UnitOfMeasure>100 גרם</UnitOfMeasure>
      <bIsWeighted>0</bIsWeighted>
      <QtyInPackage>1</QtyInPackage>
      <ItemPrice>2.90</ItemPrice>
      <UnitOfMeasurePrice>8.2857</UnitOfMeasurePrice>
      <AllowDiscount>1</AllowDiscount>
      <ItemStatus>1</ItemStatus>
      <ItemId>65140</ItemId>
    </Item>
    <Item>
      <PriceUpdateDate>2023-12-31 12:49:52</PriceUpdateDate>
      <ItemCode>4820182742903</ItemCode>
      <ItemType>1</ItemType>
      <ItemName>קרוטונים פלינט בטעם</ItemName>
      <ManufacturerName>Snacks</ManufacturerName>
      <ManufactureCountry>לא ידוע</ManufactureCountry>
      <ManufacturerItemDescription>קרוטונים פלינט בטעם סרטן 35 גר</ManufacturerItemDescription>
      <UnitQty>גרמים</UnitQty>
      <Quantity>35.00</Quantity>
      <UnitOfMeasure>100 גרם</UnitOfMeasure>
      <bIsWeighted>0</bIsWeighted>
      <QtyInPackage>1</QtyInPackage>
      <ItemPrice>2.90</ItemPrice>
      <UnitOfMeasurePrice>8.2857</UnitOfMeasurePrice>
      <AllowDiscount>1</AllowDiscount>
      <ItemStatus>1</ItemStatus>
      <ItemId>65141</ItemId>
    </Item>
    <Item>
      <PriceUpdateDate>2023-12-31 12:49:52</PriceUpdateDate>
      <ItemCode>4820182742972</ItemCode>
      <ItemType>1</ItemType>
      <ItemName>קרוטונים פלינט בטעם</ItemName>
      <ManufacturerName>Snacks</ManufacturerName>
      <ManufactureCountry>לא ידוע</ManufactureCountry>
      <ManufacturerItemDescription>קרוטונים פלינט בטעם קוויאר 35 גר</ManufacturerItemDescription>
      <UnitQty>גרמים</UnitQty>
      <Quantity>35.00</Quantity>
      <UnitOfMeasure>100 גרם</UnitOfMeasure>
      <bIsWeighted>0</bIsWeighted>
      <QtyInPackage>1</QtyInPackage>
      <ItemPrice>2.90</ItemPrice>
      <UnitOfMeasurePrice>8.2857</UnitOfMeasurePrice>
      <AllowDiscount>1</AllowDiscount>
      <ItemStatus>1</ItemStatus>
      <ItemId>65142</ItemId>
    </Item>
    <Item>
      <PriceUpdateDate>2025-11-03 09:12:55</PriceUpdateDate>
      <ItemCode>4820075891220</ItemCode>
      <ItemType>1</ItemType>
      <ItemName>גלי בטעם תפוזים 90 ג</ItemName>
      <ManufacturerName>,</ManufacturerName>
      <ManufactureCountry>לא ידוע</ManufactureCountry>
      <ManufacturerItemDescription>גלי בטעם תפוזים 90 גר</ManufacturerItemDescription>
      <UnitQty>גרמים</UnitQty>
      <Quantity>90.00</Quantity>
      <UnitOfMeasure>100 גרם</UnitOfMeasure>
      <bIsWeighted>0</bIsWeighted>
      <QtyInPackage>1</QtyInPackage>
      <ItemPrice>6.90</ItemPrice>
      <UnitOfMeasurePrice>7.6667</UnitOfMeasurePrice>
      <AllowDiscount>1</AllowDiscount>
      <ItemStatus>1</ItemStatus>
      <ItemId>102429</ItemId>
    </Item>
    <Item>
      <PriceUpdateDate>2023-12-31 12:49:52</PriceUpdateDate>
      <ItemCode>9002859061240</ItemCode>
      <ItemType>1</ItemType>
      <ItemName>שבבי בצל מטוגן 250 ג</ItemName>
      <ManufacturerName>,</ManufacturerName>
      <ManufactureCountry>לא ידוע</ManufactureCountry>
      <ManufacturerItemDescription>שבבי בצל מטוגן 250 גר</ManufacturerItemDescription>
      <UnitQty>גרמים</UnitQty>
      <Quantity>250.00</Quantity>
      <UnitOfMeasure>100 גרם</UnitOfMeasure>
      <bIsWeighted>0</bIsWeighted>
      <QtyInPackage>20</QtyInPackage>
      <ItemPrice>16.90</ItemPrice>
      <UnitOfMeasurePrice>6.7600</UnitOfMeasurePrice>
      <AllowDiscount>1</AllowDiscount>
      <ItemStatus>1</ItemStatus>
      <ItemId>65168</ItemId>
    </Item>
    <Item>
      <PriceUpdateDate>2023-12-31 12:49:53</PriceUpdateDate>
      <ItemCode>7450</ItemCode>
      <ItemType>0</ItemType>
      <ItemName>גבינה גאודה עיזים דב</ItemName>
      <ManufacturerName>,</ManufacturerName>
      <ManufactureCountry>לא ידוע</ManufactureCountry>
      <ManufacturerItemDescription>גבינה גאודה עיזים דבש</ManufacturerItemDescription>
      <UnitQty>קילוגרמים</UnitQty>
      <Quantity>1.00</Quantity>
      <UnitOfMeasure>ק"ג</UnitOfMeasure>
      <bIsWeighted>1</bIsWeighted>
      <QtyInPackage>לא ידוע</QtyInPackage>
      <ItemPrice>199.00</ItemPrice>
      <UnitOfMeasurePrice>199.0000</UnitOfMeasurePrice>
      <AllowDiscount>1</AllowDiscount>
      <ItemStatus>1</ItemStatus>
      <ItemId>65285</ItemId>
    </Item>
    <Item>
      <PriceUpdateDate>2023-12-31 12:49:53</PriceUpdateDate>
      <ItemCode>7290002408468</ItemCode>
      <ItemType>1</ItemType>
      <ItemName>איירן 300 מל</ItemName>
      <ManufacturerName>,</ManufacturerName>
      <ManufactureCountry>לא ידוע</ManufactureCountry>
      <ManufacturerItemDescription>איירן 300 מ"ל</ManufacturerItemDescription>
      <UnitQty>מיליליטרים</UnitQty>
      <Quantity>300.00</Quantity>
      <UnitOfMeasure>100 מ"ל</UnitOfMeasure>
      <bIsWeighted>0</bIsWeighted>
      <QtyInPackage>1</QtyInPackage>
      <ItemPrice>6.90</ItemPrice>
      <UnitOfMeasurePrice>2.3000</UnitOfMeasurePrice>
      <AllowDiscount>1</AllowDiscount>
      <ItemStatus>1</ItemStatus>
      <ItemId>65305</ItemId>
    </Item>
    <Item>
      <PriceUpdateDate>2024-10-06 14:11:29</PriceUpdateDate>
      <ItemCode>4820217240114</ItemCode>
      <ItemType>1</ItemType>
      <ItemName>חמאה פרמה 82.5% 200</ItemName>
      <ManufacturerName>,</ManufacturerName>
      <ManufactureCountry>לא ידוע</ManufactureCountry>
      <ManufacturerItemDescription>חמאה פרמה 82.5% 200 גר</ManufacturerItemDescription>
      <UnitQty>גרמים</UnitQty>
      <Quantity>200.00</Quantity>
      <UnitOfMeasure>100 גרם</UnitOfMeasure>
      <bIsWeighted>0</bIsWeighted>
      <QtyInPackage>1</QtyInPackage>
      <ItemPrice>13.90</ItemPrice>
      <UnitOfMeasurePrice>6.9500</UnitOfMeasurePrice>
      <AllowDiscount>1</AllowDiscount>
      <ItemStatus>1</ItemStatus>
      <ItemId>65316</ItemId>
    </Item>
    <Item>
      <PriceUpdateDate>2024-11-22 08:30:14</PriceUpdateDate>
      <ItemCode>6922571302076</ItemCode>
      <ItemType>1</ItemType>
      <ItemName>דג מינטאי ארנה מיובש</ItemName>
      <ManufacturerName>אקוואטיק</ManufacturerName>
      <ManufactureCountry>לא ידוע</ManufactureCountry>
      <ManufacturerItemDescription>דג מינטאי ארנה מיובש וממולח 90 גר</ManufacturerItemDescription>
      <UnitQty>גרמים</UnitQty>
      <Quantity>90.00</Quantity>
      <UnitOfMeasure>100 גרם</UnitOfMeasure>
      <bIsWeighted>0</bIsWeighted>
      <QtyInPackage>1</QtyInPackage>
      <ItemPrice>17.90</ItemPrice>
      <UnitOfMeasurePrice>19.8889</UnitOfMeasurePrice>
      <AllowDiscount>1</AllowDiscount>
      <ItemStatus>1</ItemStatus>
      <ItemId>65332</ItemId>
    </Item>
    <Item>
      <PriceUpdateDate>2025-11-03 09:12:55</PriceUpdateDate>
      <ItemCode>4820075891251</ItemCode>
      <ItemType>1</ItemType>
      <ItemName>גלי בטעם דובדבן 90 ג</ItemName>
      <ManufacturerName>,</ManufacturerName>
      <ManufactureCountry>לא ידוע</ManufactureCountry>
      <ManufacturerItemDescription>גלי בטעם דובדבן 90 גר</ManufacturerItemDescription>
      <UnitQty>גרמים</UnitQty>
      <Quantity>90.00</Quantity>
      <UnitOfMeasure>100 גרם</UnitOfMeasure>
      <bIsWeighted>0</bIsWeighted>
      <QtyInPackage>1</QtyInPackage>
      <ItemPrice>6.90</ItemPrice>
      <UnitOfMeasurePrice>7.6667</UnitOfMeasurePrice>
      <AllowDiscount>1</AllowDiscount>
      <ItemStatus>1</ItemStatus>
      <ItemId>102430</ItemId>
    </Item>
    <Item>
      <PriceUpdateDate>2023-12-31 12:49:53</PriceUpdateDate>
      <ItemCode>4770179110096</ItemCode>
      <ItemType>1</ItemType>
      <ItemName>בונבוניירה פרגלה עם</ItemName>
      <ManufacturerName>,</ManufacturerName>
      <ManufactureCountry>לא ידוע</ManufactureCountry>
      <ManufacturerItemDescription>בונבוניירה פרגלה עם ברנדי 190 גר</ManufacturerItemDescription>
      <UnitQty>גרמים</UnitQty>
      <Quantity>190.00</Quantity>
      <UnitOfMeasure>100 גרם</UnitOfMeasure>
      <bIsWeighted>0</bIsWeighted>
      <QtyInPackage>1</QtyInPackage>
      <ItemPrice>19.90</ItemPrice>
      <UnitOfMeasurePrice>10.4737</UnitOfMeasurePrice>
      <AllowDiscount>1</AllowDiscount>
      <ItemStatus>1</ItemStatus>
      <ItemId>65339</ItemId>
    </Item>
    <Item>
      <PriceUpdateDate>2025-03-18 08:39:14</PriceUpdateDate>
      <ItemCode>4770179109991</ItemCode>
      <ItemType>1</ItemType>
      <ItemName>בונבוניירה פרגלה עם</ItemName>
      <ManufacturerName>,</ManufacturerName>
      <ManufactureCountry>לא ידוע</ManufactureCountry>
      <ManufacturerItemDescription>בונבוניירה פרגלה עם וודקה 190 גר</ManufacturerItemDescription>
      <UnitQty>גרמים</UnitQty>
      <Quantity>190.00</Quantity>
      <UnitOfMeasure>100 גרם</UnitOfMeasure>
      <bIsWeighted>0</bIsWeighted>
      <QtyInPackage>1</QtyInPackage>
      <ItemPrice>19.90</ItemPrice>
      <UnitOfMeasurePrice>10.4737</UnitOfMeasurePrice>
      <AllowDiscount>1</AllowDiscount>
      <ItemStatus>1</ItemStatus>
      <ItemId>65340</ItemId>
    </Item>
    <Item>
      <PriceUpdateDate>2024-08-12 14:26:09</PriceUpdateDate>
      <ItemCode>7290006515926</ItemCode>
      <ItemType>1</ItemType>
      <ItemName>מארז אפרול 700 מל +</ItemName>
      <ManufacturerName>,</ManufacturerName>
      <ManufactureCountry>לא ידוע</ManufactureCountry>
      <ManufacturerItemDescription>מארז אפרול 700 מ"ל+ פרו שפריץ</ManufacturerItemDescription>
      <UnitQty>מיליליטרים</UnitQty>
      <Quantity>700.00</Quantity>
      <UnitOfMeasure>100 מ"ל</UnitOfMeasure>
      <bIsWeighted>0</bIsWeighted>
      <QtyInPackage>1</QtyInPackage>
      <ItemPrice>104.90</ItemPrice>
      <UnitOfMeasurePrice>14.9857</UnitOfMeasurePrice>
      <AllowDiscount>1</AllowDiscount>
      <ItemStatus>1</ItemStatus>
      <ItemId>65400</ItemId>
    </Item>
    <Item>
      <PriceUpdateDate>2023-12-31 12:49:54</PriceUpdateDate>
      <ItemCode>5010327324333</ItemCode>
      <ItemType>1</ItemType>
      <ItemName>ויסקי גלנפידיך סינגל</ItemName>
      <ManufacturerName>,</ManufacturerName>
      <ManufactureCountry>לא ידוע</ManufactureCountry>
      <ManufacturerItemDescription>ויסקי גלנפידיך סינגל מאלט 14 שנה 700 מ"ל</ManufacturerItemDescription>
      <UnitQty>מיליליטרים</UnitQty>
      <Quantity>700.00</Quantity>
      <UnitOfMeasure>100 מ"ל</UnitOfMeasure>
      <bIsWeighted>0</bIsWeighted>
      <QtyInPackage>1</QtyInPackage>
      <ItemPrice>229.90</ItemPrice>
      <UnitOfMeasurePrice>32.8429</UnitOfMeasurePrice>
      <AllowDiscount>1</AllowDiscount>
      <ItemStatus>1</ItemStatus>
      <ItemId>65423</ItemId>
    </Item>
    <Item>
      <PriceUpdateDate>2025-02-02 07:39:56</PriceUpdateDate>
      <ItemCode>16453</ItemCode>
      <ItemType>0</ItemType>
      <ItemName>מאפה פילו במילוי בשר</ItemName>
      <ManufacturerName>,</ManufacturerName>
      <ManufactureCountry>לא ידוע</ManufactureCountry>
      <ManufacturerItemDescription>מאפה פילו במילוי בשר</ManufacturerItemDescription>
      <UnitQty>קילוגרמים</UnitQty>
      <Quantity>1.00</Quantity>
      <UnitOfMeasure>ק"ג</UnitOfMeasure>
      <bIsWeighted>1</bIsWeighted>
      <QtyInPackage>לא ידוע</QtyInPackage>
      <ItemPrice>89.00</ItemPrice>
      <UnitOfMeasurePrice>89.0000</UnitOfMeasurePrice>
      <AllowDiscount>1</AllowDiscount>
      <ItemStatus>1</ItemStatus>
      <ItemId>65489</ItemId>
    </Item>
    <Item>
      <PriceUpdateDate>2023-12-31 12:49:54</PriceUpdateDate>
      <ItemCode>844510012203</ItemCode>
      <ItemType>1</ItemType>
      <ItemName>יין רמת חברון יצחק ר</ItemName>
      <ManufacturerName>,</ManufacturerName>
      <ManufactureCountry>לא ידוע</ManufactureCountry>
      <ManufacturerItemDescription>יין רמת חברון יצחק רם קברנה סוביניון 750</ManufacturerItemDescription>
      <UnitQty>מיליליטרים</UnitQty>
      <Quantity>750.00</Quantity>
      <UnitOfMeasure>100 מ"ל</UnitOfMeasure>
      <bIsWeighted>0</bIsWeighted>
      <QtyInPackage>1</QtyInPackage>
      <ItemPrice>109.90</ItemPrice>
      <UnitOfMeasurePrice>14.6533</UnitOfMeasurePrice>
      <AllowDiscount>1</AllowDiscount>
      <ItemStatus>1</ItemStatus>
      <ItemId>65503</ItemId>
    </Item>
    <Item>
      <PriceUpdateDate>2023-12-31 12:49:55</PriceUpdateDate>
      <ItemCode>4860018004522</ItemCode>
      <ItemType>1</ItemType>
      <ItemName>ברנדי שרהגישוילי אקס</ItemName>
      <ManufacturerName>,</ManufacturerName>
      <ManufactureCountry>לא ידוע</ManufactureCountry>
      <ManufacturerItemDescription>ברנדי שרהגישוילי אקס או 10 שנים 700 מ"ל</ManufacturerItemDescription>
      <UnitQty>מיליליטרים</UnitQty>
      <Quantity>700.00</Quantity>
      <UnitOfMeasure>100 מ"ל</UnitOfMeasure>
      <bIsWeighted>0</bIsWeighted>
      <QtyInPackage>1</QtyInPackage>
      <ItemPrice>299.90</ItemPrice>
      <UnitOfMeasurePrice>42.8429</UnitOfMeasurePrice>
      <AllowDiscount>1</AllowDiscount>
      <ItemStatus>1</ItemStatus>
      <ItemId>65547</ItemId>
    </Item>
    <Item>
      <PriceUpdateDate>2023-12-31 12:49:55</PriceUpdateDate>
      <ItemCode>7290015951227</ItemCode>
      <ItemType>1</ItemType>
      <ItemName>יין גמלא סירה 750 מל</ItemName>
      <ManufacturerName>,</ManufacturerName>
      <ManufactureCountry>לא ידוע</ManufactureCountry>
      <ManufacturerItemDescription>יין גמלא סירה 750 מ"ל</ManufacturerItemDescription>
      <UnitQty>מיליליטרים</UnitQty>
      <Quantity>750.00</Quantity>
      <UnitOfMeasure>100 מ"ל</UnitOfMeasure>
      <bIsWeighted>0</bIsWeighted>
      <QtyInPackage>1</QtyInPackage>
      <ItemPrice>60.00</ItemPrice>
      <UnitOfMeasurePrice>8.0000</UnitOfMeasurePrice>
      <AllowDiscount>1</AllowDiscount>
      <ItemStatus>1</ItemStatus>
      <ItemId>65550</ItemId>
    </Item>
    <Item>
      <PriceUpdateDate>2023-12-31 12:49:55</PriceUpdateDate>
      <ItemCode>9002859107399</ItemCode>
      <ItemType>1</ItemType>
      <ItemName>תבלין מיקס לבשר במטח</ItemName>
      <ManufacturerName>Gunz</ManufacturerName>
      <ManufactureCountry>לא ידוע</ManufactureCountry>
      <ManufacturerItemDescription>תבלין מיקס לבשר במטחנה גונץ ניקו 55 גר</ManufacturerItemDescription>
      <UnitQty>גרמים</UnitQty>
      <Quantity>55.00</Quantity>
      <UnitOfMeasure>100 גרם</UnitOfMeasure>
      <bIsWeighted>0</bIsWeighted>
      <QtyInPackage>6</QtyInPackage>
      <ItemPrice>14.90</ItemPrice>
      <UnitOfMeasurePrice>27.0909</UnitOfMeasurePrice>
      <AllowDiscount>1</AllowDiscount>
      <ItemStatus>1</ItemStatus>
      <ItemId>65588</ItemId>
    </Item>
    <Item>
      <PriceUpdateDate>2024-11-03 13:30:29</PriceUpdateDate>
      <ItemCode>4810168045555</ItemCode>
      <ItemType>1</ItemType>
      <ItemName>פילה דג סלמון מלוח פ</ItemName>
      <ManufacturerName>,</ManufacturerName>
      <ManufactureCountry>לא ידוע</ManufactureCountry>
      <ManufacturerItemDescription>פילה דג סלמון מלוח פרוס קפוא 100 גר</ManufacturerItemDescription>
      <UnitQty>גרמים</UnitQty>
      <Quantity>100.00</Quantity>
      <UnitOfMeasure>100 גרם</UnitOfMeasure>
      <bIsWeighted>0</bIsWeighted>
      <QtyInPackage>1</QtyInPackage>
      <ItemPrice>24.90</ItemPrice>
      <UnitOfMeasurePrice>24.9000</UnitOfMeasurePrice>
      <AllowDiscount>1</AllowDiscount>
      <ItemStatus>1</ItemStatus>
      <ItemId>65626</ItemId>
    </Item>
    <Item>
      <PriceUpdateDate>2024-11-03 13:30:29</PriceUpdateDate>
      <ItemCode>4810168045579</ItemCode>
      <ItemType>1</ItemType>
      <ItemName>פילה דג פורל מלוח פר</ItemName>
      <ManufacturerName>,</ManufacturerName>
      <ManufactureCountry>לא ידוע</ManufactureCountry>
      <ManufacturerItemDescription>פילה דג פורל מלוח פרוס קפוא 100 גר</ManufacturerItemDescription>
      <UnitQty>גרמים</UnitQty>
      <Quantity>100.00</Quantity>
      <UnitOfMeasure>100 גרם</UnitOfMeasure>
      <bIsWeighted>0</bIsWeighted>
      <QtyInPackage>1</QtyInPackage>
      <ItemPrice>24.90</ItemPrice>
      <UnitOfMeasurePrice>24.9000</UnitOfMeasurePrice>
      <AllowDiscount>1</AllowDiscount>
      <ItemStatus>1</ItemStatus>
      <ItemId>65628</ItemId>
    </Item>
    <Item>
      <PriceUpdateDate>2024-11-03 13:30:29</PriceUpdateDate>
      <ItemCode>4810168045593</ItemCode>
      <ItemType>1</ItemType>
      <ItemName>פילה דג סלמון מלוח ק</ItemName>
      <ManufacturerName>,</ManufacturerName>
      <ManufactureCountry>לא ידוע</ManufactureCountry>
      <ManufacturerItemDescription>פילה דג סלמון מלוח קפוא 200 גר</ManufacturerItemDescription>
      <UnitQty>גרמים</UnitQty>
      <Quantity>200.00</Quantity>
      <UnitOfMeasure>100 גרם</UnitOfMeasure>
      <bIsWeighted>0</bIsWeighted>
      <QtyInPackage>1</QtyInPackage>
      <ItemPrice>44.90</ItemPrice>
      <UnitOfMeasurePrice>22.4500</UnitOfMeasurePrice>
      <AllowDiscount>1</AllowDiscount>
      <ItemStatus>1</ItemStatus>
      <ItemId>65630</ItemId>
    </Item>
    <Item>
      <PriceUpdateDate>2024-11-11 14:58:39</PriceUpdateDate>
      <ItemCode>4607002999309</ItemCode>
      <ItemType>1</ItemType>
      <ItemName>שעועית לבנה אפויה 48</ItemName>
      <ManufacturerName>,</ManufacturerName>
      <ManufactureCountry>לא ידוע</ManufactureCountry>
      <ManufacturerItemDescription>שעועית לבנה אפויה 480 גר</ManufacturerItemDescription>
      <UnitQty>גרמים</UnitQty>
      <Quantity>480.00</Quantity>
      <UnitOfMeasure>100 גרם</UnitOfMeasure>
      <bIsWeighted>0</bIsWeighted>
      <QtyInPackage>1</QtyInPackage>
      <ItemPrice>14.90</ItemPrice>
      <UnitOfMeasurePrice>3.1042</UnitOfMeasurePrice>
      <AllowDiscount>1</AllowDiscount>
      <ItemStatus>1</ItemStatus>
      <ItemId>65730</ItemId>
    </Item>
    <Item>
      <PriceUpdateDate>2024-11-11 14:58:36</PriceUpdateDate>
      <ItemCode>4607002999323</ItemCode>
      <ItemType>1</ItemType>
      <ItemName>ממרח חצילים 460 גר</ItemName>
      <ManufacturerName>,</ManufacturerName>
      <ManufactureCountry>לא ידוע</ManufactureCountry>
      <ManufacturerItemDescription>ממרח חצילים 460 גר</ManufacturerItemDescription>
      <UnitQty>גרמים</UnitQty>
      <Quantity>460.00</Quantity>
      <UnitOfMeasure>100 גרם</UnitOfMeasure>
      <bIsWeighted>0</bIsWeighted>
      <QtyInPackage>1</QtyInPackage>
      <ItemPrice>14.90</ItemPrice>
      <UnitOfMeasurePrice>3.2391</UnitOfMeasurePrice>
      <AllowDiscount>1</AllowDiscount>
      <ItemStatus>1</ItemStatus>
      <ItemId>65734</ItemId>
    </Item>
    <Item>
      <PriceUpdateDate>2023-12-31 12:49:56</PriceUpdateDate>
      <ItemCode>4820182743009</ItemCode>
      <ItemType>1</ItemType>
      <ItemName>קרוטונים פלינט בטעם</ItemName>
      <ManufacturerName>Snacks</ManufacturerName>
      <ManufactureCountry>לא ידוע</ManufactureCountry>
      <ManufacturerItemDescription>קרוטונים פלינט בטעם שישליק 35 גר</ManufacturerItemDescription>
      <UnitQty>גרמים</UnitQty>
      <Quantity>35.00</Quantity>
      <UnitOfMeasure>100 גרם</UnitOfMeasure>
      <bIsWeighted>0</bIsWeighted>
      <QtyInPackage>1</QtyInPackage>
      <ItemPrice>2.90</ItemPrice>
      <UnitOfMeasurePrice>8.2857</UnitOfMeasurePrice>
      <AllowDiscount>1</AllowDiscount>
      <ItemStatus>1</ItemStatus>
      <ItemId>65801</ItemId>
    </Item>
    <Item>
      <PriceUpdateDate>2023-12-31 12:49:56</PriceUpdateDate>
      <ItemCode>4604248022709</ItemCode>
      <ItemType>1</ItemType>
      <ItemName>רוטב לסלט עם ביצת של</ItemName>
      <ManufacturerName>אסן פרודקשן</ManufacturerName>
      <ManufactureCountry>לא ידוע</ManufactureCountry>
      <ManufacturerItemDescription>רוטב לסלט עם ביצת שליו מחייב 800 גר</ManufacturerItemDescription>
      <UnitQty>גרמים</UnitQty>
      <Quantity>800.00</Quantity>
      <UnitOfMeasure>100 גרם</UnitOfMeasure>
      <bIsWeighted>0</bIsWeighted>
      <QtyInPackage>1</QtyInPackage>
      <ItemPrice>20.90</ItemPrice>
      <UnitOfMeasurePrice>2.6125</UnitOfMeasurePrice>
      <AllowDiscount>1</AllowDiscount>
      <ItemStatus>1</ItemStatus>
      <ItemId>65803</ItemId>
    </Item>
    <Item>
      <PriceUpdateDate>2024-09-11 19:44:53</PriceUpdateDate>
      <ItemCode>6009522307554</ItemCode>
      <ItemType>1</ItemType>
      <ItemName>רוטב וורצרטר קולמנס</ItemName>
      <ManufacturerName>,</ManufacturerName>
      <ManufactureCountry>לא ידוע</ManufactureCountry>
      <ManufacturerItemDescription>רוטב וורצרטר קולמנס 250 מל</ManufacturerItemDescription>
      <UnitQty>מיליליטרים</UnitQty>
      <Quantity>250.00</Quantity>
      <UnitOfMeasure>100 מ"ל</UnitOfMeasure>
      <bIsWeighted>0</bIsWeighted>
      <QtyInPackage>1</QtyInPackage>
      <ItemPrice>24.90</ItemPrice>
      <UnitOfMeasurePrice>9.9600</UnitOfMeasurePrice>
      <AllowDiscount>1</AllowDiscount>
      <ItemStatus>1</ItemStatus>
      <ItemId>65955</ItemId>
    </Item>
    <Item>
      <PriceUpdateDate>2024-11-22 08:30:49</PriceUpdateDate>
      <ItemCode>9001414043967</ItemCode>
      <ItemType>1</ItemType>
      <ItemName>פלפלים מיקס קוטניה 3</ItemName>
      <ManufacturerName>,</ManufacturerName>
      <ManufactureCountry>לא ידוע</ManufactureCountry>
      <ManufacturerItemDescription>פלפלים מיקס קוטניה 35 גר</ManufacturerItemDescription>
      <UnitQty>גרמים</UnitQty>
      <Quantity>35.00</Quantity>
      <UnitOfMeasure>100 גרם</UnitOfMeasure>
      <bIsWeighted>0</bIsWeighted>
      <QtyInPackage>4</QtyInPackage>
      <ItemPrice>16.90</ItemPrice>
      <UnitOfMeasurePrice>48.2857</UnitOfMeasurePrice>
      <AllowDiscount>1</AllowDiscount>
      <ItemStatus>1</ItemStatus>
      <ItemId>66065</ItemId>
    </Item>
    <Item>
      <PriceUpdateDate>2025-05-02 08:13:40</PriceUpdateDate>
      <ItemCode>4602358003663</ItemCode>
      <ItemType>1</ItemType>
      <ItemName>גלידת שמנת בטעם קרם</ItemName>
      <ManufacturerName>ז'יטומרסקי זאבוד</ManufacturerName>
      <ManufactureCountry>לא ידוע</ManufactureCountry>
      <ManufacturerItemDescription>גלידת שמנת בטעם קרם ברולה 100 גר</ManufacturerItemDescription>
      <UnitQty>גרמים</UnitQty>
      <Quantity>100.00</Quantity>
      <UnitOfMeasure>100 גרם</UnitOfMeasure>
      <bIsWeighted>0</bIsWeighted>
      <QtyInPackage>1</QtyInPackage>
      <ItemPrice>8.90</ItemPrice>
      <UnitOfMeasurePrice>8.9000</UnitOfMeasurePrice>
      <AllowDiscount>1</AllowDiscount>
      <ItemStatus>1</ItemStatus>
      <ItemId>66105</ItemId>
    </Item>
    <Item>
      <PriceUpdateDate>2025-11-17 19:58:34</PriceUpdateDate>
      <ItemCode>4751007737760</ItemCode>
      <ItemType>1</ItemType>
      <ItemName>קילקה ברוטב עגבניות</ItemName>
      <ManufacturerName>SAIVA</ManufacturerName>
      <ManufactureCountry>לא ידוע</ManufactureCountry>
      <ManufacturerItemDescription>קילקה ברוטב עגבניות 240 גר</ManufacturerItemDescription>
      <UnitQty>גרמים</UnitQty>
      <Quantity>240.00</Quantity>
      <UnitOfMeasure>100 גרם</UnitOfMeasure>
      <bIsWeighted>0</bIsWeighted>
      <QtyInPackage>24</QtyInPackage>
      <ItemPrice>9.90</ItemPrice>
      <UnitOfMeasurePrice>4.1250</UnitOfMeasurePrice>
      <AllowDiscount>1</AllowDiscount>
      <ItemStatus>1</ItemStatus>
      <ItemId>66115</ItemId>
    </Item>
    <Item>
      <PriceUpdateDate>2024-11-27 12:45:26</PriceUpdateDate>
      <ItemCode>7290000094530</ItemCode>
      <ItemType>1</ItemType>
      <ItemName>דג בקלה ארוז</ItemName>
      <ManufacturerName>,</ManufacturerName>
      <ManufactureCountry>לא ידוע</ManufactureCountry>
      <ManufacturerItemDescription>דג בקלה ארוז</ManufacturerItemDescription>
      <UnitQty>קילוגרמים</UnitQty>
      <Quantity>1.00</Quantity>
      <UnitOfMeasure>ק"ג</UnitOfMeasure>
      <bIsWeighted>1</bIsWeighted>
      <QtyInPackage>לא ידוע</QtyInPackage>
      <ItemPrice>26.90</ItemPrice>
      <UnitOfMeasurePrice>26.9000</UnitOfMeasurePrice>
      <AllowDiscount>1</AllowDiscount>
      <ItemStatus>1</ItemStatus>
      <ItemId>66478</ItemId>
    </Item>
    <Item>
      <PriceUpdateDate>2023-12-31 12:50:02</PriceUpdateDate>
      <ItemCode>4840013006868</ItemCode>
      <ItemType>1</ItemType>
      <ItemName>יין מבעבע קריקובה בר</ItemName>
      <ManufacturerName>קריקובה</ManufacturerName>
      <ManufactureCountry>מולדובה</ManufactureCountry>
      <ManufacturerItemDescription>יין מבעבע קריקובה ברוט 750 מ"ל</ManufacturerItemDescription>
      <UnitQty>מיליליטרים</UnitQty>
      <Quantity>750.00</Quantity>
      <UnitOfMeasure>100 מ"ל</UnitOfMeasure>
      <bIsWeighted>0</bIsWeighted>
      <QtyInPackage>12</QtyInPackage>
      <ItemPrice>39.90</ItemPrice>
      <UnitOfMeasurePrice>5.3200</UnitOfMeasurePrice>
      <AllowDiscount>1</AllowDiscount>
      <ItemStatus>1</ItemStatus>
      <ItemId>66682</ItemId>
    </Item>
    <Item>
      <PriceUpdateDate>2023-12-31 12:50:02</PriceUpdateDate>
      <ItemCode>4607041312596</ItemCode>
      <ItemType>1</ItemType>
      <ItemName>גרעיני חמניות קלויים</ItemName>
      <ManufacturerName>,</ManufacturerName>
      <ManufactureCountry>לא ידוע</ManufactureCountry>
      <ManufacturerItemDescription>גרעיני חמניות קלויים עם מלח 250 גר</ManufacturerItemDescription>
      <UnitQty>גרמים</UnitQty>
      <Quantity>250.00</Quantity>
      <UnitOfMeasure>100 גרם</UnitOfMeasure>
      <bIsWeighted>0</bIsWeighted>
      <QtyInPackage>20</QtyInPackage>
      <ItemPrice>15.90</ItemPrice>
      <UnitOfMeasurePrice>6.3600</UnitOfMeasurePrice>
      <AllowDiscount>1</AllowDiscount>
      <ItemStatus>1</ItemStatus>
      <ItemId>66729</ItemId>
    </Item>
    <Item>
      <PriceUpdateDate>2025-07-02 09:18:33</PriceUpdateDate>
      <ItemCode>4019400444464</ItemCode>
      <ItemType>1</ItemType>
      <ItemName>שוקולד הלורן ממולא ש</ItemName>
      <ManufacturerName>Halloren</ManufacturerName>
      <ManufactureCountry>לא ידוע</ManufactureCountry>
      <ManufacturerItemDescription>שוקולד הלורן ממולא שרי וברנדי 150 גר</ManufacturerItemDescription>
      <UnitQty>גרמים</UnitQty>
      <Quantity>150.00</Quantity>
      <UnitOfMeasure>100 גרם</UnitOfMeasure>
      <bIsWeighted>0</bIsWeighted>
      <QtyInPackage>14</QtyInPackage>
      <ItemPrice>22.90</ItemPrice>
      <UnitOfMeasurePrice>15.2667</UnitOfMeasurePrice>
      <AllowDiscount>1</AllowDiscount>
      <ItemStatus>1</ItemStatus>
      <ItemId>66735</ItemId>
    </Item>
    <Item>
      <PriceUpdateDate>2024-09-02 10:54:09</PriceUpdateDate>
      <ItemCode>4600919806777</ItemCode>
      <ItemType>1</ItemType>
      <ItemName>עוגיות מיני מיקס 315</ItemName>
      <ManufacturerName>,</ManufacturerName>
      <ManufactureCountry>לא ידוע</ManufactureCountry>
      <ManufacturerItemDescription>עוגיות מיני מיקס 315 גר</ManufacturerItemDescription>
      <UnitQty>גרמים</UnitQty>
      <Quantity>315.00</Quantity>
      <UnitOfMeasure>100 גרם</UnitOfMeasure>
      <bIsWeighted>0</bIsWeighted>
      <QtyInPackage>1</QtyInPackage>
      <ItemPrice>45.90</ItemPrice>
      <UnitOfMeasurePrice>14.5714</UnitOfMeasurePrice>
      <AllowDiscount>1</AllowDiscount>
      <ItemStatus>1</ItemStatus>
      <ItemId>66940</ItemId>
    </Item>
    <Item>
      <PriceUpdateDate>2024-11-06 16:48:24</PriceUpdateDate>
      <ItemCode>4760062101775</ItemCode>
      <ItemType>1</ItemType>
      <ItemName>תה שחור בוקט 250 גר</ItemName>
      <ManufacturerName>,</ManufacturerName>
      <ManufactureCountry>לא ידוע</ManufactureCountry>
      <ManufacturerItemDescription>תה שחור בוקט 250 גר</ManufacturerItemDescription>
      <UnitQty>גרמים</UnitQty>
      <Quantity>250.00</Quantity>
      <UnitOfMeasure>100 גרם</UnitOfMeasure>
      <bIsWeighted>0</bIsWeighted>
      <QtyInPackage>1</QtyInPackage>
      <ItemPrice>31.90</ItemPrice>
      <UnitOfMeasurePrice>12.7600</UnitOfMeasurePrice>
      <AllowDiscount>1</AllowDiscount>
      <ItemStatus>1</ItemStatus>
      <ItemId>66946</ItemId>
    </Item>
    <Item>
      <PriceUpdateDate>2023-12-31 12:50:03</PriceUpdateDate>
      <ItemCode>4760062101805</ItemCode>
      <ItemType>1</ItemType>
      <ItemName>תה שחור בוקט 50 גר</ItemName>
      <ManufacturerName>,</ManufacturerName>
      <ManufactureCountry>לא ידוע</ManufactureCountry>
      <ManufacturerItemDescription>תה שחור בוקט 50 גר</ManufacturerItemDescription>
      <UnitQty>גרמים</UnitQty>
      <Quantity>50.00</Quantity>
      <UnitOfMeasure>100 גרם</UnitOfMeasure>
      <bIsWeighted>0</bIsWeighted>
      <QtyInPackage>1</QtyInPackage>
      <ItemPrice>9.90</ItemPrice>
      <UnitOfMeasurePrice>19.8000</UnitOfMeasurePrice>
      <AllowDiscount>1</AllowDiscount>
      <ItemStatus>1</ItemStatus>
      <ItemId>66948</ItemId>
    </Item>
    <Item>
      <PriceUpdateDate>2023-12-31 12:50:03</PriceUpdateDate>
      <ItemCode>5410228267508</ItemCode>
      <ItemType>1</ItemType>
      <ItemName>בירה באדוויזר 330 מל</ItemName>
      <ManufacturerName>,</ManufacturerName>
      <ManufactureCountry>לא ידוע</ManufactureCountry>
      <ManufacturerItemDescription>בירה באדוויזר 330 מ"ל</ManufacturerItemDescription>
      <UnitQty>מיליליטרים</UnitQty>
      <Quantity>330.00</Quantity>
      <UnitOfMeasure>100 מ"ל</UnitOfMeasure>
      <bIsWeighted>0</bIsWeighted>
      <QtyInPackage>1</QtyInPackage>
      <ItemPrice>7.90</ItemPrice>
      <UnitOfMeasurePrice>2.3939</UnitOfMeasurePrice>
      <AllowDiscount>1</AllowDiscount>
      <ItemStatus>1</ItemStatus>
      <ItemId>66963</ItemId>
    </Item>
    <Item>
      <PriceUpdateDate>2025-07-20 20:13:12</PriceUpdateDate>
      <ItemCode>8003740031077</ItemCode>
      <ItemType>1</ItemType>
      <ItemName>פסטה אריגי פנה ריגטה</ItemName>
      <ManufacturerName>,</ManufacturerName>
      <ManufactureCountry>לא ידוע</ManufactureCountry>
      <ManufacturerItemDescription>פסטה אריגי פנה ריגטה 500 גר</ManufacturerItemDescription>
      <UnitQty>גרמים</UnitQty>
      <Quantity>500.00</Quantity>
      <UnitOfMeasure>100 גרם</UnitOfMeasure>
      <bIsWeighted>0</bIsWeighted>
      <QtyInPackage>1</QtyInPackage>
      <ItemPrice>8.90</ItemPrice>
      <UnitOfMeasurePrice>1.7800</UnitOfMeasurePrice>
      <AllowDiscount>1</AllowDiscount>
      <ItemStatus>1</ItemStatus>
      <ItemId>67090</ItemId>
    </Item>
    <Item>
      <PriceUpdateDate>2025-07-20 20:13:12</PriceUpdateDate>
      <ItemCode>8003740037079</ItemCode>
      <ItemType>1</ItemType>
      <ItemName>פסטה אריגי פוזליני 5</ItemName>
      <ManufacturerName>,</ManufacturerName>
      <ManufactureCountry>איטליה</ManufactureCountry>
      <ManufacturerItemDescription>פסטה אריגי פוזליני 500 גר</ManufacturerItemDescription>
      <UnitQty>גרמים</UnitQty>
      <Quantity>500.00</Quantity>
      <UnitOfMeasure>100 גרם</UnitOfMeasure>
      <bIsWeighted>0</bIsWeighted>
      <QtyInPackage>1</QtyInPackage>
      <ItemPrice>8.90</ItemPrice>
      <UnitOfMeasurePrice>1.7800</UnitOfMeasurePrice>
      <AllowDiscount>1</AllowDiscount>
      <ItemStatus>1</ItemStatus>
      <ItemId>67091</ItemId>
    </Item>
    <Item>
      <PriceUpdateDate>2025-07-20 20:13:12</PriceUpdateDate>
      <ItemCode>8003740036072</ItemCode>
      <ItemType>1</ItemType>
      <ItemName>פסטה אריגי פוזילי 50</ItemName>
      <ManufacturerName>,</ManufacturerName>
      <ManufactureCountry>לא ידוע</ManufactureCountry>
      <ManufacturerItemDescription>פסטה אריגי פוזילי 500 גר</ManufacturerItemDescription>
      <UnitQty>גרמים</UnitQty>
      <Quantity>500.00</Quantity>
      <UnitOfMeasure>100 גרם</UnitOfMeasure>
      <bIsWeighted>0</bIsWeighted>
      <QtyInPackage>1</QtyInPackage>
      <ItemPrice>8.90</ItemPrice>
      <UnitOfMeasurePrice>1.7800</UnitOfMeasurePrice>
      <AllowDiscount>1</AllowDiscount>
      <ItemStatus>1</ItemStatus>
      <ItemId>67092</ItemId>
    </Item>
    <Item>
      <PriceUpdateDate>2025-07-20 20:13:12</PriceUpdateDate>
      <ItemCode>8003740039073</ItemCode>
      <ItemType>1</ItemType>
      <ItemName>פסטה אריגי קונציליונ</ItemName>
      <ManufacturerName>,</ManufacturerName>
      <ManufactureCountry>לא ידוע</ManufactureCountry>
      <ManufacturerItemDescription>פסטה אריגי קונציליוני 500 גר</ManufacturerItemDescription>
      <UnitQty>גרמים</UnitQty>
      <Quantity>500.00</Quantity>
      <UnitOfMeasure>100 גרם</UnitOfMeasure>
      <bIsWeighted>0</bIsWeighted>
      <QtyInPackage>1</QtyInPackage>
      <ItemPrice>8.90</ItemPrice>
      <UnitOfMeasurePrice>1.7800</UnitOfMeasurePrice>
      <AllowDiscount>1</AllowDiscount>
      <ItemStatus>1</ItemStatus>
      <ItemId>67094</ItemId>
    </Item>
    <Item>
      <PriceUpdateDate>2025-07-20 20:13:12</PriceUpdateDate>
      <ItemCode>8003740007058</ItemCode>
      <ItemType>1</ItemType>
      <ItemName>ספגטי אריגי לינגווינ</ItemName>
      <ManufacturerName>,</ManufacturerName>
      <ManufactureCountry>לא ידוע</ManufactureCountry>
      <ManufacturerItemDescription>ספגטי אריגי לינגוויני 500 גר</ManufacturerItemDescription>
      <UnitQty>גרמים</UnitQty>
      <Quantity>500.00</Quantity>
      <UnitOfMeasure>100 גרם</UnitOfMeasure>
      <bIsWeighted>0</bIsWeighted>
      <QtyInPackage>1</QtyInPackage>
      <ItemPrice>8.90</ItemPrice>
      <UnitOfMeasurePrice>1.7800</UnitOfMeasurePrice>
      <AllowDiscount>1</AllowDiscount>
      <ItemStatus>1</ItemStatus>
      <ItemId>67096</ItemId>
    </Item>
    <Item>
      <PriceUpdateDate>2025-07-20 20:13:12</PriceUpdateDate>
      <ItemCode>8003740005054</ItemCode>
      <ItemType>1</ItemType>
      <ItemName>ספגטי אריגי 500 גר</ItemName>
      <ManufacturerName>,</ManufacturerName>
      <ManufactureCountry>לא ידוע</ManufactureCountry>
      <ManufacturerItemDescription>ספגטי אריגי 500 גר</ManufacturerItemDescription>
      <UnitQty>גרמים</UnitQty>
      <Quantity>500.00</Quantity>
      <UnitOfMeasure>100 גרם</UnitOfMeasure>
      <bIsWeighted>0</bIsWeighted>
      <QtyInPackage>1</QtyInPackage>
      <ItemPrice>8.90</ItemPrice>
      <UnitOfMeasurePrice>1.7800</UnitOfMeasurePrice>
      <AllowDiscount>1</AllowDiscount>
      <ItemStatus>1</ItemStatus>
      <ItemId>67097</ItemId>
    </Item>
    <Item>
      <PriceUpdateDate>2025-07-20 20:13:12</PriceUpdateDate>
      <ItemCode>8003740058081</ItemCode>
      <ItemType>1</ItemType>
      <ItemName>ספגטי אריגי פרפלה 50</ItemName>
      <ManufacturerName>,</ManufacturerName>
      <ManufactureCountry>לא ידוע</ManufactureCountry>
      <ManufacturerItemDescription>ספגטי אריגי פרפלה 500 גר</ManufacturerItemDescription>
      <UnitQty>גרמים</UnitQty>
      <Quantity>500.00</Quantity>
      <UnitOfMeasure>100 גרם</UnitOfMeasure>
      <bIsWeighted>0</bIsWeighted>
      <QtyInPackage>1</QtyInPackage>
      <ItemPrice>8.90</ItemPrice>
      <UnitOfMeasurePrice>1.7800</UnitOfMeasurePrice>
      <AllowDiscount>1</AllowDiscount>
      <ItemStatus>1</ItemStatus>
      <ItemId>67098</ItemId>
    </Item>
    <Item>
      <PriceUpdateDate>2024-05-17 08:44:38</PriceUpdateDate>
      <ItemCode>8003740191009</ItemCode>
      <ItemType>1</ItemType>
      <ItemName>דפי לזניה אריגי 500</ItemName>
      <ManufacturerName>,</ManufacturerName>
      <ManufactureCountry>לא ידוע</ManufactureCountry>
      <ManufacturerItemDescription>דפי לזניה אריגי 500 גר</ManufacturerItemDescription>
      <UnitQty>גרמים</UnitQty>
      <Quantity>500.00</Quantity>
      <UnitOfMeasure>100 גרם</UnitOfMeasure>
      <bIsWeighted>0</bIsWeighted>
      <QtyInPackage>1</QtyInPackage>
      <ItemPrice>14.90</ItemPrice>
      <UnitOfMeasurePrice>2.9800</UnitOfMeasurePrice>
      <AllowDiscount>1</AllowDiscount>
      <ItemStatus>1</ItemStatus>
      <ItemId>67099</ItemId>
    </Item>
    <Item>
      <PriceUpdateDate>2023-12-31 12:50:04</PriceUpdateDate>
      <ItemCode>8003740651060</ItemCode>
      <ItemType>1</ItemType>
      <ItemName>ניוקי אריגי 500 גר</ItemName>
      <ManufacturerName>,</ManufacturerName>
      <ManufactureCountry>לא ידוע</ManufactureCountry>
      <ManufacturerItemDescription>ניוקי אריגי 500 גר</ManufacturerItemDescription>
      <UnitQty>גרמים</UnitQty>
      <Quantity>500.00</Quantity>
      <UnitOfMeasure>100 גרם</UnitOfMeasure>
      <bIsWeighted>0</bIsWeighted>
      <QtyInPackage>1</QtyInPackage>
      <ItemPrice>8.90</ItemPrice>
      <UnitOfMeasurePrice>1.7800</UnitOfMeasurePrice>
      <AllowDiscount>1</AllowDiscount>
      <ItemStatus>1</ItemStatus>
      <ItemId>67100</ItemId>
    </Item>
    <Item>
      <PriceUpdateDate>2023-12-31 12:50:04</PriceUpdateDate>
      <ItemCode>8003740667467</ItemCode>
      <ItemType>1</ItemType>
      <ItemName>רוטב פסטה בזיליקום א</ItemName>
      <ManufacturerName>,</ManufacturerName>
      <ManufactureCountry>לא ידוע</ManufactureCountry>
      <ManufacturerItemDescription>רוטב פסטה בזיליקום אריגי 320 גר</ManufacturerItemDescription>
      <UnitQty>גרמים</UnitQty>
      <Quantity>320.00</Quantity>
      <UnitOfMeasure>100 גרם</UnitOfMeasure>
      <bIsWeighted>0</bIsWeighted>
      <QtyInPackage>1</QtyInPackage>
      <ItemPrice>11.90</ItemPrice>
      <UnitOfMeasurePrice>3.7188</UnitOfMeasurePrice>
      <AllowDiscount>1</AllowDiscount>
      <ItemStatus>1</ItemStatus>
      <ItemId>67101</ItemId>
    </Item>
    <Item>
      <PriceUpdateDate>2023-12-31 12:50:04</PriceUpdateDate>
      <ItemCode>8003740667566</ItemCode>
      <ItemType>1</ItemType>
      <ItemName>רוטב פסטה ארבייאטה א</ItemName>
      <ManufacturerName>,</ManufacturerName>
      <ManufactureCountry>לא ידוע</ManufactureCountry>
      <ManufacturerItemDescription>רוטב פסטה ארבייאטה אריגי 320 גר</ManufacturerItemDescription>
      <UnitQty>גרמים</UnitQty>
      <Quantity>320.00</Quantity>
      <UnitOfMeasure>100 גרם</UnitOfMeasure>
      <bIsWeighted>0</bIsWeighted>
      <QtyInPackage>1</QtyInPackage>
      <ItemPrice>11.90</ItemPrice>
      <UnitOfMeasurePrice>3.7188</UnitOfMeasurePrice>
      <AllowDiscount>1</AllowDiscount>
      <ItemStatus>1</ItemStatus>
      <ItemId>67102</ItemId>
    </Item>
    <Item>
      <PriceUpdateDate>2023-12-31 12:50:04</PriceUpdateDate>
      <ItemCode>8003740660765</ItemCode>
      <ItemType>1</ItemType>
      <ItemName>פסטו ירוק 190 גר</ItemName>
      <ManufacturerName>,</ManufacturerName>
      <ManufactureCountry>לא ידוע</ManufactureCountry>
      <ManufacturerItemDescription>פסטו ירוק 190 גר</ManufacturerItemDescription>
      <UnitQty>גרמים</UnitQty>
      <Quantity>190.00</Quantity>
      <UnitOfMeasure>100 גרם</UnitOfMeasure>
      <bIsWeighted>0</bIsWeighted>
      <QtyInPackage>1</QtyInPackage>
      <ItemPrice>14.90</ItemPrice>
      <UnitOfMeasurePrice>7.8421</UnitOfMeasurePrice>
      <AllowDiscount>1</AllowDiscount>
      <ItemStatus>1</ItemStatus>
      <ItemId>67103</ItemId>
    </Item>
    <Item>
      <PriceUpdateDate>2024-04-07 18:03:51</PriceUpdateDate>
      <ItemCode>4740056913492</ItemCode>
      <ItemType>1</ItemType>
      <ItemName>פנקייק ויסי קלאסי 50</ItemName>
      <ManufacturerName>,</ManufacturerName>
      <ManufactureCountry>לא ידוע</ManufactureCountry>
      <ManufacturerItemDescription>פנקייק ויסי קלאסי 500 גר</ManufacturerItemDescription>
      <UnitQty>גרמים</UnitQty>
      <Quantity>500.00</Quantity>
      <UnitOfMeasure>100 גרם</UnitOfMeasure>
      <bIsWeighted>0</bIsWeighted>
      <QtyInPackage>1</QtyInPackage>
      <ItemPrice>26.90</ItemPrice>
      <UnitOfMeasurePrice>5.3800</UnitOfMeasurePrice>
      <AllowDiscount>1</AllowDiscount>
      <ItemStatus>1</ItemStatus>
      <ItemId>67139</ItemId>
    </Item>
    <Item>
      <PriceUpdateDate>2024-07-22 08:52:25</PriceUpdateDate>
      <ItemCode>8006423463066</ItemCode>
      <ItemType>1</ItemType>
      <ItemName>בונ ולנטיין 195 גר</ItemName>
      <ManufacturerName>,</ManufacturerName>
      <ManufactureCountry>לא ידוע</ManufactureCountry>
      <ManufacturerItemDescription>בונ ולנטיין 195 גר</ManufacturerItemDescription>
      <UnitQty>גרמים</UnitQty>
      <Quantity>195.00</Quantity>
      <UnitOfMeasure>100 גרם</UnitOfMeasure>
      <bIsWeighted>0</bIsWeighted>
      <QtyInPackage>1</QtyInPackage>
      <ItemPrice>76.90</ItemPrice>
      <UnitOfMeasurePrice>39.4359</UnitOfMeasurePrice>
      <AllowDiscount>1</AllowDiscount>
      <ItemStatus>1</ItemStatus>
      <ItemId>67189</ItemId>
    </Item>
    <Item>
      <PriceUpdateDate>2023-12-31 12:50:05</PriceUpdateDate>
      <ItemCode>4810279004892</ItemCode>
      <ItemType>1</ItemType>
      <ItemName>מקלות ציפס בטעם שמנת</ItemName>
      <ManufacturerName>בלפרודוקט</ManufacturerName>
      <ManufactureCountry>בלורוס</ManufactureCountry>
      <ManufacturerItemDescription>מקלות ציפס בטעם שמנת ובצל 75 גר</ManufacturerItemDescription>
      <UnitQty>גרמים</UnitQty>
      <Quantity>75.00</Quantity>
      <UnitOfMeasure>100 גרם</UnitOfMeasure>
      <bIsWeighted>0</bIsWeighted>
      <QtyInPackage>20</QtyInPackage>
      <ItemPrice>6.90</ItemPrice>
      <UnitOfMeasurePrice>9.2000</UnitOfMeasurePrice>
      <AllowDiscount>1</AllowDiscount>
      <ItemStatus>1</ItemStatus>
      <ItemId>67235</ItemId>
    </Item>
    <Item>
      <PriceUpdateDate>2023-12-31 12:50:05</PriceUpdateDate>
      <ItemCode>41224700260</ItemCode>
      <ItemType>1</ItemType>
      <ItemName>צלפים מיניאטוריים בח</ItemName>
      <ManufacturerName>,</ManufacturerName>
      <ManufactureCountry>לא ידוע</ManufactureCountry>
      <ManufacturerItemDescription>צלפים מיניאטוריים בחומץ רולאנד 90 מל</ManufacturerItemDescription>
      <UnitQty>מיליליטרים</UnitQty>
      <Quantity>90.00</Quantity>
      <UnitOfMeasure>100 מ"ל</UnitOfMeasure>
      <bIsWeighted>0</bIsWeighted>
      <QtyInPackage>1</QtyInPackage>
      <ItemPrice>15.90</ItemPrice>
      <UnitOfMeasurePrice>17.6667</UnitOfMeasurePrice>
      <AllowDiscount>1</AllowDiscount>
      <ItemStatus>1</ItemStatus>
      <ItemId>67259</ItemId>
    </Item>
    <Item>
      <PriceUpdateDate>2024-09-03 09:02:33</PriceUpdateDate>
      <ItemCode>7290012726545</ItemCode>
      <ItemType>0</ItemType>
      <ItemName>ממרח לימון כבוש 150</ItemName>
      <ManufacturerName>,</ManufacturerName>
      <ManufactureCountry>לא ידוע</ManufactureCountry>
      <ManufacturerItemDescription>ממרח לימון כבוש 150 גר</ManufacturerItemDescription>
      <UnitQty>גרמים</UnitQty>
      <Quantity>150.00</Quantity>
      <UnitOfMeasure>100 גרם</UnitOfMeasure>
      <bIsWeighted>0</bIsWeighted>
      <QtyInPackage>1</QtyInPackage>
      <ItemPrice>23.90</ItemPrice>
      <UnitOfMeasurePrice>15.9333</UnitOfMeasurePrice>
      <AllowDiscount>1</AllowDiscount>
      <ItemStatus>1</ItemStatus>
      <ItemId>67288</ItemId>
    </Item>
    <Item>
      <PriceUpdateDate>2025-03-11 17:46:19</PriceUpdateDate>
      <ItemCode>7290012726552</ItemCode>
      <ItemType>0</ItemType>
      <ItemName>ממרח ארטישוק 150 גר</ItemName>
      <ManufacturerName>,</ManufacturerName>
      <ManufactureCountry>לא ידוע</ManufactureCountry>
      <ManufacturerItemDescription>ממרח ארטישוק 150 גר</ManufacturerItemDescription>
      <UnitQty>גרמים</UnitQty>
      <Quantity>150.00</Quantity>
      <UnitOfMeasure>100 גרם</UnitOfMeasure>
      <bIsWeighted>0</bIsWeighted>
      <QtyInPackage>1</QtyInPackage>
      <ItemPrice>24.90</ItemPrice>
      <UnitOfMeasurePrice>16.6000</UnitOfMeasurePrice>
      <AllowDiscount>1</AllowDiscount>
      <ItemStatus>1</ItemStatus>
      <ItemId>67289</ItemId>
    </Item>
    <Item>
      <PriceUpdateDate>2024-09-03 09:02:33</PriceUpdateDate>
      <ItemCode>7290012726606</ItemCode>
      <ItemType>0</ItemType>
      <ItemName>ממרח חצילים נענע 150</ItemName>
      <ManufacturerName>,</ManufacturerName>
      <ManufactureCountry>לא ידוע</ManufactureCountry>
      <ManufacturerItemDescription>ממרח חצילים נענע 150 גר</ManufacturerItemDescription>
      <UnitQty>גרמים</UnitQty>
      <Quantity>150.00</Quantity>
      <UnitOfMeasure>100 גרם</UnitOfMeasure>
      <bIsWeighted>0</bIsWeighted>
      <QtyInPackage>1</QtyInPackage>
      <ItemPrice>23.90</ItemPrice>
      <UnitOfMeasurePrice>15.9333</UnitOfMeasurePrice>
      <AllowDiscount>1</AllowDiscount>
      <ItemStatus>1</ItemStatus>
      <ItemId>67290</ItemId>
    </Item>
    <Item>
      <PriceUpdateDate>2025-03-11 17:46:19</PriceUpdateDate>
      <ItemCode>7290012726651</ItemCode>
      <ItemType>0</ItemType>
      <ItemName>טפנד קלמטה 145 גר</ItemName>
      <ManufacturerName>,</ManufacturerName>
      <ManufactureCountry>לא ידוע</ManufactureCountry>
      <ManufacturerItemDescription>טפנד קלמטה 145 גר</ManufacturerItemDescription>
      <UnitQty>גרמים</UnitQty>
      <Quantity>145.00</Quantity>
      <UnitOfMeasure>100 גרם</UnitOfMeasure>
      <bIsWeighted>0</bIsWeighted>
      <QtyInPackage>1</QtyInPackage>
      <ItemPrice>24.90</ItemPrice>
      <UnitOfMeasurePrice>17.1724</UnitOfMeasurePrice>
      <AllowDiscount>1</AllowDiscount>
      <ItemStatus>1</ItemStatus>
      <ItemId>67291</ItemId>
    </Item>
    <Item>
      <PriceUpdateDate>2025-08-15 08:58:02</PriceUpdateDate>
      <ItemCode>7290014503328</ItemCode>
      <ItemType>1</ItemType>
      <ItemName>יין עלמה אדום 750 מל</ItemName>
      <ManufacturerName>דלתון</ManufacturerName>
      <ManufactureCountry>לא ידוע</ManufactureCountry>
      <ManufacturerItemDescription>יין עלמה אדום 750 מל</ManufacturerItemDescription>
      <UnitQty>מיליליטרים</UnitQty>
      <Quantity>750.00</Quantity>
      <UnitOfMeasure>100 מ"ל</UnitOfMeasure>
      <bIsWeighted>0</bIsWeighted>
      <QtyInPackage>1</QtyInPackage>
      <ItemPrice>82.90</ItemPrice>
      <UnitOfMeasurePrice>11.0533</UnitOfMeasurePrice>
      <AllowDiscount>1</AllowDiscount>
      <ItemStatus>1</ItemStatus>
      <ItemId>67295</ItemId>
    </Item>
    <Item>
      <PriceUpdateDate>2025-08-15 08:58:02</PriceUpdateDate>
      <ItemCode>7290014503625</ItemCode>
      <ItemType>0</ItemType>
      <ItemName>יין אסטייט קברנה סוב</ItemName>
      <ManufacturerName>,</ManufacturerName>
      <ManufactureCountry>לא ידוע</ManufactureCountry>
      <ManufacturerItemDescription>יין אסטייט קברנה סוביניון 750 מל</ManufacturerItemDescription>
      <UnitQty>מיליליטרים</UnitQty>
      <Quantity>750.00</Quantity>
      <UnitOfMeasure>100 מ"ל</UnitOfMeasure>
      <bIsWeighted>0</bIsWeighted>
      <QtyInPackage>1</QtyInPackage>
      <ItemPrice>65.90</ItemPrice>
      <UnitOfMeasurePrice>8.7867</UnitOfMeasurePrice>
      <AllowDiscount>1</AllowDiscount>
      <ItemStatus>1</ItemStatus>
      <ItemId>67296</ItemId>
    </Item>
    <Item>
      <PriceUpdateDate>2025-08-15 08:58:02</PriceUpdateDate>
      <ItemCode>7290014503632</ItemCode>
      <ItemType>0</ItemType>
      <ItemName>יין אסטייט מרלו 750</ItemName>
      <ManufacturerName>,</ManufacturerName>
      <ManufactureCountry>לא ידוע</ManufactureCountry>
      <ManufacturerItemDescription>יין אסטייט מרלו 750 מל</ManufacturerItemDescription>
      <UnitQty>מיליליטרים</UnitQty>
      <Quantity>750.00</Quantity>
      <UnitOfMeasure>100 מ"ל</UnitOfMeasure>
      <bIsWeighted>0</bIsWeighted>
      <QtyInPackage>1</QtyInPackage>
      <ItemPrice>65.90</ItemPrice>
      <UnitOfMeasurePrice>8.7867</UnitOfMeasurePrice>
      <AllowDiscount>1</AllowDiscount>
      <ItemStatus>1</ItemStatus>
      <ItemId>67297</ItemId>
    </Item>
    <Item>
      <PriceUpdateDate>2025-08-15 08:58:02</PriceUpdateDate>
      <ItemCode>7290014503687</ItemCode>
      <ItemType>0</ItemType>
      <ItemName>יין אסטייט פומה סובי</ItemName>
      <ManufacturerName>,</ManufacturerName>
      <ManufactureCountry>לא ידוע</ManufactureCountry>
      <ManufacturerItemDescription>יין אסטייט פומה סוביניון בלאן 750 מל</ManufacturerItemDescription>
      <UnitQty>מיליליטרים</UnitQty>
      <Quantity>500.00</Quantity>
      <UnitOfMeasure>100 מ"ל</UnitOfMeasure>
      <bIsWeighted>0</bIsWeighted>
      <QtyInPackage>1</QtyInPackage>
      <ItemPrice>65.90</ItemPrice>
      <UnitOfMeasurePrice>13.1800</UnitOfMeasurePrice>
      <AllowDiscount>1</AllowDiscount>
      <ItemStatus>1</ItemStatus>
      <ItemId>67299</ItemId>
    </Item>
    <Item>
      <PriceUpdateDate>2023-12-31 12:50:05</PriceUpdateDate>
      <ItemCode>7290015009041</ItemCode>
      <ItemType>1</ItemType>
      <ItemName>חומץ תפוחים דניאל 50</ItemName>
      <ManufacturerName>,</ManufacturerName>
      <ManufactureCountry>לא ידוע</ManufactureCountry>
      <ManufacturerItemDescription>חומץ תפוחים דניאל 500 מל</ManufacturerItemDescription>
      <UnitQty>מיליליטרים</UnitQty>
      <Quantity>500.00</Quantity>
      <UnitOfMeasure>100 מ"ל</UnitOfMeasure>
      <bIsWeighted>0</bIsWeighted>
      <QtyInPackage>1</QtyInPackage>
      <ItemPrice>19.90</ItemPrice>
      <UnitOfMeasurePrice>3.9800</UnitOfMeasurePrice>
      <AllowDiscount>1</AllowDiscount>
      <ItemStatus>1</ItemStatus>
      <ItemId>67300</ItemId>
    </Item>
    <Item>
      <PriceUpdateDate>2023-12-31 12:50:05</PriceUpdateDate>
      <ItemCode>7290015009393</ItemCode>
      <ItemType>1</ItemType>
      <ItemName>זית שחור מגולען מזן</ItemName>
      <ManufacturerName>,</ManufacturerName>
      <ManufactureCountry>לא ידוע</ManufactureCountry>
      <ManufacturerItemDescription>זית שחור מגולען מזן קלמטה אידאל 430 גר</ManufacturerItemDescription>
      <UnitQty>גרמים</UnitQty>
      <Quantity>430.00</Quantity>
      <UnitOfMeasure>100 גרם</UnitOfMeasure>
      <bIsWeighted>0</bIsWeighted>
      <QtyInPackage>1</QtyInPackage>
      <ItemPrice>18.90</ItemPrice>
      <UnitOfMeasurePrice>4.3953</UnitOfMeasurePrice>
      <AllowDiscount>1</AllowDiscount>
      <ItemStatus>1</ItemStatus>
      <ItemId>67302</ItemId>
    </Item>
    <Item>
      <PriceUpdateDate>2023-12-31 12:50:05</PriceUpdateDate>
      <ItemCode>8005469951452</ItemCode>
      <ItemType>1</ItemType>
      <ItemName>ממרח אנשובי איטלקי 6</ItemName>
      <ManufacturerName>,</ManufacturerName>
      <ManufactureCountry>לא ידוע</ManufactureCountry>
      <ManufacturerItemDescription>ממרח אנשובי איטלקי 60 גר</ManufacturerItemDescription>
      <UnitQty>גרמים</UnitQty>
      <Quantity>60.00</Quantity>
      <UnitOfMeasure>100 גרם</UnitOfMeasure>
      <bIsWeighted>0</bIsWeighted>
      <QtyInPackage>1</QtyInPackage>
      <ItemPrice>14.90</ItemPrice>
      <UnitOfMeasurePrice>24.8333</UnitOfMeasurePrice>
      <AllowDiscount>1</AllowDiscount>
      <ItemStatus>1</ItemStatus>
      <ItemId>67313</ItemId>
    </Item>
    <Item>
      <PriceUpdateDate>2024-07-01 11:07:29</PriceUpdateDate>
      <ItemCode>8008900007763</ItemCode>
      <ItemType>1</ItemType>
      <ItemName>יין צלו אבסיומנטה 75</ItemName>
      <ManufacturerName>,</ManufacturerName>
      <ManufactureCountry>איטליה</ManufactureCountry>
      <ManufacturerItemDescription>יין צלו אבסיומנטה 750 מ"ל</ManufacturerItemDescription>
      <UnitQty>מיליליטרים</UnitQty>
      <Quantity>750.00</Quantity>
      <UnitOfMeasure>100 מ"ל</UnitOfMeasure>
      <bIsWeighted>0</bIsWeighted>
      <QtyInPackage>6</QtyInPackage>
      <ItemPrice>79.90</ItemPrice>
      <UnitOfMeasurePrice>10.6533</UnitOfMeasurePrice>
      <AllowDiscount>1</AllowDiscount>
      <ItemStatus>1</ItemStatus>
      <ItemId>67315</ItemId>
    </Item>
    <Item>
      <PriceUpdateDate>2023-12-31 12:50:05</PriceUpdateDate>
      <ItemCode>8854404000928</ItemCode>
      <ItemType>0</ItemType>
      <ItemName>מחית להכנת מרק טום י</ItemName>
      <ManufacturerName>,</ManufacturerName>
      <ManufactureCountry>לא ידוע</ManufactureCountry>
      <ManufacturerItemDescription>מחית להכנת מרק טום יאם 70 גר</ManufacturerItemDescription>
      <UnitQty>גרמים</UnitQty>
      <Quantity>70.00</Quantity>
      <UnitOfMeasure>100 גרם</UnitOfMeasure>
      <bIsWeighted>0</bIsWeighted>
      <QtyInPackage>1</QtyInPackage>
      <ItemPrice>14.90</ItemPrice>
      <UnitOfMeasurePrice>21.2857</UnitOfMeasurePrice>
      <AllowDiscount>1</AllowDiscount>
      <ItemStatus>1</ItemStatus>
      <ItemId>67329</ItemId>
    </Item>
    <Item>
      <PriceUpdateDate>2024-08-01 14:28:52</PriceUpdateDate>
      <ItemCode>88586621840</ItemCode>
      <ItemType>0</ItemType>
      <ItemName>יין ריזלינג שאטו סנט</ItemName>
      <ManufacturerName>,</ManufacturerName>
      <ManufactureCountry>לא ידוע</ManufactureCountry>
      <ManufacturerItemDescription>יין ריזלינג שאטו סנט מישל 750 מל</ManufacturerItemDescription>
      <UnitQty>מיליליטרים</UnitQty>
      <Quantity>750.00</Quantity>
      <UnitOfMeasure>100 מ"ל</UnitOfMeasure>
      <bIsWeighted>0</bIsWeighted>
      <QtyInPackage>1</QtyInPackage>
      <ItemPrice>54.90</ItemPrice>
      <UnitOfMeasurePrice>7.3200</UnitOfMeasurePrice>
      <AllowDiscount>1</AllowDiscount>
      <ItemStatus>1</ItemStatus>
      <ItemId>67331</ItemId>
    </Item>
    <Item>
      <PriceUpdateDate>2025-02-02 07:39:56</PriceUpdateDate>
      <ItemCode>7290112770868</ItemCode>
      <ItemType>0</ItemType>
      <ItemName>סלט תירס 400 גר</ItemName>
      <ManufacturerName>,</ManufacturerName>
      <ManufactureCountry>לא ידוע</ManufactureCountry>
      <ManufacturerItemDescription>סלט תירס 400 גרם</ManufacturerItemDescription>
      <UnitQty>גרמים</UnitQty>
      <Quantity>400.00</Quantity>
      <UnitOfMeasure>100 גרם</UnitOfMeasure>
      <bIsWeighted>0</bIsWeighted>
      <QtyInPackage>1</QtyInPackage>
      <ItemPrice>15.90</ItemPrice>
      <UnitOfMeasurePrice>3.9750</UnitOfMeasurePrice>
      <AllowDiscount>1</AllowDiscount>
      <ItemStatus>1</ItemStatus>
      <ItemId>67342</ItemId>
    </Item>
    <Item>
      <PriceUpdateDate>2025-10-19 19:55:11</PriceUpdateDate>
      <ItemCode>8710448580089</ItemCode>
      <ItemType>1</ItemType>
      <ItemName>מיונז לחיץ רמייה 500</ItemName>
      <ManufacturerName>,</ManufacturerName>
      <ManufactureCountry>לא ידוע</ManufactureCountry>
      <ManufacturerItemDescription>מיונז לחיץ רמייה 500 מ"ל</ManufacturerItemDescription>
      <UnitQty>מיליליטרים</UnitQty>
      <Quantity>500.00</Quantity>
      <UnitOfMeasure>100 מ"ל</UnitOfMeasure>
      <bIsWeighted>0</bIsWeighted>
      <QtyInPackage>1</QtyInPackage>
      <ItemPrice>15.90</ItemPrice>
      <UnitOfMeasurePrice>3.1800</UnitOfMeasurePrice>
      <AllowDiscount>1</AllowDiscount>
      <ItemStatus>1</ItemStatus>
      <ItemId>67352</ItemId>
    </Item>
    <Item>
      <PriceUpdateDate>2025-10-19 19:55:11</PriceUpdateDate>
      <ItemCode>8710448569879</ItemCode>
      <ItemType>1</ItemType>
      <ItemName>מיונז לחיץ רמייה 750</ItemName>
      <ManufacturerName>,</ManufacturerName>
      <ManufactureCountry>לא ידוע</ManufactureCountry>
      <ManufacturerItemDescription>מיונז לחיץ רמייה 750 מ"ל</ManufacturerItemDescription>
      <UnitQty>מיליליטרים</UnitQty>
      <Quantity>750.00</Quantity>
      <UnitOfMeasure>100 מ"ל</UnitOfMeasure>
      <bIsWeighted>0</bIsWeighted>
      <QtyInPackage>1</QtyInPackage>
      <ItemPrice>22.90</ItemPrice>
      <UnitOfMeasurePrice>3.0533</UnitOfMeasurePrice>
      <AllowDiscount>1</AllowDiscount>
      <ItemStatus>1</ItemStatus>
      <ItemId>67353</ItemId>
    </Item>
    <Item>
      <PriceUpdateDate>2025-10-19 19:55:11</PriceUpdateDate>
      <ItemCode>8710448595175</ItemCode>
      <ItemType>1</ItemType>
      <ItemName>רוטב ברביקיו מעושן ב</ItemName>
      <ManufacturerName>,</ManufacturerName>
      <ManufactureCountry>לא ידוע</ManufactureCountry>
      <ManufacturerItemDescription>רוטב ברביקיו מעושן בלאק גק 450 מ"ל</ManufacturerItemDescription>
      <UnitQty>מיליליטרים</UnitQty>
      <Quantity>450.00</Quantity>
      <UnitOfMeasure>100 מ"ל</UnitOfMeasure>
      <bIsWeighted>0</bIsWeighted>
      <QtyInPackage>1</QtyInPackage>
      <ItemPrice>19.90</ItemPrice>
      <UnitOfMeasurePrice>4.4222</UnitOfMeasurePrice>
      <AllowDiscount>1</AllowDiscount>
      <ItemStatus>1</ItemStatus>
      <ItemId>67354</ItemId>
    </Item>
    <Item>
      <PriceUpdateDate>2023-12-31 12:50:05</PriceUpdateDate>
      <ItemCode>8710448595182</ItemCode>
      <ItemType>1</ItemType>
      <ItemName>רוטב ברביקיו מעושן ד</ItemName>
      <ManufacturerName>,</ManufacturerName>
      <ManufactureCountry>לא ידוע</ManufactureCountry>
      <ManufacturerItemDescription>רוטב ברביקיו מעושן דבש דלתון 450 מל</ManufacturerItemDescription>
      <UnitQty>מיליליטרים</UnitQty>
      <Quantity>450.00</Quantity>
      <UnitOfMeasure>100 מ"ל</UnitOfMeasure>
      <bIsWeighted>0</bIsWeighted>
      <QtyInPackage>1</QtyInPackage>
      <ItemPrice>21.90</ItemPrice>
      <UnitOfMeasurePrice>4.8667</UnitOfMeasurePrice>
      <AllowDiscount>1</AllowDiscount>
      <ItemStatus>1</ItemStatus>
      <ItemId>67355</ItemId>
    </Item>
    <Item>
      <PriceUpdateDate>2025-10-19 19:55:11</PriceUpdateDate>
      <ItemCode>8710448634331</ItemCode>
      <ItemType>1</ItemType>
      <ItemName>מיונז ללא ביצים טבעו</ItemName>
      <ManufacturerName>,</ManufacturerName>
      <ManufactureCountry>לא ידוע</ManufactureCountry>
      <ManufacturerItemDescription>מיונז ללא ביצים טבעוני רמייה 350 גר</ManufacturerItemDescription>
      <UnitQty>גרמים</UnitQty>
      <Quantity>350.00</Quantity>
      <UnitOfMeasure>100 גרם</UnitOfMeasure>
      <bIsWeighted>0</bIsWeighted>
      <QtyInPackage>1</QtyInPackage>
      <ItemPrice>13.90</ItemPrice>
      <UnitOfMeasurePrice>3.9714</UnitOfMeasurePrice>
      <AllowDiscount>1</AllowDiscount>
      <ItemStatus>1</ItemStatus>
      <ItemId>67370</ItemId>
    </Item>
    <Item>
      <PriceUpdateDate>2023-12-31 12:50:06</PriceUpdateDate>
      <ItemCode>7290000002285</ItemCode>
      <ItemType>1</ItemType>
      <ItemName>גבינה מנורי צאן יוונ</ItemName>
      <ManufacturerName>,</ManufacturerName>
      <ManufactureCountry>לא ידוע</ManufactureCountry>
      <ManufacturerItemDescription>גבינה מנורי צאן יווני בלוק</ManufacturerItemDescription>
      <UnitQty>קילוגרמים</UnitQty>
      <Quantity>1.00</Quantity>
      <UnitOfMeasure>ק"ג</UnitOfMeasure>
      <bIsWeighted>1</bIsWeighted>
      <QtyInPackage>לא ידוע</QtyInPackage>
      <ItemPrice>119.00</ItemPrice>
      <UnitOfMeasurePrice>119.0000</UnitOfMeasurePrice>
      <AllowDiscount>1</AllowDiscount>
      <ItemStatus>1</ItemStatus>
      <ItemId>67396</ItemId>
    </Item>
    <Item>
      <PriceUpdateDate>2024-07-01 11:07:57</PriceUpdateDate>
      <ItemCode>7290000002287</ItemCode>
      <ItemType>1</ItemType>
      <ItemName>גבינה קפלוטירי יווני</ItemName>
      <ManufacturerName>,</ManufacturerName>
      <ManufactureCountry>לא ידוע</ManufactureCountry>
      <ManufacturerItemDescription>גבינה קפלוטירי יווני כבשים</ManufacturerItemDescription>
      <UnitQty>קילוגרמים</UnitQty>
      <Quantity>1.00</Quantity>
      <UnitOfMeasure>ק"ג</UnitOfMeasure>
      <bIsWeighted>1</bIsWeighted>
      <QtyInPackage>לא ידוע</QtyInPackage>
      <ItemPrice>149.00</ItemPrice>
      <UnitOfMeasurePrice>149.0000</UnitOfMeasurePrice>
      <AllowDiscount>1</AllowDiscount>
      <ItemStatus>1</ItemStatus>
      <ItemId>67398</ItemId>
    </Item>
    <Item>
      <PriceUpdateDate>2025-08-15 08:58:02</PriceUpdateDate>
      <ItemCode>7290014503618</ItemCode>
      <ItemType>1</ItemType>
      <ItemName>יין עלמה רוזה 750 מל</ItemName>
      <ManufacturerName>דלתון</ManufacturerName>
      <ManufactureCountry>לא ידוע</ManufactureCountry>
      <ManufacturerItemDescription>יין עלמה רוזה 750 מל</ManufacturerItemDescription>
      <UnitQty>מיליליטרים</UnitQty>
      <Quantity>750.00</Quantity>
      <UnitOfMeasure>100 מ"ל</UnitOfMeasure>
      <bIsWeighted>0</bIsWeighted>
      <QtyInPackage>1</QtyInPackage>
      <ItemPrice>82.90</ItemPrice>
      <UnitOfMeasurePrice>11.0533</UnitOfMeasurePrice>
      <AllowDiscount>1</AllowDiscount>
      <ItemStatus>1</ItemStatus>
      <ItemId>67424</ItemId>
    </Item>
    <Item>
      <PriceUpdateDate>2025-05-16 13:43:27</PriceUpdateDate>
      <ItemCode>8005400904349</ItemCode>
      <ItemType>1</ItemType>
      <ItemName>יין קונטריני פרוסקו</ItemName>
      <ManufacturerName>,</ManufacturerName>
      <ManufactureCountry>לא ידוע</ManufactureCountry>
      <ManufacturerItemDescription>יין קונטריני פרוסקו ברוט 750 מל</ManufacturerItemDescription>
      <UnitQty>מיליליטרים</UnitQty>
      <Quantity>750.00</Quantity>
      <UnitOfMeasure>100 מ"ל</UnitOfMeasure>
      <bIsWeighted>0</bIsWeighted>
      <QtyInPackage>1</QtyInPackage>
      <ItemPrice>49.90</ItemPrice>
      <UnitOfMeasurePrice>6.6533</UnitOfMeasurePrice>
      <AllowDiscount>1</AllowDiscount>
      <ItemStatus>1</ItemStatus>
      <ItemId>98440</ItemId>
    </Item>
    <Item>
      <PriceUpdateDate>2024-12-25 08:37:41</PriceUpdateDate>
      <ItemCode>4003754021662</ItemCode>
      <ItemType>1</ItemType>
      <ItemName>בונ קרסטנס מרציפן עם</ItemName>
      <ManufacturerName>,</ManufacturerName>
      <ManufactureCountry>לא ידוע</ManufactureCountry>
      <ManufacturerItemDescription>בונ קרסטנס מרציפן עם שזיף ביין בשוקולד מ</ManufacturerItemDescription>
      <UnitQty>גרמים</UnitQty>
      <Quantity>210.00</Quantity>
      <UnitOfMeasure>100 גרם</UnitOfMeasure>
      <bIsWeighted>0</bIsWeighted>
      <QtyInPackage>1</QtyInPackage>
      <ItemPrice>26.90</ItemPrice>
      <UnitOfMeasurePrice>12.8095</UnitOfMeasurePrice>
      <AllowDiscount>1</AllowDiscount>
      <ItemStatus>1</ItemStatus>
      <ItemId>67513</ItemId>
    </Item>
    <Item>
      <PriceUpdateDate>2024-12-25 08:37:41</PriceUpdateDate>
      <ItemCode>4003754021679</ItemCode>
      <ItemType>1</ItemType>
      <ItemName>בונ קרסטנס מרציפן מח</ItemName>
      <ManufacturerName>,</ManufacturerName>
      <ManufactureCountry>לא ידוע</ManufactureCountry>
      <ManufacturerItemDescription>בונ קרסטנס מרציפן מחית דובדבן בשוקולד חל</ManufacturerItemDescription>
      <UnitQty>גרמים</UnitQty>
      <Quantity>210.00</Quantity>
      <UnitOfMeasure>100 גרם</UnitOfMeasure>
      <bIsWeighted>0</bIsWeighted>
      <QtyInPackage>1</QtyInPackage>
      <ItemPrice>26.90</ItemPrice>
      <UnitOfMeasurePrice>12.8095</UnitOfMeasurePrice>
      <AllowDiscount>1</AllowDiscount>
      <ItemStatus>1</ItemStatus>
      <ItemId>67514</ItemId>
    </Item>
    <Item>
      <PriceUpdateDate>2023-12-31 12:50:07</PriceUpdateDate>
      <ItemCode>7290112770882</ItemCode>
      <ItemType>0</ItemType>
      <ItemName>מרק פטריות 400 גר</ItemName>
      <ManufacturerName>,</ManufacturerName>
      <ManufactureCountry>לא ידוע</ManufactureCountry>
      <ManufacturerItemDescription>מרק פטריות 400 גר</ManufacturerItemDescription>
      <UnitQty>גרמים</UnitQty>
      <Quantity>400.00</Quantity>
      <UnitOfMeasure>100 גרם</UnitOfMeasure>
      <bIsWeighted>0</bIsWeighted>
      <QtyInPackage>לא ידוע</QtyInPackage>
      <ItemPrice>19.90</ItemPrice>
      <UnitOfMeasurePrice>4.9750</UnitOfMeasurePrice>
      <AllowDiscount>1</AllowDiscount>
      <ItemStatus>1</ItemStatus>
      <ItemId>67550</ItemId>
    </Item>
    <Item>
      <PriceUpdateDate>2023-12-31 12:50:07</PriceUpdateDate>
      <ItemCode>7290112770875</ItemCode>
      <ItemType>0</ItemType>
      <ItemName>מרק בורשט 400 גר</ItemName>
      <ManufacturerName>,</ManufacturerName>
      <ManufactureCountry>לא ידוע</ManufactureCountry>
      <ManufacturerItemDescription>מרק בורשט 400 גרם</ManufacturerItemDescription>
      <UnitQty>גרמים</UnitQty>
      <Quantity>400.00</Quantity>
      <UnitOfMeasure>100 גרם</UnitOfMeasure>
      <bIsWeighted>0</bIsWeighted>
      <QtyInPackage>לא ידוע</QtyInPackage>
      <ItemPrice>19.90</ItemPrice>
      <UnitOfMeasurePrice>4.9750</UnitOfMeasurePrice>
      <AllowDiscount>1</AllowDiscount>
      <ItemStatus>1</ItemStatus>
      <ItemId>67551</ItemId>
    </Item>
    <Item>
      <PriceUpdateDate>2023-12-31 12:50:07</PriceUpdateDate>
      <ItemCode>7290112770899</ItemCode>
      <ItemType>0</ItemType>
      <ItemName>מרק גולש 400 גר</ItemName>
      <ManufacturerName>,</ManufacturerName>
      <ManufactureCountry>לא ידוע</ManufactureCountry>
      <ManufacturerItemDescription>מרק גולש 400 גרם</ManufacturerItemDescription>
      <UnitQty>גרמים</UnitQty>
      <Quantity>400.00</Quantity>
      <UnitOfMeasure>100 גרם</UnitOfMeasure>
      <bIsWeighted>0</bIsWeighted>
      <QtyInPackage>לא ידוע</QtyInPackage>
      <ItemPrice>19.90</ItemPrice>
      <UnitOfMeasurePrice>4.9750</UnitOfMeasurePrice>
      <AllowDiscount>1</AllowDiscount>
      <ItemStatus>1</ItemStatus>
      <ItemId>67553</ItemId>
    </Item>
    <Item>
      <PriceUpdateDate>2023-12-31 12:50:07</PriceUpdateDate>
      <ItemCode>8858744800033</ItemCode>
      <ItemType>1</ItemType>
      <ItemName>מחית קארי פאנאנג 50</ItemName>
      <ManufacturerName>,</ManufacturerName>
      <ManufactureCountry>לא ידוע</ManufactureCountry>
      <ManufacturerItemDescription>מחית קארי פאנאנג 50 גר</ManufacturerItemDescription>
      <UnitQty>גרמים</UnitQty>
      <Quantity>50.00</Quantity>
      <UnitOfMeasure>100 גרם</UnitOfMeasure>
      <bIsWeighted>0</bIsWeighted>
      <QtyInPackage>12</QtyInPackage>
      <ItemPrice>7.90</ItemPrice>
      <UnitOfMeasurePrice>15.8000</UnitOfMeasurePrice>
      <AllowDiscount>1</AllowDiscount>
      <ItemStatus>1</ItemStatus>
      <ItemId>67614</ItemId>
    </Item>
    <Item>
      <PriceUpdateDate>2023-12-31 12:50:07</PriceUpdateDate>
      <ItemCode>4820015942425</ItemCode>
      <ItemType>1</ItemType>
      <ItemName>חומץ 9% רונה 750 מל</ItemName>
      <ManufacturerName>רונה</ManufacturerName>
      <ManufactureCountry>אוקראינה</ManufactureCountry>
      <ManufacturerItemDescription>חומץ 9% רונה 750 מ"ל</ManufacturerItemDescription>
      <UnitQty>מיליליטרים</UnitQty>
      <Quantity>750.00</Quantity>
      <UnitOfMeasure>100 מ"ל</UnitOfMeasure>
      <bIsWeighted>0</bIsWeighted>
      <QtyInPackage>12</QtyInPackage>
      <ItemPrice>6.90</ItemPrice>
      <UnitOfMeasurePrice>0.9200</UnitOfMeasurePrice>
      <AllowDiscount>1</AllowDiscount>
      <ItemStatus>1</ItemStatus>
      <ItemId>67633</ItemId>
    </Item>
    <Item>
      <PriceUpdateDate>2024-11-22 08:30:12</PriceUpdateDate>
      <ItemCode>856134000719</ItemCode>
      <ItemType>1</ItemType>
      <ItemName>מרמלדה בטעם לימון-תפ</ItemName>
      <ManufacturerName>חרקוב בסקוויט</ManufacturerName>
      <ManufactureCountry>לא ידוע</ManufactureCountry>
      <ManufacturerItemDescription>מרמלדה בטעם לימון-תפוז 265 גר</ManufacturerItemDescription>
      <UnitQty>גרמים</UnitQty>
      <Quantity>265.00</Quantity>
      <UnitOfMeasure>100 גרם</UnitOfMeasure>
      <bIsWeighted>0</bIsWeighted>
      <QtyInPackage>1</QtyInPackage>
      <ItemPrice>16.90</ItemPrice>
      <UnitOfMeasurePrice>6.3774</UnitOfMeasurePrice>
      <AllowDiscount>1</AllowDiscount>
      <ItemStatus>1</ItemStatus>
      <ItemId>67663</ItemId>
    </Item>
    <Item>
      <PriceUpdateDate>2024-11-22 08:30:13</PriceUpdateDate>
      <ItemCode>4604248016920</ItemCode>
      <ItemType>1</ItemType>
      <ItemName>ריבת מחייב אפרסק ומנ</ItemName>
      <ManufacturerName>אסן פרודקשן</ManufacturerName>
      <ManufactureCountry>לא ידוע</ManufactureCountry>
      <ManufacturerItemDescription>ריבת מחייב אפרסק ומנגו זכוכית 400 גר</ManufacturerItemDescription>
      <UnitQty>גרמים</UnitQty>
      <Quantity>400.00</Quantity>
      <UnitOfMeasure>100 גרם</UnitOfMeasure>
      <bIsWeighted>0</bIsWeighted>
      <QtyInPackage>1</QtyInPackage>
      <ItemPrice>22.90</ItemPrice>
      <UnitOfMeasurePrice>5.7250</UnitOfMeasurePrice>
      <AllowDiscount>1</AllowDiscount>
      <ItemStatus>1</ItemStatus>
      <ItemId>67665</ItemId>
    </Item>
    <Item>
      <PriceUpdateDate>2023-12-31 12:50:08</PriceUpdateDate>
      <ItemCode>7290014466890</ItemCode>
      <ItemType>1</ItemType>
      <ItemName>יין גמלא השמורה קברנ</ItemName>
      <ManufacturerName>,</ManufacturerName>
      <ManufactureCountry>לא ידוע</ManufactureCountry>
      <ManufacturerItemDescription>יין גמלא השמורה קברנה מרלו 750 מ"ל</ManufacturerItemDescription>
      <UnitQty>מיליליטרים</UnitQty>
      <Quantity>750.00</Quantity>
      <UnitOfMeasure>100 מ"ל</UnitOfMeasure>
      <bIsWeighted>0</bIsWeighted>
      <QtyInPackage>12</QtyInPackage>
      <ItemPrice>59.90</ItemPrice>
      <UnitOfMeasurePrice>7.9867</UnitOfMeasurePrice>
      <AllowDiscount>1</AllowDiscount>
      <ItemStatus>1</ItemStatus>
      <ItemId>67670</ItemId>
    </Item>
    <Item>
      <PriceUpdateDate>2023-12-31 12:50:08</PriceUpdateDate>
      <ItemCode>7475</ItemCode>
      <ItemType>0</ItemType>
      <ItemName>גבינה מנצגו דיאבלו</ItemName>
      <ManufacturerName>,</ManufacturerName>
      <ManufactureCountry>לא ידוע</ManufactureCountry>
      <ManufacturerItemDescription>גבינה מנזגו דיאבלו</ManufacturerItemDescription>
      <UnitQty>קילוגרמים</UnitQty>
      <Quantity>1.00</Quantity>
      <UnitOfMeasure>ק"ג</UnitOfMeasure>
      <bIsWeighted>1</bIsWeighted>
      <QtyInPackage>לא ידוע</QtyInPackage>
      <ItemPrice>229.00</ItemPrice>
      <UnitOfMeasurePrice>229.0000</UnitOfMeasurePrice>
      <AllowDiscount>1</AllowDiscount>
      <ItemStatus>1</ItemStatus>
      <ItemId>67691</ItemId>
    </Item>
    <Item>
      <PriceUpdateDate>2025-01-28 19:29:57</PriceUpdateDate>
      <ItemCode>8437020396011</ItemCode>
      <ItemType>1</ItemType>
      <ItemName>פטל מצופה שוקולד חלב</ItemName>
      <ManufacturerName>,</ManufacturerName>
      <ManufactureCountry>לא ידוע</ManufactureCountry>
      <ManufacturerItemDescription>פטל מצופה שוקולד חלב 150 גר</ManufacturerItemDescription>
      <UnitQty>גרמים</UnitQty>
      <Quantity>150.00</Quantity>
      <UnitOfMeasure>100 גרם</UnitOfMeasure>
      <bIsWeighted>0</bIsWeighted>
      <QtyInPackage>1</QtyInPackage>
      <ItemPrice>35.90</ItemPrice>
      <UnitOfMeasurePrice>23.9333</UnitOfMeasurePrice>
      <AllowDiscount>1</AllowDiscount>
      <ItemStatus>1</ItemStatus>
      <ItemId>96842</ItemId>
    </Item>
    <Item>
      <PriceUpdateDate>2024-06-03 08:47:14</PriceUpdateDate>
      <ItemCode>7290017065588</ItemCode>
      <ItemType>0</ItemType>
      <ItemName>יוגורט יווני 600 גר</ItemName>
      <ManufacturerName>,</ManufacturerName>
      <ManufactureCountry>לא ידוע</ManufactureCountry>
      <ManufacturerItemDescription>יוגורט יווני 600 גרם</ManufacturerItemDescription>
      <UnitQty>גרמים</UnitQty>
      <Quantity>600.00</Quantity>
      <UnitOfMeasure>100 גרם</UnitOfMeasure>
      <bIsWeighted>0</bIsWeighted>
      <QtyInPackage>לא ידוע</QtyInPackage>
      <ItemPrice>19.90</ItemPrice>
      <UnitOfMeasurePrice>3.3167</UnitOfMeasurePrice>
      <AllowDiscount>1</AllowDiscount>
      <ItemStatus>1</ItemStatus>
      <ItemId>67790</ItemId>
    </Item>
    <Item>
      <PriceUpdateDate>2024-11-03 14:19:36</PriceUpdateDate>
      <ItemCode>7290101952121</ItemCode>
      <ItemType>1</ItemType>
      <ItemName>מארז פטרוצאן עם שומן</ItemName>
      <ManufacturerName>,</ManufacturerName>
      <ManufactureCountry>לא ידוע</ManufactureCountry>
      <ManufacturerItemDescription>מארז פטרוצאן עם שומן כבש 500 גר</ManufacturerItemDescription>
      <UnitQty>גרמים</UnitQty>
      <Quantity>500.00</Quantity>
      <UnitOfMeasure>100 גרם</UnitOfMeasure>
      <bIsWeighted>0</bIsWeighted>
      <QtyInPackage>1</QtyInPackage>
      <ItemPrice>32.90</ItemPrice>
      <UnitOfMeasurePrice>6.5800</UnitOfMeasurePrice>
      <AllowDiscount>1</AllowDiscount>
      <ItemStatus>1</ItemStatus>
      <ItemId>67865</ItemId>
    </Item>
    <Item>
      <PriceUpdateDate>2024-11-03 14:19:36</PriceUpdateDate>
      <ItemCode>7290000001257</ItemCode>
      <ItemType>1</ItemType>
      <ItemName>שוק חזירון</ItemName>
      <ManufacturerName>ישרקו שיווק מותגי מז</ManufacturerName>
      <ManufactureCountry>לא ידוע</ManufactureCountry>
      <ManufacturerItemDescription>שוק חזירון</ManufacturerItemDescription>
      <UnitQty>קילוגרמים</UnitQty>
      <Quantity>1.00</Quantity>
      <UnitOfMeasure>ק"ג</UnitOfMeasure>
      <bIsWeighted>1</bIsWeighted>
      <QtyInPackage>לא ידוע</QtyInPackage>
      <ItemPrice>139.00</ItemPrice>
      <UnitOfMeasurePrice>139.0000</UnitOfMeasurePrice>
      <AllowDiscount>1</AllowDiscount>
      <ItemStatus>1</ItemStatus>
      <ItemId>67915</ItemId>
    </Item>
    <Item>
      <PriceUpdateDate>2023-12-31 12:50:09</PriceUpdateDate>
      <ItemCode>7794450002853</ItemCode>
      <ItemType>1</ItemType>
      <ItemName>יין קטנה קברנה פרנק</ItemName>
      <ManufacturerName>,</ManufacturerName>
      <ManufactureCountry>לא ידוע</ManufactureCountry>
      <ManufacturerItemDescription>ייין קטנה קברנה פרנק סאן 750 מל</ManufacturerItemDescription>
      <UnitQty>מיליליטרים</UnitQty>
      <Quantity>750.00</Quantity>
      <UnitOfMeasure>100 מ"ל</UnitOfMeasure>
      <bIsWeighted>0</bIsWeighted>
      <QtyInPackage>1</QtyInPackage>
      <ItemPrice>74.90</ItemPrice>
      <UnitOfMeasurePrice>9.9867</UnitOfMeasurePrice>
      <AllowDiscount>1</AllowDiscount>
      <ItemStatus>1</ItemStatus>
      <ItemId>67923</ItemId>
    </Item>
    <Item>
      <PriceUpdateDate>2024-11-06 16:48:29</PriceUpdateDate>
      <ItemCode>7290014785564</ItemCode>
      <ItemType>1</ItemType>
      <ItemName>אטריות אודון מוכנות</ItemName>
      <ManufacturerName>,</ManufacturerName>
      <ManufactureCountry>לא ידוע</ManufactureCountry>
      <ManufacturerItemDescription>אטריות אודון מוכנות 200 גר</ManufacturerItemDescription>
      <UnitQty>גרמים</UnitQty>
      <Quantity>200.00</Quantity>
      <UnitOfMeasure>100 גרם</UnitOfMeasure>
      <bIsWeighted>0</bIsWeighted>
      <QtyInPackage>15</QtyInPackage>
      <ItemPrice>6.90</ItemPrice>
      <UnitOfMeasurePrice>3.4500</UnitOfMeasurePrice>
      <AllowDiscount>1</AllowDiscount>
      <ItemStatus>1</ItemStatus>
      <ItemId>67970</ItemId>
    </Item>
    <Item>
      <PriceUpdateDate>2025-02-25 14:20:54</PriceUpdateDate>
      <ItemCode>3046920010856</ItemCode>
      <ItemType>1</ItemType>
      <ItemName>שוקולד לינדט אקסלנס</ItemName>
      <ManufacturerName>לינדט</ManufacturerName>
      <ManufactureCountry>שוויץ</ManufactureCountry>
      <ManufacturerItemDescription>שוקולד לינדט אקסלנס לימון גינגר 100 גר</ManufacturerItemDescription>
      <UnitQty>גרמים</UnitQty>
      <Quantity>100.00</Quantity>
      <UnitOfMeasure>100 גרם</UnitOfMeasure>
      <bIsWeighted>0</bIsWeighted>
      <QtyInPackage>20</QtyInPackage>
      <ItemPrice>22.90</ItemPrice>
      <UnitOfMeasurePrice>22.9000</UnitOfMeasurePrice>
      <AllowDiscount>1</AllowDiscount>
      <ItemStatus>1</ItemStatus>
      <ItemId>67976</ItemId>
    </Item>
    <Item>
      <PriceUpdateDate>2023-12-31 12:50:09</PriceUpdateDate>
      <ItemCode>8936018435218</ItemCode>
      <ItemType>1</ItemType>
      <ItemName>דג צנינון מלוח מיובש</ItemName>
      <ManufacturerName>,</ManufacturerName>
      <ManufactureCountry>לא ידוע</ManufactureCountry>
      <ManufacturerItemDescription>דג צנינון מלוח מיובש אפור 100 גר</ManufacturerItemDescription>
      <UnitQty>גרמים</UnitQty>
      <Quantity>100.00</Quantity>
      <UnitOfMeasure>100 גרם</UnitOfMeasure>
      <bIsWeighted>0</bIsWeighted>
      <QtyInPackage>1</QtyInPackage>
      <ItemPrice>14.90</ItemPrice>
      <UnitOfMeasurePrice>14.9000</UnitOfMeasurePrice>
      <AllowDiscount>1</AllowDiscount>
      <ItemStatus>1</ItemStatus>
      <ItemId>68000</ItemId>
    </Item>
    <Item>
      <PriceUpdateDate>2023-12-31 12:50:09</PriceUpdateDate>
      <ItemCode>8936018435232</ItemCode>
      <ItemType>1</ItemType>
      <ItemName>דג צנינון מלוח מיובש</ItemName>
      <ManufacturerName>,</ManufacturerName>
      <ManufactureCountry>לא ידוע</ManufactureCountry>
      <ManufacturerItemDescription>דג צנינון מלוח מיובש סגול 100 גר</ManufacturerItemDescription>
      <UnitQty>גרמים</UnitQty>
      <Quantity>100.00</Quantity>
      <UnitOfMeasure>100 גרם</UnitOfMeasure>
      <bIsWeighted>0</bIsWeighted>
      <QtyInPackage>30</QtyInPackage>
      <ItemPrice>14.90</ItemPrice>
      <UnitOfMeasurePrice>14.9000</UnitOfMeasurePrice>
      <AllowDiscount>1</AllowDiscount>
      <ItemStatus>1</ItemStatus>
      <ItemId>68001</ItemId>
    </Item>
    <Item>
      <PriceUpdateDate>2024-12-02 08:58:52</PriceUpdateDate>
      <ItemCode>4751007733991</ItemCode>
      <ItemType>1</ItemType>
      <ItemName>פילה סלמון במיץ טבעי</ItemName>
      <ManufacturerName>,</ManufacturerName>
      <ManufactureCountry>לא ידוע</ManufactureCountry>
      <ManufacturerItemDescription>פילה סלמון במיץ טבעי  ארנולד</ManufacturerItemDescription>
      <UnitQty>גרמים</UnitQty>
      <Quantity>200.00</Quantity>
      <UnitOfMeasure>100 גרם</UnitOfMeasure>
      <bIsWeighted>0</bIsWeighted>
      <QtyInPackage>1</QtyInPackage>
      <ItemPrice>17.90</ItemPrice>
      <UnitOfMeasurePrice>8.9500</UnitOfMeasurePrice>
      <AllowDiscount>1</AllowDiscount>
      <ItemStatus>1</ItemStatus>
      <ItemId>68010</ItemId>
    </Item>
    <Item>
      <PriceUpdateDate>2023-12-31 12:50:09</PriceUpdateDate>
      <ItemCode>3500610054556</ItemCode>
      <ItemType>1</ItemType>
      <ItemName>יין דומיין דה לה באו</ItemName>
      <ManufacturerName>דה לה באום</ManufacturerName>
      <ManufactureCountry>צרפת</ManufactureCountry>
      <ManufacturerItemDescription>יין דומיין דה לה באום פינו נואר רוזה יבש</ManufacturerItemDescription>
      <UnitQty>מיליליטרים</UnitQty>
      <Quantity>750.00</Quantity>
      <UnitOfMeasure>100 מ"ל</UnitOfMeasure>
      <bIsWeighted>0</bIsWeighted>
      <QtyInPackage>6</QtyInPackage>
      <ItemPrice>62.90</ItemPrice>
      <UnitOfMeasurePrice>8.3867</UnitOfMeasurePrice>
      <AllowDiscount>1</AllowDiscount>
      <ItemStatus>1</ItemStatus>
      <ItemId>68019</ItemId>
    </Item>
    <Item>
      <PriceUpdateDate>2023-12-31 12:50:10</PriceUpdateDate>
      <ItemCode>7290108505733</ItemCode>
      <ItemType>1</ItemType>
      <ItemName>גבינה צמות חצי קשה 2</ItemName>
      <ManufacturerName>ארן גידה</ManufacturerName>
      <ManufactureCountry>טורקיה</ManufactureCountry>
      <ManufacturerItemDescription>גבינה צמות חצי קשה 25% 200 גר</ManufacturerItemDescription>
      <UnitQty>גרמים</UnitQty>
      <Quantity>200.00</Quantity>
      <UnitOfMeasure>100 גרם</UnitOfMeasure>
      <bIsWeighted>0</bIsWeighted>
      <QtyInPackage>12</QtyInPackage>
      <ItemPrice>16.90</ItemPrice>
      <UnitOfMeasurePrice>8.4500</UnitOfMeasurePrice>
      <AllowDiscount>1</AllowDiscount>
      <ItemStatus>1</ItemStatus>
      <ItemId>68041</ItemId>
    </Item>
    <Item>
      <PriceUpdateDate>2023-12-31 12:50:10</PriceUpdateDate>
      <ItemCode>7290015161862</ItemCode>
      <ItemType>1</ItemType>
      <ItemName>פת פריכה אורגנית ללא</ItemName>
      <ManufacturerName>,</ManufacturerName>
      <ManufactureCountry>לא ידוע</ManufactureCountry>
      <ManufacturerItemDescription>פת פריכה אורגנית ללא גלוטן ערמונים 100 ג</ManufacturerItemDescription>
      <UnitQty>גרמים</UnitQty>
      <Quantity>100.00</Quantity>
      <UnitOfMeasure>100 גרם</UnitOfMeasure>
      <bIsWeighted>0</bIsWeighted>
      <QtyInPackage>1</QtyInPackage>
      <ItemPrice>17.90</ItemPrice>
      <UnitOfMeasurePrice>17.9000</UnitOfMeasurePrice>
      <AllowDiscount>1</AllowDiscount>
      <ItemStatus>1</ItemStatus>
      <ItemId>68062</ItemId>
    </Item>
    <Item>
      <PriceUpdateDate>2023-12-31 12:50:10</PriceUpdateDate>
      <ItemCode>7290015161855</ItemCode>
      <ItemType>1</ItemType>
      <ItemName>פת פריכה אורגנית ללא</ItemName>
      <ManufacturerName>,</ManufacturerName>
      <ManufactureCountry>לא ידוע</ManufactureCountry>
      <ManufacturerItemDescription>פת פריכה אורגנית ללא גלוטן קינואה חרובים</ManufacturerItemDescription>
      <UnitQty>גרמים</UnitQty>
      <Quantity>100.00</Quantity>
      <UnitOfMeasure>100 גרם</UnitOfMeasure>
      <bIsWeighted>0</bIsWeighted>
      <QtyInPackage>1</QtyInPackage>
      <ItemPrice>17.90</ItemPrice>
      <UnitOfMeasurePrice>17.9000</UnitOfMeasurePrice>
      <AllowDiscount>1</AllowDiscount>
      <ItemStatus>1</ItemStatus>
      <ItemId>68063</ItemId>
    </Item>
    <Item>
      <PriceUpdateDate>2025-01-01 09:06:50</PriceUpdateDate>
      <ItemCode>7290017516295</ItemCode>
      <ItemType>1</ItemType>
      <ItemName>חטיף פנגיאה פרוטאין</ItemName>
      <ManufacturerName>,</ManufacturerName>
      <ManufactureCountry>לא ידוע</ManufactureCountry>
      <ManufacturerItemDescription>חטיף פנגיאה פרוטאין אגוז לוז שוקולד</ManufacturerItemDescription>
      <UnitQty>גרמים</UnitQty>
      <Quantity>50.00</Quantity>
      <UnitOfMeasure>100 גרם</UnitOfMeasure>
      <bIsWeighted>0</bIsWeighted>
      <QtyInPackage>1</QtyInPackage>
      <ItemPrice>11.50</ItemPrice>
      <UnitOfMeasurePrice>23.0000</UnitOfMeasurePrice>
      <AllowDiscount>1</AllowDiscount>
      <ItemStatus>1</ItemStatus>
      <ItemId>68082</ItemId>
    </Item>
    <Item>
      <PriceUpdateDate>2025-01-01 09:06:50</PriceUpdateDate>
      <ItemCode>7290017516332</ItemCode>
      <ItemType>1</ItemType>
      <ItemName>חטיף פנגיאה פרוטאין</ItemName>
      <ManufacturerName>,</ManufacturerName>
      <ManufactureCountry>לא ידוע</ManufactureCountry>
      <ManufacturerItemDescription>חטיף פנגיאה פרוטאין  חמאת בוטנים</ManufacturerItemDescription>
      <UnitQty>גרמים</UnitQty>
      <Quantity>50.00</Quantity>
      <UnitOfMeasure>100 גרם</UnitOfMeasure>
      <bIsWeighted>0</bIsWeighted>
      <QtyInPackage>1</QtyInPackage>
      <ItemPrice>11.50</ItemPrice>
      <UnitOfMeasurePrice>23.0000</UnitOfMeasurePrice>
      <AllowDiscount>1</AllowDiscount>
      <ItemStatus>1</ItemStatus>
      <ItemId>68084</ItemId>
    </Item>
    <Item>
      <PriceUpdateDate>2025-07-20 20:13:12</PriceUpdateDate>
      <ItemCode>8003740131074</ItemCode>
      <ItemType>1</ItemType>
      <ItemName>פדליני אטריות למרק א</ItemName>
      <ManufacturerName>,</ManufacturerName>
      <ManufactureCountry>לא ידוע</ManufactureCountry>
      <ManufacturerItemDescription>פסטה אריגי פידליני 500 גר</ManufacturerItemDescription>
      <UnitQty>גרמים</UnitQty>
      <Quantity>500.00</Quantity>
      <UnitOfMeasure>100 גרם</UnitOfMeasure>
      <bIsWeighted>0</bIsWeighted>
      <QtyInPackage>1</QtyInPackage>
      <ItemPrice>8.90</ItemPrice>
      <UnitOfMeasurePrice>1.7800</UnitOfMeasurePrice>
      <AllowDiscount>1</AllowDiscount>
      <ItemStatus>1</ItemStatus>
      <ItemId>68101</ItemId>
    </Item>
    <Item>
      <PriceUpdateDate>2025-07-20 20:13:12</PriceUpdateDate>
      <ItemCode>8003740003050</ItemCode>
      <ItemType>1</ItemType>
      <ItemName>ספגטי אריגי קפליני 5</ItemName>
      <ManufacturerName>,</ManufacturerName>
      <ManufactureCountry>לא ידוע</ManufactureCountry>
      <ManufacturerItemDescription>ספגטי אריגי קפליני 500 גר</ManufacturerItemDescription>
      <UnitQty>גרמים</UnitQty>
      <Quantity>500.00</Quantity>
      <UnitOfMeasure>100 גרם</UnitOfMeasure>
      <bIsWeighted>0</bIsWeighted>
      <QtyInPackage>1</QtyInPackage>
      <ItemPrice>8.90</ItemPrice>
      <UnitOfMeasurePrice>1.7800</UnitOfMeasurePrice>
      <AllowDiscount>1</AllowDiscount>
      <ItemStatus>1</ItemStatus>
      <ItemId>68104</ItemId>
    </Item>
    <Item>
      <PriceUpdateDate>2023-12-31 12:50:10</PriceUpdateDate>
      <ItemCode>7290002966784</ItemCode>
      <ItemType>1</ItemType>
      <ItemName>מעדן סלט איקרה ורודה</ItemName>
      <ManufacturerName>,</ManufacturerName>
      <ManufactureCountry>לא ידוע</ManufactureCountry>
      <ManufacturerItemDescription>מעדן סלט איקרה ורודה בטבעוני 200 גר</ManufacturerItemDescription>
      <UnitQty>גרמים</UnitQty>
      <Quantity>200.00</Quantity>
      <UnitOfMeasure>100 גרם</UnitOfMeasure>
      <bIsWeighted>0</bIsWeighted>
      <QtyInPackage>1</QtyInPackage>
      <ItemPrice>13.90</ItemPrice>
      <UnitOfMeasurePrice>6.9500</UnitOfMeasurePrice>
      <AllowDiscount>1</AllowDiscount>
      <ItemStatus>1</ItemStatus>
      <ItemId>68120</ItemId>
    </Item>
    <Item>
      <PriceUpdateDate>2023-12-31 12:50:10</PriceUpdateDate>
      <ItemCode>7290002966791</ItemCode>
      <ItemType>1</ItemType>
      <ItemName>מעדן סלט איקרה לבנה</ItemName>
      <ManufacturerName>,</ManufacturerName>
      <ManufactureCountry>לא ידוע</ManufactureCountry>
      <ManufacturerItemDescription>מעדן סלט איקרה לבנה טבעוני 200 גר</ManufacturerItemDescription>
      <UnitQty>גרמים</UnitQty>
      <Quantity>200.00</Quantity>
      <UnitOfMeasure>100 גרם</UnitOfMeasure>
      <bIsWeighted>0</bIsWeighted>
      <QtyInPackage>1</QtyInPackage>
      <ItemPrice>13.90</ItemPrice>
      <UnitOfMeasurePrice>6.9500</UnitOfMeasurePrice>
      <AllowDiscount>1</AllowDiscount>
      <ItemStatus>1</ItemStatus>
      <ItemId>68121</ItemId>
    </Item>
    <Item>
      <PriceUpdateDate>2023-12-31 12:50:10</PriceUpdateDate>
      <ItemCode>8003740067281</ItemCode>
      <ItemType>1</ItemType>
      <ItemName>קנלוני אריגי 250 גר</ItemName>
      <ManufacturerName>,</ManufacturerName>
      <ManufactureCountry>לא ידוע</ManufactureCountry>
      <ManufacturerItemDescription>קנלוני אריגי 250 גר</ManufacturerItemDescription>
      <UnitQty>גרמים</UnitQty>
      <Quantity>250.00</Quantity>
      <UnitOfMeasure>100 גרם</UnitOfMeasure>
      <bIsWeighted>0</bIsWeighted>
      <QtyInPackage>1</QtyInPackage>
      <ItemPrice>8.90</ItemPrice>
      <UnitOfMeasurePrice>3.5600</UnitOfMeasurePrice>
      <AllowDiscount>1</AllowDiscount>
      <ItemStatus>1</ItemStatus>
      <ItemId>68190</ItemId>
    </Item>
    <Item>
      <PriceUpdateDate>2025-02-25 14:20:54</PriceUpdateDate>
      <ItemCode>7610400091060</ItemCode>
      <ItemType>1</ItemType>
      <ItemName>שוקולד לינדט אקסלנס</ItemName>
      <ManufacturerName>לינדט</ManufacturerName>
      <ManufactureCountry>לא ידוע</ManufactureCountry>
      <ManufacturerItemDescription>שוקולד לינדט אקסלנס אורנג 100 גר</ManufacturerItemDescription>
      <UnitQty>גרמים</UnitQty>
      <Quantity>100.00</Quantity>
      <UnitOfMeasure>100 גרם</UnitOfMeasure>
      <bIsWeighted>0</bIsWeighted>
      <QtyInPackage>1</QtyInPackage>
      <ItemPrice>22.90</ItemPrice>
      <UnitOfMeasurePrice>22.9000</UnitOfMeasurePrice>
      <AllowDiscount>1</AllowDiscount>
      <ItemStatus>1</ItemStatus>
      <ItemId>68206</ItemId>
    </Item>
    <Item>
      <PriceUpdateDate>2023-12-31 12:50:11</PriceUpdateDate>
      <ItemCode>4820182742989</ItemCode>
      <ItemType>1</ItemType>
      <ItemName>קרוטונים פלינט בטעם</ItemName>
      <ManufacturerName>Snacks</ManufacturerName>
      <ManufactureCountry>לא ידוע</ManufactureCountry>
      <ManufacturerItemDescription>קרוטונים פלינט בטעם גבינה 35 גר</ManufacturerItemDescription>
      <UnitQty>גרמים</UnitQty>
      <Quantity>35.00</Quantity>
      <UnitOfMeasure>100 גרם</UnitOfMeasure>
      <bIsWeighted>0</bIsWeighted>
      <QtyInPackage>1</QtyInPackage>
      <ItemPrice>2.90</ItemPrice>
      <UnitOfMeasurePrice>8.2857</UnitOfMeasurePrice>
      <AllowDiscount>1</AllowDiscount>
      <ItemStatus>1</ItemStatus>
      <ItemId>68227</ItemId>
    </Item>
    <Item>
      <PriceUpdateDate>2025-06-20 08:31:13</PriceUpdateDate>
      <ItemCode>4820075500092</ItemCode>
      <ItemType>1</ItemType>
      <ItemName>ממתקי שוקולד במילוי</ItemName>
      <ManufacturerName>MALBI CHOCOLATE</ManufacturerName>
      <ManufactureCountry>לא ידוע</ManufactureCountry>
      <ManufacturerItemDescription>ממתקי שוקולד במילוי קרם אגוזים מצופה מיל</ManufacturerItemDescription>
      <UnitQty>גרמים</UnitQty>
      <Quantity>205.00</Quantity>
      <UnitOfMeasure>100 גרם</UnitOfMeasure>
      <bIsWeighted>0</bIsWeighted>
      <QtyInPackage>1</QtyInPackage>
      <ItemPrice>23.90</ItemPrice>
      <UnitOfMeasurePrice>11.6585</UnitOfMeasurePrice>
      <AllowDiscount>1</AllowDiscount>
      <ItemStatus>1</ItemStatus>
      <ItemId>68258</ItemId>
    </Item>
    <Item>
      <PriceUpdateDate>2025-08-15 08:56:07</PriceUpdateDate>
      <ItemCode>4751017403419</ItemCode>
      <ItemType>1</ItemType>
      <ItemName>כבד דג שיבוט במיץ טב</ItemName>
      <ManufacturerName>,</ManufacturerName>
      <ManufactureCountry>לא ידוע</ManufactureCountry>
      <ManufacturerItemDescription>כבד דג שיבוט במיץ טבעי 121 גר</ManufacturerItemDescription>
      <UnitQty>גרמים</UnitQty>
      <Quantity>121.00</Quantity>
      <UnitOfMeasure>100 גרם</UnitOfMeasure>
      <bIsWeighted>0</bIsWeighted>
      <QtyInPackage>1</QtyInPackage>
      <ItemPrice>11.90</ItemPrice>
      <UnitOfMeasurePrice>9.8347</UnitOfMeasurePrice>
      <AllowDiscount>1</AllowDiscount>
      <ItemStatus>1</ItemStatus>
      <ItemId>68261</ItemId>
    </Item>
    <Item>
      <PriceUpdateDate>2024-01-23 10:15:31</PriceUpdateDate>
      <ItemCode>4820198872878</ItemCode>
      <ItemType>1</ItemType>
      <ItemName>מארז תה פארטי גרייט</ItemName>
      <ManufacturerName>MALBI CHOCOLATE</ManufacturerName>
      <ManufactureCountry>לא ידוע</ManufactureCountry>
      <ManufacturerItemDescription>מארז תה פארטי גרייט 155 גר</ManufacturerItemDescription>
      <UnitQty>גרמים</UnitQty>
      <Quantity>155.00</Quantity>
      <UnitOfMeasure>100 גרם</UnitOfMeasure>
      <bIsWeighted>0</bIsWeighted>
      <QtyInPackage>1</QtyInPackage>
      <ItemPrice>39.90</ItemPrice>
      <UnitOfMeasurePrice>25.7419</UnitOfMeasurePrice>
      <AllowDiscount>1</AllowDiscount>
      <ItemStatus>1</ItemStatus>
      <ItemId>68263</ItemId>
    </Item>
    <Item>
      <PriceUpdateDate>2023-12-31 12:50:11</PriceUpdateDate>
      <ItemCode>4820198874605</ItemCode>
      <ItemType>1</ItemType>
      <ItemName>תערובת תה עלים בטעם</ItemName>
      <ManufacturerName>MALBI CHOCOLATE</ManufacturerName>
      <ManufactureCountry>לא ידוע</ManufactureCountry>
      <ManufacturerItemDescription>תערובת תה עלים בטעם ענבים עלי כותרת פרחי</ManufacturerItemDescription>
      <UnitQty>גרמים</UnitQty>
      <Quantity>30.00</Quantity>
      <UnitOfMeasure>100 גרם</UnitOfMeasure>
      <bIsWeighted>0</bIsWeighted>
      <QtyInPackage>1</QtyInPackage>
      <ItemPrice>9.90</ItemPrice>
      <UnitOfMeasurePrice>33.0000</UnitOfMeasurePrice>
      <AllowDiscount>1</AllowDiscount>
      <ItemStatus>1</ItemStatus>
      <ItemId>68264</ItemId>
    </Item>
    <Item>
      <PriceUpdateDate>2023-12-31 12:50:11</PriceUpdateDate>
      <ItemCode>4820198874629</ItemCode>
      <ItemType>1</ItemType>
      <ItemName>תה עלים ירוק בטעם תו</ItemName>
      <ManufacturerName>MALBI CHOCOLATE</ManufacturerName>
      <ManufactureCountry>לא ידוע</ManufactureCountry>
      <ManufacturerItemDescription>תה עלים ירוק בטעם תותי בר 30 גר</ManufacturerItemDescription>
      <UnitQty>גרמים</UnitQty>
      <Quantity>30.00</Quantity>
      <UnitOfMeasure>100 גרם</UnitOfMeasure>
      <bIsWeighted>0</bIsWeighted>
      <QtyInPackage>1</QtyInPackage>
      <ItemPrice>9.90</ItemPrice>
      <UnitOfMeasurePrice>33.0000</UnitOfMeasurePrice>
      <AllowDiscount>1</AllowDiscount>
      <ItemStatus>1</ItemStatus>
      <ItemId>68265</ItemId>
    </Item>
    <Item>
      <PriceUpdateDate>2023-12-31 12:50:11</PriceUpdateDate>
      <ItemCode>4820198874643</ItemCode>
      <ItemType>1</ItemType>
      <ItemName>תערובת תה פירות ופרח</ItemName>
      <ManufacturerName>MALBI CHOCOLATE</ManufacturerName>
      <ManufactureCountry>לא ידוע</ManufactureCountry>
      <ManufacturerItemDescription>תערובת תה פירות ופרחים בטעם פירות יער</ManufacturerItemDescription>
      <UnitQty>גרמים</UnitQty>
      <Quantity>30.00</Quantity>
      <UnitOfMeasure>100 גרם</UnitOfMeasure>
      <bIsWeighted>0</bIsWeighted>
      <QtyInPackage>1</QtyInPackage>
      <ItemPrice>9.90</ItemPrice>
      <UnitOfMeasurePrice>33.0000</UnitOfMeasurePrice>
      <AllowDiscount>1</AllowDiscount>
      <ItemStatus>1</ItemStatus>
      <ItemId>68266</ItemId>
    </Item>
    <Item>
      <PriceUpdateDate>2024-11-22 08:30:15</PriceUpdateDate>
      <ItemCode>4820097815563</ItemCode>
      <ItemType>1</ItemType>
      <ItemName>תערובת תה עלים בטעם</ItemName>
      <ManufacturerName>MALBI CHOCOLATE</ManufacturerName>
      <ManufactureCountry>לא ידוע</ManufactureCountry>
      <ManufacturerItemDescription>תערובת תה עלים בטעם ענבים עם עלי כותרת</ManufacturerItemDescription>
      <UnitQty>גרמים</UnitQty>
      <Quantity>80.00</Quantity>
      <UnitOfMeasure>100 גרם</UnitOfMeasure>
      <bIsWeighted>0</bIsWeighted>
      <QtyInPackage>1</QtyInPackage>
      <ItemPrice>17.90</ItemPrice>
      <UnitOfMeasurePrice>22.3750</UnitOfMeasurePrice>
      <AllowDiscount>1</AllowDiscount>
      <ItemStatus>1</ItemStatus>
      <ItemId>68273</ItemId>
    </Item>
    <Item>
      <PriceUpdateDate>2024-11-22 08:30:13</PriceUpdateDate>
      <ItemCode>4820097814610</ItemCode>
      <ItemType>1</ItemType>
      <ItemName>תה צמחים בניחוח דובד</ItemName>
      <ManufacturerName>MALBI CHOCOLATE</ManufacturerName>
      <ManufactureCountry>לא ידוע</ManufactureCountry>
      <ManufacturerItemDescription>תה צמחים בניחוח דובדבן 80 גר</ManufacturerItemDescription>
      <UnitQty>גרמים</UnitQty>
      <Quantity>80.00</Quantity>
      <UnitOfMeasure>100 גרם</UnitOfMeasure>
      <bIsWeighted>0</bIsWeighted>
      <QtyInPackage>1</QtyInPackage>
      <ItemPrice>17.90</ItemPrice>
      <UnitOfMeasurePrice>22.3750</UnitOfMeasurePrice>
      <AllowDiscount>1</AllowDiscount>
      <ItemStatus>1</ItemStatus>
      <ItemId>68274</ItemId>
    </Item>
    <Item>
      <PriceUpdateDate>2023-12-31 12:50:11</PriceUpdateDate>
      <ItemCode>4820182743139</ItemCode>
      <ItemType>1</ItemType>
      <ItemName>קרוטונים פלינט בטעם</ItemName>
      <ManufacturerName>MALBI CHOCOLATE</ManufacturerName>
      <ManufactureCountry>לא ידוע</ManufactureCountry>
      <ManufacturerItemDescription>קרוטונים פלינט בטעם קבנוס 70 גר</ManufacturerItemDescription>
      <UnitQty>גרמים</UnitQty>
      <Quantity>70.00</Quantity>
      <UnitOfMeasure>100 גרם</UnitOfMeasure>
      <bIsWeighted>0</bIsWeighted>
      <QtyInPackage>1</QtyInPackage>
      <ItemPrice>3.90</ItemPrice>
      <UnitOfMeasurePrice>5.5714</UnitOfMeasurePrice>
      <AllowDiscount>1</AllowDiscount>
      <ItemStatus>1</ItemStatus>
      <ItemId>68275</ItemId>
    </Item>
    <Item>
      <PriceUpdateDate>2023-12-31 12:50:11</PriceUpdateDate>
      <ItemCode>4820182743160</ItemCode>
      <ItemType>1</ItemType>
      <ItemName>קרוטונים פלינט בטעם</ItemName>
      <ManufacturerName>MALBI CHOCOLATE</ManufacturerName>
      <ManufactureCountry>לא ידוע</ManufactureCountry>
      <ManufacturerItemDescription>קרוטונים פלינט בטעם שום 70 גר</ManufacturerItemDescription>
      <UnitQty>גרמים</UnitQty>
      <Quantity>70.00</Quantity>
      <UnitOfMeasure>100 גרם</UnitOfMeasure>
      <bIsWeighted>0</bIsWeighted>
      <QtyInPackage>1</QtyInPackage>
      <ItemPrice>3.90</ItemPrice>
      <UnitOfMeasurePrice>5.5714</UnitOfMeasurePrice>
      <AllowDiscount>1</AllowDiscount>
      <ItemStatus>1</ItemStatus>
      <ItemId>68278</ItemId>
    </Item>
    <Item>
      <PriceUpdateDate>2023-12-31 12:50:11</PriceUpdateDate>
      <ItemCode>4810108007506</ItemCode>
      <ItemType>1</ItemType>
      <ItemName>חלב מרוכז 380 גר</ItemName>
      <ManufacturerName>,</ManufacturerName>
      <ManufactureCountry>לא ידוע</ManufactureCountry>
      <ManufacturerItemDescription>חלב מרוכז 380 גר</ManufacturerItemDescription>
      <UnitQty>גרמים</UnitQty>
      <Quantity>380.00</Quantity>
      <UnitOfMeasure>100 גרם</UnitOfMeasure>
      <bIsWeighted>0</bIsWeighted>
      <QtyInPackage>1</QtyInPackage>
      <ItemPrice>16.90</ItemPrice>
      <UnitOfMeasurePrice>4.4474</UnitOfMeasurePrice>
      <AllowDiscount>1</AllowDiscount>
      <ItemStatus>1</ItemStatus>
      <ItemId>68280</ItemId>
    </Item>
    <Item>
      <PriceUpdateDate>2024-03-03 08:49:09</PriceUpdateDate>
      <ItemCode>5601996547897</ItemCode>
      <ItemType>1</ItemType>
      <ItemName>יין פורטה 6 אדום 750</ItemName>
      <ManufacturerName>,</ManufacturerName>
      <ManufactureCountry>לא ידוע</ManufactureCountry>
      <ManufacturerItemDescription>יין פורטה 6 אדום 750 מל</ManufacturerItemDescription>
      <UnitQty>מיליליטרים</UnitQty>
      <Quantity>750.00</Quantity>
      <UnitOfMeasure>100 מ"ל</UnitOfMeasure>
      <bIsWeighted>0</bIsWeighted>
      <QtyInPackage>1</QtyInPackage>
      <ItemPrice>49.90</ItemPrice>
      <UnitOfMeasurePrice>6.6533</UnitOfMeasurePrice>
      <AllowDiscount>1</AllowDiscount>
      <ItemStatus>1</ItemStatus>
      <ItemId>68333</ItemId>
    </Item>
    <Item>
      <PriceUpdateDate>2024-03-03 08:49:09</PriceUpdateDate>
      <ItemCode>5601996355485</ItemCode>
      <ItemType>1</ItemType>
      <ItemName>יין פורטה 6 לבן 750</ItemName>
      <ManufacturerName>,</ManufacturerName>
      <ManufactureCountry>לא ידוע</ManufactureCountry>
      <ManufacturerItemDescription>יין פורטה 6 לבן 750 מל</ManufacturerItemDescription>
      <UnitQty>מיליליטרים</UnitQty>
      <Quantity>750.00</Quantity>
      <UnitOfMeasure>100 מ"ל</UnitOfMeasure>
      <bIsWeighted>0</bIsWeighted>
      <QtyInPackage>1</QtyInPackage>
      <ItemPrice>49.90</ItemPrice>
      <UnitOfMeasurePrice>6.6533</UnitOfMeasurePrice>
      <AllowDiscount>1</AllowDiscount>
      <ItemStatus>1</ItemStatus>
      <ItemId>68334</ItemId>
    </Item>
    <Item>
      <PriceUpdateDate>2024-03-03 08:49:09</PriceUpdateDate>
      <ItemCode>5601996023780</ItemCode>
      <ItemType>1</ItemType>
      <ItemName>יין פורטה 6 רוזה 750</ItemName>
      <ManufacturerName>,</ManufacturerName>
      <ManufactureCountry>לא ידוע</ManufactureCountry>
      <ManufacturerItemDescription>יין פורטה 6 רוזה 750 מל</ManufacturerItemDescription>
      <UnitQty>מיליליטרים</UnitQty>
      <Quantity>750.00</Quantity>
      <UnitOfMeasure>100 מ"ל</UnitOfMeasure>
      <bIsWeighted>0</bIsWeighted>
      <QtyInPackage>1</QtyInPackage>
      <ItemPrice>49.90</ItemPrice>
      <UnitOfMeasurePrice>6.6533</UnitOfMeasurePrice>
      <AllowDiscount>1</AllowDiscount>
      <ItemStatus>1</ItemStatus>
      <ItemId>68335</ItemId>
    </Item>
    <Item>
      <PriceUpdateDate>2025-07-07 08:32:23</PriceUpdateDate>
      <ItemCode>7290011585921</ItemCode>
      <ItemType>1</ItemType>
      <ItemName>בצק שמרים קלאסי 1 קג</ItemName>
      <ManufacturerName>,</ManufacturerName>
      <ManufactureCountry>לא ידוע</ManufactureCountry>
      <ManufacturerItemDescription>בצק שמרים קלאסי 1 קג</ManufacturerItemDescription>
      <UnitQty>קילוגרמים</UnitQty>
      <Quantity>1.00</Quantity>
      <UnitOfMeasure>ק"ג     </UnitOfMeasure>
      <bIsWeighted>0</bIsWeighted>
      <QtyInPackage>1</QtyInPackage>
      <ItemPrice>17.90</ItemPrice>
      <UnitOfMeasurePrice>17.9000</UnitOfMeasurePrice>
      <AllowDiscount>1</AllowDiscount>
      <ItemStatus>1</ItemStatus>
      <ItemId>68370</ItemId>
    </Item>
    <Item>
      <PriceUpdateDate>2025-10-17 09:42:26</PriceUpdateDate>
      <ItemCode>8710448620105</ItemCode>
      <ItemType>1</ItemType>
      <ItemName>רוטב המבורגר רמיה 25</ItemName>
      <ManufacturerName>,</ManufacturerName>
      <ManufactureCountry>לא ידוע</ManufactureCountry>
      <ManufacturerItemDescription>רוטב המבורגר רמיה 250 מל</ManufacturerItemDescription>
      <UnitQty>מיליליטרים</UnitQty>
      <Quantity>250.00</Quantity>
      <UnitOfMeasure>100 מ"ל</UnitOfMeasure>
      <bIsWeighted>0</bIsWeighted>
      <QtyInPackage>1</QtyInPackage>
      <ItemPrice>13.90</ItemPrice>
      <UnitOfMeasurePrice>5.5600</UnitOfMeasurePrice>
      <AllowDiscount>1</AllowDiscount>
      <ItemStatus>1</ItemStatus>
      <ItemId>102210</ItemId>
    </Item>
    <Item>
      <PriceUpdateDate>2025-05-02 08:14:28</PriceUpdateDate>
      <ItemCode>5901576059483</ItemCode>
      <ItemType>1</ItemType>
      <ItemName>פילה מקרל מומלח בעיש</ItemName>
      <ManufacturerName>,</ManufacturerName>
      <ManufactureCountry>לא ידוע</ManufactureCountry>
      <ManufacturerItemDescription>פילה מקרל מומלח בעישון חם 150 גר</ManufacturerItemDescription>
      <UnitQty>גרמים</UnitQty>
      <Quantity>150.00</Quantity>
      <UnitOfMeasure>100 גרם</UnitOfMeasure>
      <bIsWeighted>0</bIsWeighted>
      <QtyInPackage>1</QtyInPackage>
      <ItemPrice>24.90</ItemPrice>
      <UnitOfMeasurePrice>16.6000</UnitOfMeasurePrice>
      <AllowDiscount>1</AllowDiscount>
      <ItemStatus>1</ItemStatus>
      <ItemId>98282</ItemId>
    </Item>
    <Item>
      <PriceUpdateDate>2025-02-25 14:20:54</PriceUpdateDate>
      <ItemCode>4061445096702</ItemCode>
      <ItemType>1</ItemType>
      <ItemName>קפה דוידוף פיין ארומ</ItemName>
      <ManufacturerName>דוידוף</ManufacturerName>
      <ManufactureCountry>לא ידוע</ManufactureCountry>
      <ManufacturerItemDescription>קפה דוידוף פיין ארומה 100 גרם</ManufacturerItemDescription>
      <UnitQty>גרמים</UnitQty>
      <Quantity>100.00</Quantity>
      <UnitOfMeasure>100 גרם</UnitOfMeasure>
      <bIsWeighted>0</bIsWeighted>
      <QtyInPackage>1</QtyInPackage>
      <ItemPrice>29.90</ItemPrice>
      <UnitOfMeasurePrice>29.9000</UnitOfMeasurePrice>
      <AllowDiscount>1</AllowDiscount>
      <ItemStatus>1</ItemStatus>
      <ItemId>68413</ItemId>
    </Item>
    <Item>
      <PriceUpdateDate>2023-12-31 12:50:12</PriceUpdateDate>
      <ItemCode>20502</ItemCode>
      <ItemType>0</ItemType>
      <ItemName>לחם בורודינסקי 600 ג</ItemName>
      <ManufacturerName>,</ManufacturerName>
      <ManufactureCountry>לא ידוע</ManufactureCountry>
      <ManufacturerItemDescription>לחם בורודינסקי 600 גר</ManufacturerItemDescription>
      <UnitQty>גרמים</UnitQty>
      <Quantity>600.00</Quantity>
      <UnitOfMeasure>100 גרם</UnitOfMeasure>
      <bIsWeighted>0</bIsWeighted>
      <QtyInPackage>1</QtyInPackage>
      <ItemPrice>19.90</ItemPrice>
      <UnitOfMeasurePrice>3.3167</UnitOfMeasurePrice>
      <AllowDiscount>1</AllowDiscount>
      <ItemStatus>1</ItemStatus>
      <ItemId>68423</ItemId>
    </Item>
    <Item>
      <PriceUpdateDate>2025-06-03 08:37:42</PriceUpdateDate>
      <ItemCode>8851613101378</ItemCode>
      <ItemType>1</ItemType>
      <ItemName>חלב קוקוס 250 מל</ItemName>
      <ManufacturerName>,</ManufacturerName>
      <ManufactureCountry>לא ידוע</ManufactureCountry>
      <ManufacturerItemDescription>חלב קוקוס 250 מל</ManufacturerItemDescription>
      <UnitQty>מיליליטרים</UnitQty>
      <Quantity>250.00</Quantity>
      <UnitOfMeasure>100 מ"ל</UnitOfMeasure>
      <bIsWeighted>0</bIsWeighted>
      <QtyInPackage>1</QtyInPackage>
      <ItemPrice>10.90</ItemPrice>
      <UnitOfMeasurePrice>4.3600</UnitOfMeasurePrice>
      <AllowDiscount>1</AllowDiscount>
      <ItemStatus>1</ItemStatus>
      <ItemId>68432</ItemId>
    </Item>
    <Item>
      <PriceUpdateDate>2023-12-31 12:50:12</PriceUpdateDate>
      <ItemCode>7290015155823</ItemCode>
      <ItemType>1</ItemType>
      <ItemName>פאוץ פרינוק תפוח עץ</ItemName>
      <ManufacturerName>,</ManufacturerName>
      <ManufactureCountry>לא ידוע</ManufactureCountry>
      <ManufacturerItemDescription>פאוץ פרינוק תפוח עץ 120 גר</ManufacturerItemDescription>
      <UnitQty>גרמים</UnitQty>
      <Quantity>120.00</Quantity>
      <UnitOfMeasure>100 גרם</UnitOfMeasure>
      <bIsWeighted>0</bIsWeighted>
      <QtyInPackage>1</QtyInPackage>
      <ItemPrice>5.90</ItemPrice>
      <UnitOfMeasurePrice>4.9167</UnitOfMeasurePrice>
      <AllowDiscount>1</AllowDiscount>
      <ItemStatus>1</ItemStatus>
      <ItemId>68435</ItemId>
    </Item>
    <Item>
      <PriceUpdateDate>2023-12-31 12:50:12</PriceUpdateDate>
      <ItemCode>7290015155830</ItemCode>
      <ItemType>1</ItemType>
      <ItemName>פאוץ פרינוק תפוח ובנ</ItemName>
      <ManufacturerName>,</ManufacturerName>
      <ManufactureCountry>לא ידוע</ManufactureCountry>
      <ManufacturerItemDescription>פאוץ פרינוק תפוח ובננה 120 גר</ManufacturerItemDescription>
      <UnitQty>גרמים</UnitQty>
      <Quantity>120.00</Quantity>
      <UnitOfMeasure>100 גרם</UnitOfMeasure>
      <bIsWeighted>0</bIsWeighted>
      <QtyInPackage>1</QtyInPackage>
      <ItemPrice>5.90</ItemPrice>
      <UnitOfMeasurePrice>4.9167</UnitOfMeasurePrice>
      <AllowDiscount>1</AllowDiscount>
      <ItemStatus>1</ItemStatus>
      <ItemId>68436</ItemId>
    </Item>
    <Item>
      <PriceUpdateDate>2023-12-31 12:50:12</PriceUpdateDate>
      <ItemCode>8032793344292</ItemCode>
      <ItemType>1</ItemType>
      <ItemName>עגבניות חתוכות דק בק</ItemName>
      <ManufacturerName>,</ManufacturerName>
      <ManufactureCountry>לא ידוע</ManufactureCountry>
      <ManufacturerItemDescription>עגבניות חתוכות דק בקבוק 700 גר</ManufacturerItemDescription>
      <UnitQty>גרמים</UnitQty>
      <Quantity>700.00</Quantity>
      <UnitOfMeasure>100 גרם</UnitOfMeasure>
      <bIsWeighted>0</bIsWeighted>
      <QtyInPackage>1</QtyInPackage>
      <ItemPrice>12.90</ItemPrice>
      <UnitOfMeasurePrice>1.8429</UnitOfMeasurePrice>
      <AllowDiscount>1</AllowDiscount>
      <ItemStatus>1</ItemStatus>
      <ItemId>68445</ItemId>
    </Item>
    <Item>
      <PriceUpdateDate>2024-02-01 08:38:22</PriceUpdateDate>
      <ItemCode>33617000026</ItemCode>
      <ItemType>1</ItemType>
      <ItemName>פת פריכה מקמח מלא 26</ItemName>
      <ManufacturerName>,</ManufacturerName>
      <ManufactureCountry>לא ידוע</ManufactureCountry>
      <ManufacturerItemDescription>ואזה מקמח מלא 260 גר</ManufacturerItemDescription>
      <UnitQty>גרמים</UnitQty>
      <Quantity>260.00</Quantity>
      <UnitOfMeasure>100 גרם</UnitOfMeasure>
      <bIsWeighted>0</bIsWeighted>
      <QtyInPackage>1</QtyInPackage>
      <ItemPrice>14.90</ItemPrice>
      <UnitOfMeasurePrice>5.7308</UnitOfMeasurePrice>
      <AllowDiscount>1</AllowDiscount>
      <ItemStatus>1</ItemStatus>
      <ItemId>68447</ItemId>
    </Item>
    <Item>
      <PriceUpdateDate>2023-12-31 12:50:12</PriceUpdateDate>
      <ItemCode>7290014785069</ItemCode>
      <ItemType>1</ItemType>
      <ItemName>מירין משובח 250 מל</ItemName>
      <ManufacturerName>,</ManufacturerName>
      <ManufactureCountry>לא ידוע</ManufactureCountry>
      <ManufacturerItemDescription>מירין משובח 250 מל</ManufacturerItemDescription>
      <UnitQty>מיליליטרים</UnitQty>
      <Quantity>250.00</Quantity>
      <UnitOfMeasure>100 מ"ל</UnitOfMeasure>
      <bIsWeighted>0</bIsWeighted>
      <QtyInPackage>1</QtyInPackage>
      <ItemPrice>14.90</ItemPrice>
      <UnitOfMeasurePrice>5.9600</UnitOfMeasurePrice>
      <AllowDiscount>1</AllowDiscount>
      <ItemStatus>1</ItemStatus>
      <ItemId>68520</ItemId>
    </Item>
    <Item>
      <PriceUpdateDate>2023-12-31 12:50:12</PriceUpdateDate>
      <ItemCode>4607016247373</ItemCode>
      <ItemType>1</ItemType>
      <ItemName>דייסת שיבולת שועל עם</ItemName>
      <ManufacturerName>,</ManufacturerName>
      <ManufactureCountry>לא ידוע</ManufactureCountry>
      <ManufacturerItemDescription>דייסת שיבולת שועל עם פטל חמישייה</ManufacturerItemDescription>
      <UnitQty>גרמים</UnitQty>
      <Quantity>200.00</Quantity>
      <UnitOfMeasure>100 גרם</UnitOfMeasure>
      <bIsWeighted>0</bIsWeighted>
      <QtyInPackage>1</QtyInPackage>
      <ItemPrice>9.90</ItemPrice>
      <UnitOfMeasurePrice>4.9500</UnitOfMeasurePrice>
      <AllowDiscount>1</AllowDiscount>
      <ItemStatus>1</ItemStatus>
      <ItemId>68534</ItemId>
    </Item>
    <Item>
      <PriceUpdateDate>2023-12-31 12:50:13</PriceUpdateDate>
      <ItemCode>4607016247397</ItemCode>
      <ItemType>1</ItemType>
      <ItemName>דייסת שיבולת שועל עם</ItemName>
      <ManufacturerName>,</ManufacturerName>
      <ManufactureCountry>לא ידוע</ManufactureCountry>
      <ManufacturerItemDescription>דייסת שיבולת שועל עם תות שדה חמישייה</ManufacturerItemDescription>
      <UnitQty>גרמים</UnitQty>
      <Quantity>200.00</Quantity>
      <UnitOfMeasure>100 גרם</UnitOfMeasure>
      <bIsWeighted>0</bIsWeighted>
      <QtyInPackage>1</QtyInPackage>
      <ItemPrice>9.90</ItemPrice>
      <UnitOfMeasurePrice>4.9500</UnitOfMeasurePrice>
      <AllowDiscount>1</AllowDiscount>
      <ItemStatus>1</ItemStatus>
      <ItemId>68535</ItemId>
    </Item>
    <Item>
      <PriceUpdateDate>2023-12-31 12:50:13</PriceUpdateDate>
      <ItemCode>4607016247410</ItemCode>
      <ItemType>1</ItemType>
      <ItemName>דייסת שיבולת שועל עם</ItemName>
      <ManufacturerName>,</ManufacturerName>
      <ManufactureCountry>לא ידוע</ManufactureCountry>
      <ManufacturerItemDescription>דייסת שיבולת שועל עם משמש חמישייה</ManufacturerItemDescription>
      <UnitQty>גרמים</UnitQty>
      <Quantity>200.00</Quantity>
      <UnitOfMeasure>100 גרם</UnitOfMeasure>
      <bIsWeighted>0</bIsWeighted>
      <QtyInPackage>1</QtyInPackage>
      <ItemPrice>9.90</ItemPrice>
      <UnitOfMeasurePrice>4.9500</UnitOfMeasurePrice>
      <AllowDiscount>1</AllowDiscount>
      <ItemStatus>1</ItemStatus>
      <ItemId>68536</ItemId>
    </Item>
    <Item>
      <PriceUpdateDate>2025-08-12 12:29:44</PriceUpdateDate>
      <ItemCode>4605246004643</ItemCode>
      <ItemType>1</ItemType>
      <ItemName>קפה קלוי שחור גוקיי</ItemName>
      <ManufacturerName>,</ManufacturerName>
      <ManufactureCountry>לא ידוע</ManufactureCountry>
      <ManufacturerItemDescription>קפה קלוי שחור גוקיי בסגנון איטלקי 100 גר</ManufacturerItemDescription>
      <UnitQty>גרמים</UnitQty>
      <Quantity>100.00</Quantity>
      <UnitOfMeasure>100 גרם</UnitOfMeasure>
      <bIsWeighted>0</bIsWeighted>
      <QtyInPackage>1</QtyInPackage>
      <ItemPrice>12.90</ItemPrice>
      <UnitOfMeasurePrice>12.9000</UnitOfMeasurePrice>
      <AllowDiscount>1</AllowDiscount>
      <ItemStatus>1</ItemStatus>
      <ItemId>68551</ItemId>
    </Item>
    <Item>
      <PriceUpdateDate>2025-05-02 08:14:28</PriceUpdateDate>
      <ItemCode>5901576059490</ItemCode>
      <ItemType>1</ItemType>
      <ItemName>פילה מקרל מומלח בעיש</ItemName>
      <ManufacturerName>,</ManufacturerName>
      <ManufactureCountry>לא ידוע</ManufactureCountry>
      <ManufacturerItemDescription>פילה מקרל מומלח בעישון חם פלפל גרוס 150</ManufacturerItemDescription>
      <UnitQty>גרמים</UnitQty>
      <Quantity>150.00</Quantity>
      <UnitOfMeasure>100 גרם</UnitOfMeasure>
      <bIsWeighted>0</bIsWeighted>
      <QtyInPackage>1</QtyInPackage>
      <ItemPrice>24.90</ItemPrice>
      <UnitOfMeasurePrice>16.6000</UnitOfMeasurePrice>
      <AllowDiscount>1</AllowDiscount>
      <ItemStatus>1</ItemStatus>
      <ItemId>98283</ItemId>
    </Item>
    <Item>
      <PriceUpdateDate>2023-12-31 12:50:14</PriceUpdateDate>
      <ItemCode>3760263790021</ItemCode>
      <ItemType>1</ItemType>
      <ItemName>יין דומיין אלכסנדר ש</ItemName>
      <ManufacturerName>,</ManufacturerName>
      <ManufactureCountry>לא ידוע</ManufactureCountry>
      <ManufacturerItemDescription>יין דומיין אלכסנדר שאבלי לבן יבש 750 מל</ManufacturerItemDescription>
      <UnitQty>מיליליטרים</UnitQty>
      <Quantity>750.00</Quantity>
      <UnitOfMeasure>100 מ"ל</UnitOfMeasure>
      <bIsWeighted>0</bIsWeighted>
      <QtyInPackage>1</QtyInPackage>
      <ItemPrice>89.90</ItemPrice>
      <UnitOfMeasurePrice>11.9867</UnitOfMeasurePrice>
      <AllowDiscount>1</AllowDiscount>
      <ItemStatus>1</ItemStatus>
      <ItemId>68691</ItemId>
    </Item>
    <Item>
      <PriceUpdateDate>2025-05-02 08:13:40</PriceUpdateDate>
      <ItemCode>4602358005667</ItemCode>
      <ItemType>1</ItemType>
      <ItemName>שלגון גלידת שמנת בטע</ItemName>
      <ManufacturerName>ז'יטומרסקי זאבוד</ManufacturerName>
      <ManufactureCountry>לא ידוע</ManufactureCountry>
      <ManufacturerItemDescription>שלגון גלידת שמנת בטעם וניל שבבי אגוז לוז</ManufacturerItemDescription>
      <UnitQty>גרמים</UnitQty>
      <Quantity>70.00</Quantity>
      <UnitOfMeasure>100 גרם</UnitOfMeasure>
      <bIsWeighted>0</bIsWeighted>
      <QtyInPackage>1</QtyInPackage>
      <ItemPrice>8.90</ItemPrice>
      <UnitOfMeasurePrice>12.7143</UnitOfMeasurePrice>
      <AllowDiscount>1</AllowDiscount>
      <ItemStatus>1</ItemStatus>
      <ItemId>68744</ItemId>
    </Item>
    <Item>
      <PriceUpdateDate>2025-11-06 09:07:21</PriceUpdateDate>
      <ItemCode>4823105818761</ItemCode>
      <ItemType>1</ItemType>
      <ItemName>ממתקים גדול קריסמיס</ItemName>
      <ManufacturerName>,</ManufacturerName>
      <ManufactureCountry>לא ידוע</ManufactureCountry>
      <ManufacturerItemDescription>ממתקים גדול קריסמיס דגם תיק מס 4 500 גר</ManufacturerItemDescription>
      <UnitQty>גרמים</UnitQty>
      <Quantity>500.00</Quantity>
      <UnitOfMeasure>100 גרם</UnitOfMeasure>
      <bIsWeighted>0</bIsWeighted>
      <QtyInPackage>1</QtyInPackage>
      <ItemPrice>89.90</ItemPrice>
      <UnitOfMeasurePrice>17.9800</UnitOfMeasurePrice>
      <AllowDiscount>1</AllowDiscount>
      <ItemStatus>1</ItemStatus>
      <ItemId>102586</ItemId>
    </Item>
    <Item>
      <PriceUpdateDate>2024-05-02 16:01:54</PriceUpdateDate>
      <ItemCode>7290010701445</ItemCode>
      <ItemType>1</ItemType>
      <ItemName>נקניק כבד פרגה 450 ג</ItemName>
      <ManufacturerName>,</ManufacturerName>
      <ManufactureCountry>לא ידוע</ManufactureCountry>
      <ManufacturerItemDescription>נקניק כבד פרגה 400 גר</ManufacturerItemDescription>
      <UnitQty>גרמים</UnitQty>
      <Quantity>450.00</Quantity>
      <UnitOfMeasure>100 גרם</UnitOfMeasure>
      <bIsWeighted>0</bIsWeighted>
      <QtyInPackage>1</QtyInPackage>
      <ItemPrice>25.90</ItemPrice>
      <UnitOfMeasurePrice>5.7556</UnitOfMeasurePrice>
      <AllowDiscount>1</AllowDiscount>
      <ItemStatus>1</ItemStatus>
      <ItemId>68793</ItemId>
    </Item>
    <Item>
      <PriceUpdateDate>2024-02-06 08:31:23</PriceUpdateDate>
      <ItemCode>8006423466456</ItemCode>
      <ItemType>1</ItemType>
      <ItemName>בונ אליזבטה 3 צבעים</ItemName>
      <ManufacturerName>,</ManufacturerName>
      <ManufactureCountry>לא ידוע</ManufactureCountry>
      <ManufacturerItemDescription>בונ אליזבטה 3 צבעים 184 גר סוריני</ManufacturerItemDescription>
      <UnitQty>גרמים</UnitQty>
      <Quantity>184.00</Quantity>
      <UnitOfMeasure>100 גרם</UnitOfMeasure>
      <bIsWeighted>0</bIsWeighted>
      <QtyInPackage>6</QtyInPackage>
      <ItemPrice>84.90</ItemPrice>
      <UnitOfMeasurePrice>46.1413</UnitOfMeasurePrice>
      <AllowDiscount>1</AllowDiscount>
      <ItemStatus>1</ItemStatus>
      <ItemId>68877</ItemId>
    </Item>
    <Item>
      <PriceUpdateDate>2025-03-18 08:39:14</PriceUpdateDate>
      <ItemCode>5901177155959</ItemCode>
      <ItemType>1</ItemType>
      <ItemName>בונ שרי טראפז 210 גר</ItemName>
      <ManufacturerName>,</ManufacturerName>
      <ManufactureCountry>לא ידוע</ManufactureCountry>
      <ManufacturerItemDescription>בונ שרי טראפז 210 גר</ManufacturerItemDescription>
      <UnitQty>גרמים</UnitQty>
      <Quantity>210.00</Quantity>
      <UnitOfMeasure>100 גרם</UnitOfMeasure>
      <bIsWeighted>0</bIsWeighted>
      <QtyInPackage>10</QtyInPackage>
      <ItemPrice>29.90</ItemPrice>
      <UnitOfMeasurePrice>14.2381</UnitOfMeasurePrice>
      <AllowDiscount>1</AllowDiscount>
      <ItemStatus>1</ItemStatus>
      <ItemId>68881</ItemId>
    </Item>
    <Item>
      <PriceUpdateDate>2023-12-31 12:50:15</PriceUpdateDate>
      <ItemCode>686412282984</ItemCode>
      <ItemType>1</ItemType>
      <ItemName>טונה לבנה בשמן זית 2</ItemName>
      <ManufacturerName>,</ManufacturerName>
      <ManufactureCountry>לא ידוע</ManufactureCountry>
      <ManufacturerItemDescription>טונה לבנה בשמן זית 220 גר</ManufacturerItemDescription>
      <UnitQty>גרמים</UnitQty>
      <Quantity>220.00</Quantity>
      <UnitOfMeasure>100 גרם</UnitOfMeasure>
      <bIsWeighted>0</bIsWeighted>
      <QtyInPackage>1</QtyInPackage>
      <ItemPrice>49.90</ItemPrice>
      <UnitOfMeasurePrice>22.6818</UnitOfMeasurePrice>
      <AllowDiscount>1</AllowDiscount>
      <ItemStatus>1</ItemStatus>
      <ItemId>68959</ItemId>
    </Item>
    <Item>
      <PriceUpdateDate>2025-07-16 08:27:18</PriceUpdateDate>
      <ItemCode>8032993003395</ItemCode>
      <ItemType>1</ItemType>
      <ItemName>פסטה לינגוויני ביצים</ItemName>
      <ManufacturerName>,</ManufacturerName>
      <ManufactureCountry>לא ידוע</ManufactureCountry>
      <ManufacturerItemDescription>פסטה לינגוויני ביצים פילוטאה 250 גר</ManufacturerItemDescription>
      <UnitQty>גרמים</UnitQty>
      <Quantity>250.00</Quantity>
      <UnitOfMeasure>100 גרם</UnitOfMeasure>
      <bIsWeighted>0</bIsWeighted>
      <QtyInPackage>1</QtyInPackage>
      <ItemPrice>20.90</ItemPrice>
      <UnitOfMeasurePrice>8.3600</UnitOfMeasurePrice>
      <AllowDiscount>1</AllowDiscount>
      <ItemStatus>1</ItemStatus>
      <ItemId>68960</ItemId>
    </Item>
    <Item>
      <PriceUpdateDate>2024-05-02 16:06:51</PriceUpdateDate>
      <ItemCode>4072700001089</ItemCode>
      <ItemType>1</ItemType>
      <ItemName>בירה ספאטן אוקטוברפס</ItemName>
      <ManufacturerName>Franziskaner</ManufacturerName>
      <ManufactureCountry>לא ידוע</ManufactureCountry>
      <ManufacturerItemDescription>בירה ספאטן אוקטוברספט 500 מל</ManufacturerItemDescription>
      <UnitQty>מיליליטרים</UnitQty>
      <Quantity>500.00</Quantity>
      <UnitOfMeasure>100 מ"ל</UnitOfMeasure>
      <bIsWeighted>0</bIsWeighted>
      <QtyInPackage>1</QtyInPackage>
      <ItemPrice>12.90</ItemPrice>
      <UnitOfMeasurePrice>2.5800</UnitOfMeasurePrice>
      <AllowDiscount>1</AllowDiscount>
      <ItemStatus>1</ItemStatus>
      <ItemId>68964</ItemId>
    </Item>
    <Item>
      <PriceUpdateDate>2023-12-31 12:50:16</PriceUpdateDate>
      <ItemCode>7290015009027</ItemCode>
      <ItemType>1</ItemType>
      <ItemName>חומץ בלסמי דניאל 500</ItemName>
      <ManufacturerName>,</ManufacturerName>
      <ManufactureCountry>לא ידוע</ManufactureCountry>
      <ManufacturerItemDescription>חומץ בלסמי דניאל 500 מל</ManufacturerItemDescription>
      <UnitQty>מיליליטרים</UnitQty>
      <Quantity>500.00</Quantity>
      <UnitOfMeasure>100 מ"ל</UnitOfMeasure>
      <bIsWeighted>0</bIsWeighted>
      <QtyInPackage>1</QtyInPackage>
      <ItemPrice>17.90</ItemPrice>
      <UnitOfMeasurePrice>3.5800</UnitOfMeasurePrice>
      <AllowDiscount>1</AllowDiscount>
      <ItemStatus>1</ItemStatus>
      <ItemId>68981</ItemId>
    </Item>
    <Item>
      <PriceUpdateDate>2023-12-31 12:50:16</PriceUpdateDate>
      <ItemCode>7290000003050</ItemCode>
      <ItemType>1</ItemType>
      <ItemName>גבינה פרמגאנו רגאנו</ItemName>
      <ManufacturerName>,</ManufacturerName>
      <ManufactureCountry>לא ידוע</ManufactureCountry>
      <ManufacturerItemDescription>גבינה פרמיגאנו ראגאנו משולשים</ManufacturerItemDescription>
      <UnitQty>קילוגרמים</UnitQty>
      <Quantity>1.00</Quantity>
      <UnitOfMeasure>ק"ג</UnitOfMeasure>
      <bIsWeighted>1</bIsWeighted>
      <QtyInPackage>לא ידוע</QtyInPackage>
      <ItemPrice>219.00</ItemPrice>
      <UnitOfMeasurePrice>219.0000</UnitOfMeasurePrice>
      <AllowDiscount>1</AllowDiscount>
      <ItemStatus>1</ItemStatus>
      <ItemId>68986</ItemId>
    </Item>
    <Item>
      <PriceUpdateDate>2023-12-31 12:50:16</PriceUpdateDate>
      <ItemCode>7290015009171</ItemCode>
      <ItemType>1</ItemType>
      <ItemName>ניוקי תפוא דניאל 300</ItemName>
      <ManufacturerName>,</ManufacturerName>
      <ManufactureCountry>לא ידוע</ManufactureCountry>
      <ManufacturerItemDescription>ניוקי תפו"א דניאל 300 גר</ManufacturerItemDescription>
      <UnitQty>גרמים</UnitQty>
      <Quantity>300.00</Quantity>
      <UnitOfMeasure>100 גרם</UnitOfMeasure>
      <bIsWeighted>0</bIsWeighted>
      <QtyInPackage>1</QtyInPackage>
      <ItemPrice>8.90</ItemPrice>
      <UnitOfMeasurePrice>2.9667</UnitOfMeasurePrice>
      <AllowDiscount>1</AllowDiscount>
      <ItemStatus>1</ItemStatus>
      <ItemId>68987</ItemId>
    </Item>
    <Item>
      <PriceUpdateDate>2023-12-31 12:50:16</PriceUpdateDate>
      <ItemCode>7290015009195</ItemCode>
      <ItemType>1</ItemType>
      <ItemName>ניוקי תפוא עגבניות ד</ItemName>
      <ManufacturerName>,</ManufacturerName>
      <ManufactureCountry>לא ידוע</ManufactureCountry>
      <ManufacturerItemDescription>ניוקי תפו"א עגבניות דניאל 300 גר</ManufacturerItemDescription>
      <UnitQty>גרמים</UnitQty>
      <Quantity>300.00</Quantity>
      <UnitOfMeasure>100 גרם</UnitOfMeasure>
      <bIsWeighted>0</bIsWeighted>
      <QtyInPackage>1</QtyInPackage>
      <ItemPrice>8.90</ItemPrice>
      <UnitOfMeasurePrice>2.9667</UnitOfMeasurePrice>
      <AllowDiscount>1</AllowDiscount>
      <ItemStatus>1</ItemStatus>
      <ItemId>68989</ItemId>
    </Item>
    <Item>
      <PriceUpdateDate>2023-12-31 12:50:16</PriceUpdateDate>
      <ItemCode>7290015009201</ItemCode>
      <ItemType>1</ItemType>
      <ItemName>ניוקי תפוא פטריות כמ</ItemName>
      <ManufacturerName>,</ManufacturerName>
      <ManufactureCountry>לא ידוע</ManufactureCountry>
      <ManufacturerItemDescription>ניוקי תפו"א פטריות כמהין דניאל 300 גר</ManufacturerItemDescription>
      <UnitQty>גרמים</UnitQty>
      <Quantity>300.00</Quantity>
      <UnitOfMeasure>100 גרם</UnitOfMeasure>
      <bIsWeighted>0</bIsWeighted>
      <QtyInPackage>1</QtyInPackage>
      <ItemPrice>8.90</ItemPrice>
      <UnitOfMeasurePrice>2.9667</UnitOfMeasurePrice>
      <AllowDiscount>1</AllowDiscount>
      <ItemStatus>1</ItemStatus>
      <ItemId>68990</ItemId>
    </Item>
    <Item>
      <PriceUpdateDate>2023-12-31 12:50:16</PriceUpdateDate>
      <ItemCode>7290015009218</ItemCode>
      <ItemType>1</ItemType>
      <ItemName>ניוקי תפוא ערמונים ד</ItemName>
      <ManufacturerName>,</ManufacturerName>
      <ManufactureCountry>לא ידוע</ManufactureCountry>
      <ManufacturerItemDescription>ניוקי תפו"א ערמונים דניאל 300 גר</ManufacturerItemDescription>
      <UnitQty>גרמים</UnitQty>
      <Quantity>300.00</Quantity>
      <UnitOfMeasure>100 גרם</UnitOfMeasure>
      <bIsWeighted>0</bIsWeighted>
      <QtyInPackage>1</QtyInPackage>
      <ItemPrice>9.90</ItemPrice>
      <UnitOfMeasurePrice>3.3000</UnitOfMeasurePrice>
      <AllowDiscount>1</AllowDiscount>
      <ItemStatus>1</ItemStatus>
      <ItemId>68991</ItemId>
    </Item>
    <Item>
      <PriceUpdateDate>2023-12-31 12:50:16</PriceUpdateDate>
      <ItemCode>7290015009355</ItemCode>
      <ItemType>1</ItemType>
      <ItemName>רוטב חומץ בלסמי מצומ</ItemName>
      <ManufacturerName>,</ManufacturerName>
      <ManufactureCountry>לא ידוע</ManufactureCountry>
      <ManufacturerItemDescription>רוטב חומץ בלסמי מצומצם דניאל 250 מל</ManufacturerItemDescription>
      <UnitQty>מיליליטרים</UnitQty>
      <Quantity>250.00</Quantity>
      <UnitOfMeasure>100 מ"ל</UnitOfMeasure>
      <bIsWeighted>0</bIsWeighted>
      <QtyInPackage>1</QtyInPackage>
      <ItemPrice>24.90</ItemPrice>
      <UnitOfMeasurePrice>9.9600</UnitOfMeasurePrice>
      <AllowDiscount>1</AllowDiscount>
      <ItemStatus>1</ItemStatus>
      <ItemId>68993</ItemId>
    </Item>
    <Item>
      <PriceUpdateDate>2023-12-31 12:50:16</PriceUpdateDate>
      <ItemCode>7290015009362</ItemCode>
      <ItemType>1</ItemType>
      <ItemName>רוטב חומץ בלסמי לבן</ItemName>
      <ManufacturerName>,</ManufacturerName>
      <ManufactureCountry>לא ידוע</ManufactureCountry>
      <ManufacturerItemDescription>רוטב חומץ בלסמי לבן מצומצם דניאל 250 מל</ManufacturerItemDescription>
      <UnitQty>מיליליטרים</UnitQty>
      <Quantity>250.00</Quantity>
      <UnitOfMeasure>100 מ"ל</UnitOfMeasure>
      <bIsWeighted>0</bIsWeighted>
      <QtyInPackage>1</QtyInPackage>
      <ItemPrice>24.90</ItemPrice>
      <UnitOfMeasurePrice>9.9600</UnitOfMeasurePrice>
      <AllowDiscount>1</AllowDiscount>
      <ItemStatus>1</ItemStatus>
      <ItemId>68994</ItemId>
    </Item>
    <Item>
      <PriceUpdateDate>2023-12-31 12:50:16</PriceUpdateDate>
      <ItemCode>7290015009386</ItemCode>
      <ItemType>1</ItemType>
      <ItemName>מיץ ליים משומר דניאל</ItemName>
      <ManufacturerName>,</ManufacturerName>
      <ManufactureCountry>לא ידוע</ManufactureCountry>
      <ManufacturerItemDescription>מיץ ליים משומר דניאל 946 מל</ManufacturerItemDescription>
      <UnitQty>מיליליטרים</UnitQty>
      <Quantity>946.00</Quantity>
      <UnitOfMeasure>100 מ"ל</UnitOfMeasure>
      <bIsWeighted>0</bIsWeighted>
      <QtyInPackage>1</QtyInPackage>
      <ItemPrice>19.90</ItemPrice>
      <UnitOfMeasurePrice>2.1036</UnitOfMeasurePrice>
      <AllowDiscount>1</AllowDiscount>
      <ItemStatus>1</ItemStatus>
      <ItemId>68996</ItemId>
    </Item>
    <Item>
      <PriceUpdateDate>2023-12-31 12:50:16</PriceUpdateDate>
      <ItemCode>5601010211087</ItemCode>
      <ItemType>1</ItemType>
      <ItemName>פילה סרדין בשמן זית</ItemName>
      <ManufacturerName>,</ManufacturerName>
      <ManufactureCountry>לא ידוע</ManufactureCountry>
      <ManufacturerItemDescription>פילה סרדין בשמן זית רמירז 100 גר</ManufacturerItemDescription>
      <UnitQty>גרמים</UnitQty>
      <Quantity>100.00</Quantity>
      <UnitOfMeasure>100 גרם</UnitOfMeasure>
      <bIsWeighted>0</bIsWeighted>
      <QtyInPackage>1</QtyInPackage>
      <ItemPrice>14.90</ItemPrice>
      <UnitOfMeasurePrice>14.9000</UnitOfMeasurePrice>
      <AllowDiscount>1</AllowDiscount>
      <ItemStatus>1</ItemStatus>
      <ItemId>68999</ItemId>
    </Item>
    <Item>
      <PriceUpdateDate>2023-12-31 12:50:16</PriceUpdateDate>
      <ItemCode>5601010211070</ItemCode>
      <ItemType>1</ItemType>
      <ItemName>סרדין במים רמירז 125</ItemName>
      <ManufacturerName>,</ManufacturerName>
      <ManufactureCountry>לא ידוע</ManufactureCountry>
      <ManufacturerItemDescription>סרדין במים רמירז 125 גר</ManufacturerItemDescription>
      <UnitQty>גרמים</UnitQty>
      <Quantity>125.00</Quantity>
      <UnitOfMeasure>100 גרם</UnitOfMeasure>
      <bIsWeighted>0</bIsWeighted>
      <QtyInPackage>1</QtyInPackage>
      <ItemPrice>11.90</ItemPrice>
      <UnitOfMeasurePrice>9.5200</UnitOfMeasurePrice>
      <AllowDiscount>1</AllowDiscount>
      <ItemStatus>1</ItemStatus>
      <ItemId>69000</ItemId>
    </Item>
    <Item>
      <PriceUpdateDate>2023-12-31 12:50:16</PriceUpdateDate>
      <ItemCode>5601010111035</ItemCode>
      <ItemType>1</ItemType>
      <ItemName>סרדין בשמן זית רמירז</ItemName>
      <ManufacturerName>,</ManufacturerName>
      <ManufactureCountry>לא ידוע</ManufactureCountry>
      <ManufacturerItemDescription>סרדין בשמן זית רמירז 125 גר</ManufacturerItemDescription>
      <UnitQty>גרמים</UnitQty>
      <Quantity>125.00</Quantity>
      <UnitOfMeasure>100 גרם</UnitOfMeasure>
      <bIsWeighted>0</bIsWeighted>
      <QtyInPackage>1</QtyInPackage>
      <ItemPrice>11.90</ItemPrice>
      <UnitOfMeasurePrice>9.5200</UnitOfMeasurePrice>
      <AllowDiscount>1</AllowDiscount>
      <ItemStatus>1</ItemStatus>
      <ItemId>69001</ItemId>
    </Item>
    <Item>
      <PriceUpdateDate>2023-12-31 12:50:16</PriceUpdateDate>
      <ItemCode>8410182420114</ItemCode>
      <ItemType>1</ItemType>
      <ItemName>בצלצלי פנינה בחומץ 3</ItemName>
      <ManufacturerName>,</ManufacturerName>
      <ManufactureCountry>לא ידוע</ManufactureCountry>
      <ManufacturerItemDescription>בצלצלי פנינה בחומץ 370 מל</ManufacturerItemDescription>
      <UnitQty>מיליליטרים</UnitQty>
      <Quantity>370.00</Quantity>
      <UnitOfMeasure>100 מ"ל</UnitOfMeasure>
      <bIsWeighted>0</bIsWeighted>
      <QtyInPackage>1</QtyInPackage>
      <ItemPrice>11.90</ItemPrice>
      <UnitOfMeasurePrice>3.2162</UnitOfMeasurePrice>
      <AllowDiscount>1</AllowDiscount>
      <ItemStatus>1</ItemStatus>
      <ItemId>69002</ItemId>
    </Item>
    <Item>
      <PriceUpdateDate>2023-12-31 12:50:16</PriceUpdateDate>
      <ItemCode>41224700925</ItemCode>
      <ItemType>1</ItemType>
      <ItemName>פירות צלף בחומץ רולא</ItemName>
      <ManufacturerName>,</ManufacturerName>
      <ManufactureCountry>לא ידוע</ManufactureCountry>
      <ManufacturerItemDescription>פירות צלף בחומץ רולאנד 466 מל</ManufacturerItemDescription>
      <UnitQty>מיליליטרים</UnitQty>
      <Quantity>466.00</Quantity>
      <UnitOfMeasure>100 מ"ל</UnitOfMeasure>
      <bIsWeighted>0</bIsWeighted>
      <QtyInPackage>1</QtyInPackage>
      <ItemPrice>24.90</ItemPrice>
      <UnitOfMeasurePrice>5.3433</UnitOfMeasurePrice>
      <AllowDiscount>1</AllowDiscount>
      <ItemStatus>1</ItemStatus>
      <ItemId>69006</ItemId>
    </Item>
    <Item>
      <PriceUpdateDate>2024-01-15 08:44:38</PriceUpdateDate>
      <ItemCode>8005469981602</ItemCode>
      <ItemType>1</ItemType>
      <ItemName>פילה אנשובי איטלקי ש</ItemName>
      <ManufacturerName>,</ManufacturerName>
      <ManufactureCountry>לא ידוע</ManufactureCountry>
      <ManufacturerItemDescription>פילה אנשובי איטלקי שמן חמניות 75 גר</ManufacturerItemDescription>
      <UnitQty>גרמים</UnitQty>
      <Quantity>75.00</Quantity>
      <UnitOfMeasure>100 גרם</UnitOfMeasure>
      <bIsWeighted>0</bIsWeighted>
      <QtyInPackage>1</QtyInPackage>
      <ItemPrice>14.90</ItemPrice>
      <UnitOfMeasurePrice>19.8667</UnitOfMeasurePrice>
      <AllowDiscount>1</AllowDiscount>
      <ItemStatus>1</ItemStatus>
      <ItemId>69008</ItemId>
    </Item>
    <Item>
      <PriceUpdateDate>2023-12-31 12:50:16</PriceUpdateDate>
      <ItemCode>80718765</ItemCode>
      <ItemType>1</ItemType>
      <ItemName>טונה במים 160 גר</ItemName>
      <ManufacturerName>,</ManufacturerName>
      <ManufactureCountry>לא ידוע</ManufactureCountry>
      <ManufacturerItemDescription>טונה במים 160 גר</ManufacturerItemDescription>
      <UnitQty>גרמים</UnitQty>
      <Quantity>160.00</Quantity>
      <UnitOfMeasure>100 גרם</UnitOfMeasure>
      <bIsWeighted>0</bIsWeighted>
      <QtyInPackage>1</QtyInPackage>
      <ItemPrice>24.90</ItemPrice>
      <UnitOfMeasurePrice>15.5625</UnitOfMeasurePrice>
      <AllowDiscount>1</AllowDiscount>
      <ItemStatus>1</ItemStatus>
      <ItemId>69011</ItemId>
    </Item>
    <Item>
      <PriceUpdateDate>2023-12-31 12:50:16</PriceUpdateDate>
      <ItemCode>8001561015580</ItemCode>
      <ItemType>1</ItemType>
      <ItemName>Aשריבת בצל אדום איטל</ItemName>
      <ManufacturerName>,</ManufacturerName>
      <ManufactureCountry>לא ידוע</ManufactureCountry>
      <ManufacturerItemDescription>ריבת בצל אדום איטלקית 300 גרם</ManufacturerItemDescription>
      <UnitQty>גרמים</UnitQty>
      <Quantity>300.00</Quantity>
      <UnitOfMeasure>100 גרם</UnitOfMeasure>
      <bIsWeighted>0</bIsWeighted>
      <QtyInPackage>1</QtyInPackage>
      <ItemPrice>29.90</ItemPrice>
      <UnitOfMeasurePrice>9.9667</UnitOfMeasurePrice>
      <AllowDiscount>1</AllowDiscount>
      <ItemStatus>1</ItemStatus>
      <ItemId>69035</ItemId>
    </Item>
    <Item>
      <PriceUpdateDate>2023-12-31 12:50:16</PriceUpdateDate>
      <ItemCode>8001561301706</ItemCode>
      <ItemType>1</ItemType>
      <ItemName>טונה שמן זית פח 160</ItemName>
      <ManufacturerName>,</ManufacturerName>
      <ManufactureCountry>לא ידוע</ManufactureCountry>
      <ManufacturerItemDescription>טונה שמן זית פח 160 גרם</ManufacturerItemDescription>
      <UnitQty>גרמים</UnitQty>
      <Quantity>160.00</Quantity>
      <UnitOfMeasure>100 גרם</UnitOfMeasure>
      <bIsWeighted>0</bIsWeighted>
      <QtyInPackage>1</QtyInPackage>
      <ItemPrice>16.90</ItemPrice>
      <UnitOfMeasurePrice>10.5625</UnitOfMeasurePrice>
      <AllowDiscount>1</AllowDiscount>
      <ItemStatus>1</ItemStatus>
      <ItemId>69037</ItemId>
    </Item>
    <Item>
      <PriceUpdateDate>2023-12-31 12:50:16</PriceUpdateDate>
      <ItemCode>8691530924670</ItemCode>
      <ItemType>1</ItemType>
      <ItemName>סירופ רימונים נטורסא</ItemName>
      <ManufacturerName>,</ManufacturerName>
      <ManufactureCountry>לא ידוע</ManufactureCountry>
      <ManufacturerItemDescription>סירופ רימונים נטורסאן 345 גרם</ManufacturerItemDescription>
      <UnitQty>גרמים</UnitQty>
      <Quantity>345.00</Quantity>
      <UnitOfMeasure>100 גרם</UnitOfMeasure>
      <bIsWeighted>0</bIsWeighted>
      <QtyInPackage>1</QtyInPackage>
      <ItemPrice>19.90</ItemPrice>
      <UnitOfMeasurePrice>5.7681</UnitOfMeasurePrice>
      <AllowDiscount>1</AllowDiscount>
      <ItemStatus>1</ItemStatus>
      <ItemId>69042</ItemId>
    </Item>
    <Item>
      <PriceUpdateDate>2023-12-31 12:50:16</PriceUpdateDate>
      <ItemCode>7290015009324</ItemCode>
      <ItemType>1</ItemType>
      <ItemName>נאצוס חטיף ברביקיו 2</ItemName>
      <ManufacturerName>,</ManufacturerName>
      <ManufactureCountry>לא ידוע</ManufactureCountry>
      <ManufacturerItemDescription>נאצוס חטיף ברביקיו 200 גרם</ManufacturerItemDescription>
      <UnitQty>גרמים</UnitQty>
      <Quantity>200.00</Quantity>
      <UnitOfMeasure>100 גרם</UnitOfMeasure>
      <bIsWeighted>0</bIsWeighted>
      <QtyInPackage>1</QtyInPackage>
      <ItemPrice>12.90</ItemPrice>
      <UnitOfMeasurePrice>6.4500</UnitOfMeasurePrice>
      <AllowDiscount>1</AllowDiscount>
      <ItemStatus>1</ItemStatus>
      <ItemId>69044</ItemId>
    </Item>
    <Item>
      <PriceUpdateDate>2023-12-31 12:50:16</PriceUpdateDate>
      <ItemCode>4751002121625</ItemCode>
      <ItemType>1</ItemType>
      <ItemName>לחם בורודינסקי 350 ג</ItemName>
      <ManufacturerName>MATSS</ManufacturerName>
      <ManufactureCountry>לא ידוע</ManufactureCountry>
      <ManufacturerItemDescription>לחם בורודינסקי 350 גר</ManufacturerItemDescription>
      <UnitQty>גרמים</UnitQty>
      <Quantity>350.00</Quantity>
      <UnitOfMeasure>100 גרם</UnitOfMeasure>
      <bIsWeighted>0</bIsWeighted>
      <QtyInPackage>20</QtyInPackage>
      <ItemPrice>14.90</ItemPrice>
      <UnitOfMeasurePrice>4.2571</UnitOfMeasurePrice>
      <AllowDiscount>1</AllowDiscount>
      <ItemStatus>1</ItemStatus>
      <ItemId>69053</ItemId>
    </Item>
    <Item>
      <PriceUpdateDate>2023-12-31 12:50:16</PriceUpdateDate>
      <ItemCode>4750109157643</ItemCode>
      <ItemType>1</ItemType>
      <ItemName>ממרח על בסיס שמנת חמ</ItemName>
      <ManufacturerName>,</ManufacturerName>
      <ManufactureCountry>לא ידוע</ManufactureCountry>
      <ManufacturerItemDescription>ממרח על בסיס שמנת חמוצה 20% 200 גר</ManufacturerItemDescription>
      <UnitQty>גרמים</UnitQty>
      <Quantity>200.00</Quantity>
      <UnitOfMeasure>100 גרם</UnitOfMeasure>
      <bIsWeighted>0</bIsWeighted>
      <QtyInPackage>1</QtyInPackage>
      <ItemPrice>7.90</ItemPrice>
      <UnitOfMeasurePrice>3.9500</UnitOfMeasurePrice>
      <AllowDiscount>1</AllowDiscount>
      <ItemStatus>1</ItemStatus>
      <ItemId>69090</ItemId>
    </Item>
    <Item>
      <PriceUpdateDate>2024-11-27 12:41:19</PriceUpdateDate>
      <ItemCode>4750109000338</ItemCode>
      <ItemType>1</ItemType>
      <ItemName>ממרח על בסיס שמנת חמ</ItemName>
      <ManufacturerName>,</ManufacturerName>
      <ManufactureCountry>לא ידוע</ManufactureCountry>
      <ManufacturerItemDescription>ממרח על בסיס שמנת חמוצה 20% 400 גר</ManufacturerItemDescription>
      <UnitQty>גרמים</UnitQty>
      <Quantity>400.00</Quantity>
      <UnitOfMeasure>100 גרם</UnitOfMeasure>
      <bIsWeighted>0</bIsWeighted>
      <QtyInPackage>1</QtyInPackage>
      <ItemPrice>16.90</ItemPrice>
      <UnitOfMeasurePrice>4.2250</UnitOfMeasurePrice>
      <AllowDiscount>1</AllowDiscount>
      <ItemStatus>1</ItemStatus>
      <ItemId>69091</ItemId>
    </Item>
    <Item>
      <PriceUpdateDate>2024-09-04 09:49:49</PriceUpdateDate>
      <ItemCode>71505022453</ItemCode>
      <ItemType>1</ItemType>
      <ItemName>גבינת אריטאג קרם ציז</ItemName>
      <ManufacturerName>,</ManufacturerName>
      <ManufactureCountry>לא ידוע</ManufactureCountry>
      <ManufacturerItemDescription>גבינת אריטאג קרם ציז בר 227 גר</ManufacturerItemDescription>
      <UnitQty>גרמים</UnitQty>
      <Quantity>227.00</Quantity>
      <UnitOfMeasure>100 גרם</UnitOfMeasure>
      <bIsWeighted>0</bIsWeighted>
      <QtyInPackage>1</QtyInPackage>
      <ItemPrice>18.90</ItemPrice>
      <UnitOfMeasurePrice>8.3260</UnitOfMeasurePrice>
      <AllowDiscount>1</AllowDiscount>
      <ItemStatus>1</ItemStatus>
      <ItemId>69110</ItemId>
    </Item>
    <Item>
      <PriceUpdateDate>2023-12-31 12:50:17</PriceUpdateDate>
      <ItemCode>16535</ItemCode>
      <ItemType>0</ItemType>
      <ItemName>גפילטע פיש 400 גר</ItemName>
      <ManufacturerName>,</ManufacturerName>
      <ManufactureCountry>לא ידוע</ManufactureCountry>
      <ManufacturerItemDescription>גפילטע פיש 400 גר</ManufacturerItemDescription>
      <UnitQty>גרמים</UnitQty>
      <Quantity>400.00</Quantity>
      <UnitOfMeasure>100 גרם</UnitOfMeasure>
      <bIsWeighted>0</bIsWeighted>
      <QtyInPackage>לא ידוע</QtyInPackage>
      <ItemPrice>49.90</ItemPrice>
      <UnitOfMeasurePrice>12.4750</UnitOfMeasurePrice>
      <AllowDiscount>1</AllowDiscount>
      <ItemStatus>1</ItemStatus>
      <ItemId>69200</ItemId>
    </Item>
    <Item>
      <PriceUpdateDate>2024-07-25 08:46:36</PriceUpdateDate>
      <ItemCode>4022025379035</ItemCode>
      <ItemType>1</ItemType>
      <ItemName>יין מבעבע בלו נאן רו</ItemName>
      <ManufacturerName>,</ManufacturerName>
      <ManufactureCountry>לא ידוע</ManufactureCountry>
      <ManufacturerItemDescription>יין מבעבע בלו נאן רוזה 750 מל</ManufacturerItemDescription>
      <UnitQty>מיליליטרים</UnitQty>
      <Quantity>750.00</Quantity>
      <UnitOfMeasure>100 מ"ל</UnitOfMeasure>
      <bIsWeighted>0</bIsWeighted>
      <QtyInPackage>12</QtyInPackage>
      <ItemPrice>49.90</ItemPrice>
      <UnitOfMeasurePrice>6.6533</UnitOfMeasurePrice>
      <AllowDiscount>1</AllowDiscount>
      <ItemStatus>1</ItemStatus>
      <ItemId>69273</ItemId>
    </Item>
    <Item>
      <PriceUpdateDate>2023-12-31 12:50:18</PriceUpdateDate>
      <ItemCode>4600080310400</ItemCode>
      <ItemType>1</ItemType>
      <ItemName>סוכ שוקולד גריליאז 2</ItemName>
      <ManufacturerName>,</ManufacturerName>
      <ManufactureCountry>לא ידוע</ManufactureCountry>
      <ManufacturerItemDescription>סוכ שוקולד גריליאז 200 גר</ManufacturerItemDescription>
      <UnitQty>גרמים</UnitQty>
      <Quantity>200.00</Quantity>
      <UnitOfMeasure>100 גרם</UnitOfMeasure>
      <bIsWeighted>0</bIsWeighted>
      <QtyInPackage>1</QtyInPackage>
      <ItemPrice>22.90</ItemPrice>
      <UnitOfMeasurePrice>11.4500</UnitOfMeasurePrice>
      <AllowDiscount>1</AllowDiscount>
      <ItemStatus>1</ItemStatus>
      <ItemId>69360</ItemId>
    </Item>
    <Item>
      <PriceUpdateDate>2025-07-15 09:39:21</PriceUpdateDate>
      <ItemCode>8007153006950</ItemCode>
      <ItemType>1</ItemType>
      <ItemName>שמן זית כתית מעולה 1</ItemName>
      <ManufacturerName>,</ManufacturerName>
      <ManufactureCountry>לא ידוע</ManufactureCountry>
      <ManufacturerItemDescription>שמן זית כתית מעולה 1 ל</ManufacturerItemDescription>
      <UnitQty>ליטרים</UnitQty>
      <Quantity>1.00</Quantity>
      <UnitOfMeasure>ליטר    </UnitOfMeasure>
      <bIsWeighted>0</bIsWeighted>
      <QtyInPackage>1</QtyInPackage>
      <ItemPrice>59.90</ItemPrice>
      <UnitOfMeasurePrice>59.9000</UnitOfMeasurePrice>
      <AllowDiscount>1</AllowDiscount>
      <ItemStatus>1</ItemStatus>
      <ItemId>69391</ItemId>
    </Item>
    <Item>
      <PriceUpdateDate>2025-07-15 09:39:21</PriceUpdateDate>
      <ItemCode>8007153006943</ItemCode>
      <ItemType>1</ItemType>
      <ItemName>שמן זית כתית מעולה 7</ItemName>
      <ManufacturerName>,</ManufacturerName>
      <ManufactureCountry>לא ידוע</ManufactureCountry>
      <ManufacturerItemDescription>שמן זית כתית מעולה 750 מל</ManufacturerItemDescription>
      <UnitQty>מיליליטרים</UnitQty>
      <Quantity>750.00</Quantity>
      <UnitOfMeasure>100 מ"ל</UnitOfMeasure>
      <bIsWeighted>0</bIsWeighted>
      <QtyInPackage>1</QtyInPackage>
      <ItemPrice>46.90</ItemPrice>
      <UnitOfMeasurePrice>6.2533</UnitOfMeasurePrice>
      <AllowDiscount>1</AllowDiscount>
      <ItemStatus>1</ItemStatus>
      <ItemId>69406</ItemId>
    </Item>
    <Item>
      <PriceUpdateDate>2025-02-17 08:33:15</PriceUpdateDate>
      <ItemCode>5413165430660</ItemCode>
      <ItemType>0</ItemType>
      <ItemName>קפה קלוי וטחון בטעם</ItemName>
      <ManufacturerName>,</ManufacturerName>
      <ManufactureCountry>לא ידוע</ManufactureCountry>
      <ManufacturerItemDescription>קפה קלוי וטחון בטעם דובדבן 125 גר</ManufacturerItemDescription>
      <UnitQty>גרמים</UnitQty>
      <Quantity>125.00</Quantity>
      <UnitOfMeasure>100 גרם</UnitOfMeasure>
      <bIsWeighted>0</bIsWeighted>
      <QtyInPackage>1</QtyInPackage>
      <ItemPrice>34.90</ItemPrice>
      <UnitOfMeasurePrice>27.9200</UnitOfMeasurePrice>
      <AllowDiscount>1</AllowDiscount>
      <ItemStatus>1</ItemStatus>
      <ItemId>69429</ItemId>
    </Item>
    <Item>
      <PriceUpdateDate>2025-02-17 08:33:15</PriceUpdateDate>
      <ItemCode>5413165430684</ItemCode>
      <ItemType>0</ItemType>
      <ItemName>קפה קלוי וטחון בטעם</ItemName>
      <ManufacturerName>,</ManufacturerName>
      <ManufactureCountry>לא ידוע</ManufactureCountry>
      <ManufacturerItemDescription>קפה קלוי וטחון בטעם קרמל 125 גר</ManufacturerItemDescription>
      <UnitQty>גרמים</UnitQty>
      <Quantity>125.00</Quantity>
      <UnitOfMeasure>100 גרם</UnitOfMeasure>
      <bIsWeighted>0</bIsWeighted>
      <QtyInPackage>1</QtyInPackage>
      <ItemPrice>34.90</ItemPrice>
      <UnitOfMeasurePrice>27.9200</UnitOfMeasurePrice>
      <AllowDiscount>1</AllowDiscount>
      <ItemStatus>1</ItemStatus>
      <ItemId>69431</ItemId>
    </Item>
    <Item>
      <PriceUpdateDate>2025-02-17 08:33:15</PriceUpdateDate>
      <ItemCode>5413165430608</ItemCode>
      <ItemType>0</ItemType>
      <ItemName>קפה קלוי וטחון בטעם</ItemName>
      <ManufacturerName>,</ManufacturerName>
      <ManufactureCountry>לא ידוע</ManufactureCountry>
      <ManufacturerItemDescription>קפה קלוי וטחון בטעם אמרטו 125 גר</ManufacturerItemDescription>
      <UnitQty>גרמים</UnitQty>
      <Quantity>125.00</Quantity>
      <UnitOfMeasure>100 גרם</UnitOfMeasure>
      <bIsWeighted>0</bIsWeighted>
      <QtyInPackage>1</QtyInPackage>
      <ItemPrice>34.90</ItemPrice>
      <UnitOfMeasurePrice>27.9200</UnitOfMeasurePrice>
      <AllowDiscount>1</AllowDiscount>
      <ItemStatus>1</ItemStatus>
      <ItemId>69432</ItemId>
    </Item>
    <Item>
      <PriceUpdateDate>2025-02-17 08:33:15</PriceUpdateDate>
      <ItemCode>5413165430226</ItemCode>
      <ItemType>0</ItemType>
      <ItemName>קפה קלוי וטחון בטעם</ItemName>
      <ManufacturerName>,</ManufacturerName>
      <ManufactureCountry>לא ידוע</ManufactureCountry>
      <ManufacturerItemDescription>קפה קלוי וטחון בטעם אייריש קרים 125 גר</ManufacturerItemDescription>
      <UnitQty>גרמים</UnitQty>
      <Quantity>125.00</Quantity>
      <UnitOfMeasure>100 גרם</UnitOfMeasure>
      <bIsWeighted>0</bIsWeighted>
      <QtyInPackage>1</QtyInPackage>
      <ItemPrice>34.90</ItemPrice>
      <UnitOfMeasurePrice>27.9200</UnitOfMeasurePrice>
      <AllowDiscount>1</AllowDiscount>
      <ItemStatus>1</ItemStatus>
      <ItemId>69433</ItemId>
    </Item>
    <Item>
      <PriceUpdateDate>2025-02-17 08:33:15</PriceUpdateDate>
      <ItemCode>5413165430844</ItemCode>
      <ItemType>0</ItemType>
      <ItemName>קפה קלוי וטחון בטעם</ItemName>
      <ManufacturerName>,</ManufacturerName>
      <ManufactureCountry>לא ידוע</ManufactureCountry>
      <ManufacturerItemDescription>קפה קלוי וטחון בטעם פלומביר פטל 125 גר</ManufacturerItemDescription>
      <UnitQty>גרמים</UnitQty>
      <Quantity>125.00</Quantity>
      <UnitOfMeasure>100 גרם</UnitOfMeasure>
      <bIsWeighted>0</bIsWeighted>
      <QtyInPackage>1</QtyInPackage>
      <ItemPrice>34.90</ItemPrice>
      <UnitOfMeasurePrice>27.9200</UnitOfMeasurePrice>
      <AllowDiscount>1</AllowDiscount>
      <ItemStatus>1</ItemStatus>
      <ItemId>69434</ItemId>
    </Item>
    <Item>
      <PriceUpdateDate>2025-02-17 08:33:15</PriceUpdateDate>
      <ItemCode>5413165430615</ItemCode>
      <ItemType>0</ItemType>
      <ItemName>קפה קלוי וטחון בטעם</ItemName>
      <ManufacturerName>,</ManufacturerName>
      <ManufactureCountry>לא ידוע</ManufactureCountry>
      <ManufacturerItemDescription>קפה קלוי וטחון בטעם אגוז  125 גר</ManufacturerItemDescription>
      <UnitQty>גרמים</UnitQty>
      <Quantity>125.00</Quantity>
      <UnitOfMeasure>100 גרם</UnitOfMeasure>
      <bIsWeighted>0</bIsWeighted>
      <QtyInPackage>1</QtyInPackage>
      <ItemPrice>34.90</ItemPrice>
      <UnitOfMeasurePrice>27.9200</UnitOfMeasurePrice>
      <AllowDiscount>1</AllowDiscount>
      <ItemStatus>1</ItemStatus>
      <ItemId>69435</ItemId>
    </Item>
    <Item>
      <PriceUpdateDate>2025-02-17 08:33:15</PriceUpdateDate>
      <ItemCode>5413165430851</ItemCode>
      <ItemType>0</ItemType>
      <ItemName>קפה קלוי וטחון בטעם</ItemName>
      <ManufacturerName>,</ManufacturerName>
      <ManufactureCountry>לא ידוע</ManufactureCountry>
      <ManufacturerItemDescription>קפה קלוי וטחון בטעם שוקולד 125 גר</ManufacturerItemDescription>
      <UnitQty>גרמים</UnitQty>
      <Quantity>125.00</Quantity>
      <UnitOfMeasure>100 גרם</UnitOfMeasure>
      <bIsWeighted>0</bIsWeighted>
      <QtyInPackage>1</QtyInPackage>
      <ItemPrice>34.90</ItemPrice>
      <UnitOfMeasurePrice>27.9200</UnitOfMeasurePrice>
      <AllowDiscount>1</AllowDiscount>
      <ItemStatus>1</ItemStatus>
      <ItemId>69437</ItemId>
    </Item>
    <Item>
      <PriceUpdateDate>2025-04-01 17:47:35</PriceUpdateDate>
      <ItemCode>4820229031311</ItemCode>
      <ItemType>1</ItemType>
      <ItemName>וודקה חורטיצה פלטינו</ItemName>
      <ManufacturerName>,</ManufacturerName>
      <ManufactureCountry>לא ידוע</ManufactureCountry>
      <ManufacturerItemDescription>וודקה חורטיצה פלטינום 700 מ"ל</ManufacturerItemDescription>
      <UnitQty>מיליליטרים</UnitQty>
      <Quantity>700.00</Quantity>
      <UnitOfMeasure>100 מ"ל</UnitOfMeasure>
      <bIsWeighted>0</bIsWeighted>
      <QtyInPackage>1</QtyInPackage>
      <ItemPrice>62.90</ItemPrice>
      <UnitOfMeasurePrice>8.9857</UnitOfMeasurePrice>
      <AllowDiscount>1</AllowDiscount>
      <ItemStatus>1</ItemStatus>
      <ItemId>69460</ItemId>
    </Item>
    <Item>
      <PriceUpdateDate>2024-09-02 10:50:43</PriceUpdateDate>
      <ItemCode>1961</ItemCode>
      <ItemType>0</ItemType>
      <ItemName>שפק מעושן גוש בואקום</ItemName>
      <ManufacturerName>,</ManufacturerName>
      <ManufactureCountry>לא ידוע</ManufactureCountry>
      <ManufacturerItemDescription>שפק מעושן גוש בואקום</ManufacturerItemDescription>
      <UnitQty>קילוגרמים</UnitQty>
      <Quantity>1.00</Quantity>
      <UnitOfMeasure>ק"ג</UnitOfMeasure>
      <bIsWeighted>1</bIsWeighted>
      <QtyInPackage>לא ידוע</QtyInPackage>
      <ItemPrice>169.00</ItemPrice>
      <UnitOfMeasurePrice>169.0000</UnitOfMeasurePrice>
      <AllowDiscount>1</AllowDiscount>
      <ItemStatus>1</ItemStatus>
      <ItemId>69468</ItemId>
    </Item>
    <Item>
      <PriceUpdateDate>2023-12-31 12:50:18</PriceUpdateDate>
      <ItemCode>1913</ItemCode>
      <ItemType>0</ItemType>
      <ItemName>פסטרמה לבנה מעושנת ב</ItemName>
      <ManufacturerName>,</ManufacturerName>
      <ManufactureCountry>לא ידוע</ManufactureCountry>
      <ManufacturerItemDescription>פסטרמה לבנה מעושנת בואקום</ManufacturerItemDescription>
      <UnitQty>קילוגרמים</UnitQty>
      <Quantity>1.00</Quantity>
      <UnitOfMeasure>ק"ג</UnitOfMeasure>
      <bIsWeighted>1</bIsWeighted>
      <QtyInPackage>לא ידוע</QtyInPackage>
      <ItemPrice>119.00</ItemPrice>
      <UnitOfMeasurePrice>119.0000</UnitOfMeasurePrice>
      <AllowDiscount>1</AllowDiscount>
      <ItemStatus>1</ItemStatus>
      <ItemId>69470</ItemId>
    </Item>
    <Item>
      <PriceUpdateDate>2024-09-02 10:50:43</PriceUpdateDate>
      <ItemCode>1943</ItemCode>
      <ItemType>0</ItemType>
      <ItemName>נקניק אודסקיה אישי ב</ItemName>
      <ManufacturerName>,</ManufacturerName>
      <ManufactureCountry>לא ידוע</ManufactureCountry>
      <ManufacturerItemDescription>נקניק אודסקיה אישי בואקום</ManufacturerItemDescription>
      <UnitQty>קילוגרמים</UnitQty>
      <Quantity>1.00</Quantity>
      <UnitOfMeasure>ק"ג</UnitOfMeasure>
      <bIsWeighted>1</bIsWeighted>
      <QtyInPackage>לא ידוע</QtyInPackage>
      <ItemPrice>99.00</ItemPrice>
      <UnitOfMeasurePrice>99.0000</UnitOfMeasurePrice>
      <AllowDiscount>1</AllowDiscount>
      <ItemStatus>1</ItemStatus>
      <ItemId>69471</ItemId>
    </Item>
    <Item>
      <PriceUpdateDate>2024-09-02 10:50:43</PriceUpdateDate>
      <ItemCode>1840</ItemCode>
      <ItemType>0</ItemType>
      <ItemName>נקניקיות שמנת אישי ב</ItemName>
      <ManufacturerName>,</ManufacturerName>
      <ManufactureCountry>לא ידוע</ManufactureCountry>
      <ManufacturerItemDescription>נקניקיות שמנת אישי בוואקום של דימוב</ManufacturerItemDescription>
      <UnitQty>קילוגרמים</UnitQty>
      <Quantity>1.00</Quantity>
      <UnitOfMeasure>ק"ג</UnitOfMeasure>
      <bIsWeighted>1</bIsWeighted>
      <QtyInPackage>לא ידוע</QtyInPackage>
      <ItemPrice>99.00</ItemPrice>
      <UnitOfMeasurePrice>99.0000</UnitOfMeasurePrice>
      <AllowDiscount>1</AllowDiscount>
      <ItemStatus>1</ItemStatus>
      <ItemId>69472</ItemId>
    </Item>
    <Item>
      <PriceUpdateDate>2024-03-17 09:04:12</PriceUpdateDate>
      <ItemCode>4750616006564</ItemCode>
      <ItemType>1</ItemType>
      <ItemName>סרדינים על הגריל בשמ</ItemName>
      <ManufacturerName>,</ManufacturerName>
      <ManufactureCountry>לטביה</ManufactureCountry>
      <ManufacturerItemDescription>סרדינים על הגריל בשמן זית 190 גר</ManufacturerItemDescription>
      <UnitQty>גרמים</UnitQty>
      <Quantity>190.00</Quantity>
      <UnitOfMeasure>100 גרם</UnitOfMeasure>
      <bIsWeighted>0</bIsWeighted>
      <QtyInPackage>48</QtyInPackage>
      <ItemPrice>13.90</ItemPrice>
      <UnitOfMeasurePrice>7.3158</UnitOfMeasurePrice>
      <AllowDiscount>1</AllowDiscount>
      <ItemStatus>1</ItemStatus>
      <ItemId>69478</ItemId>
    </Item>
    <Item>
      <PriceUpdateDate>2024-03-17 09:04:12</PriceUpdateDate>
      <ItemCode>4750616006588</ItemCode>
      <ItemType>1</ItemType>
      <ItemName>סרדינים על הגריל עם</ItemName>
      <ManufacturerName>,</ManufacturerName>
      <ManufactureCountry>לטביה</ManufactureCountry>
      <ManufacturerItemDescription>סרדינים על הגריל עם לימון בשמן זית 190 ג</ManufacturerItemDescription>
      <UnitQty>גרמים</UnitQty>
      <Quantity>190.00</Quantity>
      <UnitOfMeasure>100 גרם</UnitOfMeasure>
      <bIsWeighted>0</bIsWeighted>
      <QtyInPackage>48</QtyInPackage>
      <ItemPrice>13.90</ItemPrice>
      <UnitOfMeasurePrice>7.3158</UnitOfMeasurePrice>
      <AllowDiscount>1</AllowDiscount>
      <ItemStatus>1</ItemStatus>
      <ItemId>69479</ItemId>
    </Item>
    <Item>
      <PriceUpdateDate>2025-11-06 09:07:21</PriceUpdateDate>
      <ItemCode>4823105818785</ItemCode>
      <ItemType>1</ItemType>
      <ItemName>ממתקים ענק קריסמיס ר</ItemName>
      <ManufacturerName>,</ManufacturerName>
      <ManufactureCountry>לא ידוע</ManufactureCountry>
      <ManufacturerItemDescription>ממתקים ענק קריסמיס רכבת מס 5 750 גר</ManufacturerItemDescription>
      <UnitQty>גרמים</UnitQty>
      <Quantity>750.00</Quantity>
      <UnitOfMeasure>100 גרם</UnitOfMeasure>
      <bIsWeighted>0</bIsWeighted>
      <QtyInPackage>1</QtyInPackage>
      <ItemPrice>129.90</ItemPrice>
      <UnitOfMeasurePrice>17.3200</UnitOfMeasurePrice>
      <AllowDiscount>1</AllowDiscount>
      <ItemStatus>1</ItemStatus>
      <ItemId>102587</ItemId>
    </Item>
    <Item>
      <PriceUpdateDate>2023-12-31 12:50:20</PriceUpdateDate>
      <ItemCode>4891130005111</ItemCode>
      <ItemType>1</ItemType>
      <ItemName>רוטב הוייסן 360 גר</ItemName>
      <ManufacturerName>,</ManufacturerName>
      <ManufactureCountry>לא ידוע</ManufactureCountry>
      <ManufacturerItemDescription>רוטב הוייסן 360 גר</ManufacturerItemDescription>
      <UnitQty>גרמים</UnitQty>
      <Quantity>360.00</Quantity>
      <UnitOfMeasure>100 גרם</UnitOfMeasure>
      <bIsWeighted>0</bIsWeighted>
      <QtyInPackage>1</QtyInPackage>
      <ItemPrice>19.90</ItemPrice>
      <UnitOfMeasurePrice>5.5278</UnitOfMeasurePrice>
      <AllowDiscount>1</AllowDiscount>
      <ItemStatus>1</ItemStatus>
      <ItemId>69659</ItemId>
    </Item>
    <Item>
      <PriceUpdateDate>2025-08-24 11:51:20</PriceUpdateDate>
      <ItemCode>7290015839051</ItemCode>
      <ItemType>1</ItemType>
      <ItemName>שטרודל תפוחים ללא תו</ItemName>
      <ManufacturerName>,</ManufacturerName>
      <ManufactureCountry>לא ידוע</ManufactureCountry>
      <ManufacturerItemDescription>שטרודל תפוחים ללא תוספת סוכר קפוא 500 גר</ManufacturerItemDescription>
      <UnitQty>גרמים</UnitQty>
      <Quantity>500.00</Quantity>
      <UnitOfMeasure>100 גרם</UnitOfMeasure>
      <bIsWeighted>0</bIsWeighted>
      <QtyInPackage>1</QtyInPackage>
      <ItemPrice>39.90</ItemPrice>
      <UnitOfMeasurePrice>7.9800</UnitOfMeasurePrice>
      <AllowDiscount>1</AllowDiscount>
      <ItemStatus>1</ItemStatus>
      <ItemId>69672</ItemId>
    </Item>
    <Item>
      <PriceUpdateDate>2023-12-31 12:50:20</PriceUpdateDate>
      <ItemCode>8855301214463</ItemCode>
      <ItemType>1</ItemType>
      <ItemName>שימורי דג מקרל במי מ</ItemName>
      <ManufacturerName>גולדן פריזה קנינג</ManufacturerName>
      <ManufactureCountry>לא ידוע</ManufactureCountry>
      <ManufacturerItemDescription>שימורי דג מקרל במי מלח 240 גר</ManufacturerItemDescription>
      <UnitQty>גרמים</UnitQty>
      <Quantity>240.00</Quantity>
      <UnitOfMeasure>100 גרם</UnitOfMeasure>
      <bIsWeighted>0</bIsWeighted>
      <QtyInPackage>24</QtyInPackage>
      <ItemPrice>8.90</ItemPrice>
      <UnitOfMeasurePrice>3.7083</UnitOfMeasurePrice>
      <AllowDiscount>1</AllowDiscount>
      <ItemStatus>1</ItemStatus>
      <ItemId>69680</ItemId>
    </Item>
    <Item>
      <PriceUpdateDate>2024-11-22 08:30:50</PriceUpdateDate>
      <ItemCode>8855301214418</ItemCode>
      <ItemType>1</ItemType>
      <ItemName>סרדינים בשמן צמחי 24</ItemName>
      <ManufacturerName>גולדן פריזה קנינג</ManufacturerName>
      <ManufactureCountry>לא ידוע</ManufactureCountry>
      <ManufacturerItemDescription>שימורי סרדינים  בשמן צמחי 240 גר</ManufacturerItemDescription>
      <UnitQty>גרמים</UnitQty>
      <Quantity>240.00</Quantity>
      <UnitOfMeasure>100 גרם</UnitOfMeasure>
      <bIsWeighted>0</bIsWeighted>
      <QtyInPackage>1</QtyInPackage>
      <ItemPrice>9.90</ItemPrice>
      <UnitOfMeasurePrice>4.1250</UnitOfMeasurePrice>
      <AllowDiscount>1</AllowDiscount>
      <ItemStatus>1</ItemStatus>
      <ItemId>69684</ItemId>
    </Item>
    <Item>
      <PriceUpdateDate>2025-08-12 12:29:44</PriceUpdateDate>
      <ItemCode>4820046962829</ItemCode>
      <ItemType>0</ItemType>
      <ItemName>בירה כהה בוצקובויה 4</ItemName>
      <ManufacturerName>,</ManufacturerName>
      <ManufactureCountry>לא ידוע</ManufactureCountry>
      <ManufacturerItemDescription>בירה כהה בוצקובויה 4.3% 500 מל לא מסונ</ManufacturerItemDescription>
      <UnitQty>מיליליטרים</UnitQty>
      <Quantity>500.00</Quantity>
      <UnitOfMeasure>100 מ"ל</UnitOfMeasure>
      <bIsWeighted>0</bIsWeighted>
      <QtyInPackage>20</QtyInPackage>
      <ItemPrice>11.90</ItemPrice>
      <UnitOfMeasurePrice>2.3800</UnitOfMeasurePrice>
      <AllowDiscount>1</AllowDiscount>
      <ItemStatus>1</ItemStatus>
      <ItemId>69744</ItemId>
    </Item>
    <Item>
      <PriceUpdateDate>2023-12-31 12:50:23</PriceUpdateDate>
      <ItemCode>4810278003995</ItemCode>
      <ItemType>1</ItemType>
      <ItemName>חליטת פירות וצמחים S</ItemName>
      <ManufacturerName>,</ManufacturerName>
      <ManufactureCountry>לא ידוע</ManufactureCountry>
      <ManufacturerItemDescription>חליטת פירות וצמחים SWEET GINGER</ManufacturerItemDescription>
      <UnitQty>Unknown </UnitQty>
      <Quantity>0.00</Quantity>
      <UnitOfMeasure>Unknown </UnitOfMeasure>
      <bIsWeighted>0</bIsWeighted>
      <QtyInPackage>1</QtyInPackage>
      <ItemPrice>11.90</ItemPrice>
      <UnitOfMeasurePrice>0.0000</UnitOfMeasurePrice>
      <AllowDiscount>1</AllowDiscount>
      <ItemStatus>1</ItemStatus>
      <ItemId>70086</ItemId>
    </Item>
    <Item>
      <PriceUpdateDate>2023-12-31 12:50:23</PriceUpdateDate>
      <ItemCode>4810278003568</ItemCode>
      <ItemType>1</ItemType>
      <ItemName>חליטת צמחים קמומיל 2</ItemName>
      <ManufacturerName>,</ManufacturerName>
      <ManufactureCountry>לא ידוע</ManufactureCountry>
      <ManufacturerItemDescription>חליטת צמחים קמומיל 20 שק</ManufacturerItemDescription>
      <UnitQty>Unknown </UnitQty>
      <Quantity>0.00</Quantity>
      <UnitOfMeasure>Unknown </UnitOfMeasure>
      <bIsWeighted>0</bIsWeighted>
      <QtyInPackage>24</QtyInPackage>
      <ItemPrice>10.90</ItemPrice>
      <UnitOfMeasurePrice>0.0000</UnitOfMeasurePrice>
      <AllowDiscount>1</AllowDiscount>
      <ItemStatus>1</ItemStatus>
      <ItemId>70100</ItemId>
    </Item>
    <Item>
      <PriceUpdateDate>2024-05-06 19:50:16</PriceUpdateDate>
      <ItemCode>8008620063056</ItemCode>
      <ItemType>1</ItemType>
      <ItemName>קריץ קרקר עגבניות וב</ItemName>
      <ManufacturerName>,</ManufacturerName>
      <ManufactureCountry>לא ידוע</ManufactureCountry>
      <ManufacturerItemDescription>קריץ קרקר עגבניות ובזיליקום 250 גר</ManufacturerItemDescription>
      <UnitQty>גרמים</UnitQty>
      <Quantity>250.00</Quantity>
      <UnitOfMeasure>100 גרם</UnitOfMeasure>
      <bIsWeighted>0</bIsWeighted>
      <QtyInPackage>12</QtyInPackage>
      <ItemPrice>11.90</ItemPrice>
      <UnitOfMeasurePrice>4.7600</UnitOfMeasurePrice>
      <AllowDiscount>1</AllowDiscount>
      <ItemStatus>1</ItemStatus>
      <ItemId>70467</ItemId>
    </Item>
    <Item>
      <PriceUpdateDate>2024-10-20 16:24:20</PriceUpdateDate>
      <ItemCode>8003115852603</ItemCode>
      <ItemType>1</ItemType>
      <ItemName>פנדורו סוויט איטלי 7</ItemName>
      <ManufacturerName>,</ManufacturerName>
      <ManufactureCountry>לא ידוע</ManufactureCountry>
      <ManufacturerItemDescription>פנדורו סוויט איטלי 750 גר</ManufacturerItemDescription>
      <UnitQty>גרמים</UnitQty>
      <Quantity>750.00</Quantity>
      <UnitOfMeasure>100 גרם</UnitOfMeasure>
      <bIsWeighted>0</bIsWeighted>
      <QtyInPackage>12</QtyInPackage>
      <ItemPrice>54.90</ItemPrice>
      <UnitOfMeasurePrice>7.3200</UnitOfMeasurePrice>
      <AllowDiscount>1</AllowDiscount>
      <ItemStatus>1</ItemStatus>
      <ItemId>70484</ItemId>
    </Item>
    <Item>
      <PriceUpdateDate>2023-12-31 12:50:26</PriceUpdateDate>
      <ItemCode>4820198874582</ItemCode>
      <ItemType>1</ItemType>
      <ItemName>תערובת תה פירות ופרח</ItemName>
      <ManufacturerName>,</ManufacturerName>
      <ManufactureCountry>לא ידוע</ManufactureCountry>
      <ManufacturerItemDescription>תערובת תה פירות ופרחים ניחוח דובדבן ותות</ManufacturerItemDescription>
      <UnitQty>גרמים</UnitQty>
      <Quantity>30.00</Quantity>
      <UnitOfMeasure>100 גרם</UnitOfMeasure>
      <bIsWeighted>0</bIsWeighted>
      <QtyInPackage>1</QtyInPackage>
      <ItemPrice>9.90</ItemPrice>
      <UnitOfMeasurePrice>33.0000</UnitOfMeasurePrice>
      <AllowDiscount>1</AllowDiscount>
      <ItemStatus>1</ItemStatus>
      <ItemId>70508</ItemId>
    </Item>
    <Item>
      <PriceUpdateDate>2023-12-31 12:50:26</PriceUpdateDate>
      <ItemCode>4820198874612</ItemCode>
      <ItemType>1</ItemType>
      <ItemName>תערובת תה פירות ופרח</ItemName>
      <ManufacturerName>,</ManufacturerName>
      <ManufactureCountry>לא ידוע</ManufactureCountry>
      <ManufacturerItemDescription>תערובת תה פירות ופרחים ניחוח תותי בר</ManufacturerItemDescription>
      <UnitQty>גרמים</UnitQty>
      <Quantity>30.00</Quantity>
      <UnitOfMeasure>100 גרם</UnitOfMeasure>
      <bIsWeighted>0</bIsWeighted>
      <QtyInPackage>1</QtyInPackage>
      <ItemPrice>9.90</ItemPrice>
      <UnitOfMeasurePrice>33.0000</UnitOfMeasurePrice>
      <AllowDiscount>1</AllowDiscount>
      <ItemStatus>1</ItemStatus>
      <ItemId>70509</ItemId>
    </Item>
    <Item>
      <PriceUpdateDate>2024-11-22 08:30:13</PriceUpdateDate>
      <ItemCode>4820097815556</ItemCode>
      <ItemType>1</ItemType>
      <ItemName>תערובת תה עם חומרי ג</ItemName>
      <ManufacturerName>MALBI CHOCOLATE</ManufacturerName>
      <ManufactureCountry>לא ידוע</ManufactureCountry>
      <ManufacturerItemDescription>תערובת תה עם חומרי גלם צמחים ניחוח תותי</ManufacturerItemDescription>
      <UnitQty>גרמים</UnitQty>
      <Quantity>80.00</Quantity>
      <UnitOfMeasure>100 גרם</UnitOfMeasure>
      <bIsWeighted>0</bIsWeighted>
      <QtyInPackage>1</QtyInPackage>
      <ItemPrice>17.90</ItemPrice>
      <UnitOfMeasurePrice>22.3750</UnitOfMeasurePrice>
      <AllowDiscount>1</AllowDiscount>
      <ItemStatus>1</ItemStatus>
      <ItemId>70511</ItemId>
    </Item>
    <Item>
      <PriceUpdateDate>2023-12-31 12:50:26</PriceUpdateDate>
      <ItemCode>4601780011048</ItemCode>
      <ItemType>1</ItemType>
      <ItemName>אטריות טבעות 400 גר</ItemName>
      <ManufacturerName>מקפה</ManufacturerName>
      <ManufactureCountry>לא ידוע</ManufactureCountry>
      <ManufacturerItemDescription>אטריות טבעות 400 גר</ManufacturerItemDescription>
      <UnitQty>גרמים</UnitQty>
      <Quantity>400.00</Quantity>
      <UnitOfMeasure>100 גרם</UnitOfMeasure>
      <bIsWeighted>0</bIsWeighted>
      <QtyInPackage>1</QtyInPackage>
      <ItemPrice>7.90</ItemPrice>
      <UnitOfMeasurePrice>1.9750</UnitOfMeasurePrice>
      <AllowDiscount>1</AllowDiscount>
      <ItemStatus>1</ItemStatus>
      <ItemId>70514</ItemId>
    </Item>
    <Item>
      <PriceUpdateDate>2023-12-31 12:50:27</PriceUpdateDate>
      <ItemCode>4770190133210</ItemCode>
      <ItemType>1</ItemType>
      <ItemName>מקלות סורימי עם בשר</ItemName>
      <ManufacturerName>,</ManufacturerName>
      <ManufactureCountry>לא ידוע</ManufactureCountry>
      <ManufacturerItemDescription>מקלות סורימי עם בשר סרטן ים 200 גר</ManufacturerItemDescription>
      <UnitQty>גרמים</UnitQty>
      <Quantity>200.00</Quantity>
      <UnitOfMeasure>100 גרם</UnitOfMeasure>
      <bIsWeighted>0</bIsWeighted>
      <QtyInPackage>14</QtyInPackage>
      <ItemPrice>17.90</ItemPrice>
      <UnitOfMeasurePrice>8.9500</UnitOfMeasurePrice>
      <AllowDiscount>1</AllowDiscount>
      <ItemStatus>1</ItemStatus>
      <ItemId>70564</ItemId>
    </Item>
    <Item>
      <PriceUpdateDate>2025-11-06 09:05:13</PriceUpdateDate>
      <ItemCode>4607005402998</ItemCode>
      <ItemType>1</ItemType>
      <ItemName>סט ממתקי שוקולד מתנה</ItemName>
      <ManufacturerName>,</ManufacturerName>
      <ManufactureCountry>לא ידוע</ManufactureCountry>
      <ManufacturerItemDescription>סט ממתקי שוקולד מתנה כריסמס 100 גר</ManufacturerItemDescription>
      <UnitQty>גרמים</UnitQty>
      <Quantity>100.00</Quantity>
      <UnitOfMeasure>100 גרם</UnitOfMeasure>
      <bIsWeighted>0</bIsWeighted>
      <QtyInPackage>12</QtyInPackage>
      <ItemPrice>17.90</ItemPrice>
      <UnitOfMeasurePrice>17.9000</UnitOfMeasurePrice>
      <AllowDiscount>1</AllowDiscount>
      <ItemStatus>1</ItemStatus>
      <ItemId>70656</ItemId>
    </Item>
    <Item>
      <PriceUpdateDate>2023-12-31 12:50:27</PriceUpdateDate>
      <ItemCode>20504</ItemCode>
      <ItemType>0</ItemType>
      <ItemName>לחם מינסקי 600 גר</ItemName>
      <ManufacturerName>,</ManufacturerName>
      <ManufactureCountry>לא ידוע</ManufactureCountry>
      <ManufacturerItemDescription>לחם מינסקי 600  גר</ManufacturerItemDescription>
      <UnitQty>גרמים</UnitQty>
      <Quantity>600.00</Quantity>
      <UnitOfMeasure>100 גרם</UnitOfMeasure>
      <bIsWeighted>0</bIsWeighted>
      <QtyInPackage>1</QtyInPackage>
      <ItemPrice>19.90</ItemPrice>
      <UnitOfMeasurePrice>3.3167</UnitOfMeasurePrice>
      <AllowDiscount>1</AllowDiscount>
      <ItemStatus>1</ItemStatus>
      <ItemId>70686</ItemId>
    </Item>
    <Item>
      <PriceUpdateDate>2024-07-07 11:22:28</PriceUpdateDate>
      <ItemCode>7290018724804</ItemCode>
      <ItemType>1</ItemType>
      <ItemName>זרעי ציה 230 גר נטור</ItemName>
      <ManufacturerName>,</ManufacturerName>
      <ManufactureCountry>לא ידוע</ManufactureCountry>
      <ManufacturerItemDescription>זרעי ציה 230 גר נטורל</ManufacturerItemDescription>
      <UnitQty>גרמים</UnitQty>
      <Quantity>230.00</Quantity>
      <UnitOfMeasure>100 גרם</UnitOfMeasure>
      <bIsWeighted>0</bIsWeighted>
      <QtyInPackage>1</QtyInPackage>
      <ItemPrice>14.90</ItemPrice>
      <UnitOfMeasurePrice>6.4783</UnitOfMeasurePrice>
      <AllowDiscount>1</AllowDiscount>
      <ItemStatus>1</ItemStatus>
      <ItemId>70726</ItemId>
    </Item>
    <Item>
      <PriceUpdateDate>2025-08-03 11:15:19</PriceUpdateDate>
      <ItemCode>8005110002243</ItemCode>
      <ItemType>1</ItemType>
      <ItemName>רכז עגבניות מוטי בשפ</ItemName>
      <ManufacturerName>,</ManufacturerName>
      <ManufactureCountry>לא ידוע</ManufactureCountry>
      <ManufacturerItemDescription>רכז עגבניות מוטי בשפופרת 185 גר</ManufacturerItemDescription>
      <UnitQty>גרמים</UnitQty>
      <Quantity>185.00</Quantity>
      <UnitOfMeasure>100 גרם</UnitOfMeasure>
      <bIsWeighted>0</bIsWeighted>
      <QtyInPackage>24</QtyInPackage>
      <ItemPrice>11.90</ItemPrice>
      <UnitOfMeasurePrice>6.4324</UnitOfMeasurePrice>
      <AllowDiscount>1</AllowDiscount>
      <ItemStatus>1</ItemStatus>
      <ItemId>70761</ItemId>
    </Item>
    <Item>
      <PriceUpdateDate>2024-11-27 12:31:34</PriceUpdateDate>
      <ItemCode>7290001361733</ItemCode>
      <ItemType>1</ItemType>
      <ItemName>עוגת פס אלפחורס נטלי</ItemName>
      <ManufacturerName>,</ManufacturerName>
      <ManufactureCountry>לא ידוע</ManufactureCountry>
      <ManufacturerItemDescription>עוגת פס אלפחורס נטלי 550 גר</ManufacturerItemDescription>
      <UnitQty>גרמים</UnitQty>
      <Quantity>550.00</Quantity>
      <UnitOfMeasure>100 גרם</UnitOfMeasure>
      <bIsWeighted>0</bIsWeighted>
      <QtyInPackage>1</QtyInPackage>
      <ItemPrice>52.90</ItemPrice>
      <UnitOfMeasurePrice>9.6182</UnitOfMeasurePrice>
      <AllowDiscount>1</AllowDiscount>
      <ItemStatus>1</ItemStatus>
      <ItemId>70773</ItemId>
    </Item>
    <Item>
      <PriceUpdateDate>2024-11-27 12:31:34</PriceUpdateDate>
      <ItemCode>7290001361436</ItemCode>
      <ItemType>1</ItemType>
      <ItemName>עוגת פס שמנת סמטניק</ItemName>
      <ManufacturerName>,</ManufacturerName>
      <ManufactureCountry>לא ידוע</ManufactureCountry>
      <ManufacturerItemDescription>עוגת פס שמנת סמטניק נטלי 550 גר</ManufacturerItemDescription>
      <UnitQty>גרמים</UnitQty>
      <Quantity>550.00</Quantity>
      <UnitOfMeasure>100 גרם</UnitOfMeasure>
      <bIsWeighted>0</bIsWeighted>
      <QtyInPackage>1</QtyInPackage>
      <ItemPrice>52.90</ItemPrice>
      <UnitOfMeasurePrice>9.6182</UnitOfMeasurePrice>
      <AllowDiscount>1</AllowDiscount>
      <ItemStatus>1</ItemStatus>
      <ItemId>70774</ItemId>
    </Item>
    <Item>
      <PriceUpdateDate>2024-07-22 08:37:06</PriceUpdateDate>
      <ItemCode>8007153034120</ItemCode>
      <ItemType>1</ItemType>
      <ItemName>שמן זרעי ענבים פרציו</ItemName>
      <ManufacturerName>,</ManufacturerName>
      <ManufactureCountry>לא ידוע</ManufactureCountry>
      <ManufacturerItemDescription>שמן זרעי ענבים פרציוני 500 מל</ManufacturerItemDescription>
      <UnitQty>מיליליטרים</UnitQty>
      <Quantity>500.00</Quantity>
      <UnitOfMeasure>100 מ"ל</UnitOfMeasure>
      <bIsWeighted>0</bIsWeighted>
      <QtyInPackage>1</QtyInPackage>
      <ItemPrice>29.90</ItemPrice>
      <UnitOfMeasurePrice>5.9800</UnitOfMeasurePrice>
      <AllowDiscount>1</AllowDiscount>
      <ItemStatus>1</ItemStatus>
      <ItemId>70808</ItemId>
    </Item>
    <Item>
      <PriceUpdateDate>2023-12-31 12:50:28</PriceUpdateDate>
      <ItemCode>8007153034113</ItemCode>
      <ItemType>1</ItemType>
      <ItemName>שמן זרעי ענבים פרציו</ItemName>
      <ManufacturerName>,</ManufacturerName>
      <ManufactureCountry>לא ידוע</ManufactureCountry>
      <ManufacturerItemDescription>שמן זרעי ענבים פרציוני 1 ל</ManufacturerItemDescription>
      <UnitQty>ליטרים</UnitQty>
      <Quantity>1.00</Quantity>
      <UnitOfMeasure>ליטר    </UnitOfMeasure>
      <bIsWeighted>0</bIsWeighted>
      <QtyInPackage>1</QtyInPackage>
      <ItemPrice>49.90</ItemPrice>
      <UnitOfMeasurePrice>49.9000</UnitOfMeasurePrice>
      <AllowDiscount>1</AllowDiscount>
      <ItemStatus>1</ItemStatus>
      <ItemId>70809</ItemId>
    </Item>
    <Item>
      <PriceUpdateDate>2025-03-06 18:45:36</PriceUpdateDate>
      <ItemCode>7290018749012</ItemCode>
      <ItemType>1</ItemType>
      <ItemName>כיסונים עבודת יד סבת</ItemName>
      <ManufacturerName>,</ManufacturerName>
      <ManufactureCountry>לא ידוע</ManufactureCountry>
      <ManufacturerItemDescription>כיסונים עבודת יד סבתא 600 גר</ManufacturerItemDescription>
      <UnitQty>גרמים</UnitQty>
      <Quantity>600.00</Quantity>
      <UnitOfMeasure>100 גרם</UnitOfMeasure>
      <bIsWeighted>0</bIsWeighted>
      <QtyInPackage>1</QtyInPackage>
      <ItemPrice>36.90</ItemPrice>
      <UnitOfMeasurePrice>6.1500</UnitOfMeasurePrice>
      <AllowDiscount>1</AllowDiscount>
      <ItemStatus>1</ItemStatus>
      <ItemId>70880</ItemId>
    </Item>
    <Item>
      <PriceUpdateDate>2023-12-31 12:50:29</PriceUpdateDate>
      <ItemCode>8717545620236</ItemCode>
      <ItemType>0</ItemType>
      <ItemName>גבינה אולד אמסטרדם י</ItemName>
      <ManufacturerName>,</ManufacturerName>
      <ManufactureCountry>לא ידוע</ManufactureCountry>
      <ManufacturerItemDescription>גבינה אולד אמסטרדם ירוק פרוס 150 גר</ManufacturerItemDescription>
      <UnitQty>גרמים</UnitQty>
      <Quantity>150.00</Quantity>
      <UnitOfMeasure>100 גרם</UnitOfMeasure>
      <bIsWeighted>0</bIsWeighted>
      <QtyInPackage>לא ידוע</QtyInPackage>
      <ItemPrice>39.90</ItemPrice>
      <UnitOfMeasurePrice>26.6000</UnitOfMeasurePrice>
      <AllowDiscount>1</AllowDiscount>
      <ItemStatus>1</ItemStatus>
      <ItemId>71042</ItemId>
    </Item>
    <Item>
      <PriceUpdateDate>2023-12-31 12:50:29</PriceUpdateDate>
      <ItemCode>8717545623077</ItemCode>
      <ItemType>0</ItemType>
      <ItemName>גבינה אולד אמסטרדם א</ItemName>
      <ManufacturerName>,</ManufacturerName>
      <ManufactureCountry>לא ידוע</ManufactureCountry>
      <ManufacturerItemDescription>גבינה אולד אמסטרדם אדום פרוס 150 גר</ManufacturerItemDescription>
      <UnitQty>גרמים</UnitQty>
      <Quantity>150.00</Quantity>
      <UnitOfMeasure>100 גרם</UnitOfMeasure>
      <bIsWeighted>0</bIsWeighted>
      <QtyInPackage>לא ידוע</QtyInPackage>
      <ItemPrice>36.90</ItemPrice>
      <UnitOfMeasurePrice>24.6000</UnitOfMeasurePrice>
      <AllowDiscount>1</AllowDiscount>
      <ItemStatus>1</ItemStatus>
      <ItemId>71043</ItemId>
    </Item>
    <Item>
      <PriceUpdateDate>2023-12-31 12:50:29</PriceUpdateDate>
      <ItemCode>8710243961533</ItemCode>
      <ItemType>0</ItemType>
      <ItemName>חטיף אולד אמסטרדם לב</ItemName>
      <ManufacturerName>,</ManufacturerName>
      <ManufactureCountry>לא ידוע</ManufactureCountry>
      <ManufacturerItemDescription>חטיף אולד אמסטרדם לבן בשקית 90 גר</ManufacturerItemDescription>
      <UnitQty>גרמים</UnitQty>
      <Quantity>90.00</Quantity>
      <UnitOfMeasure>100 גרם</UnitOfMeasure>
      <bIsWeighted>0</bIsWeighted>
      <QtyInPackage>לא ידוע</QtyInPackage>
      <ItemPrice>32.90</ItemPrice>
      <UnitOfMeasurePrice>36.5556</UnitOfMeasurePrice>
      <AllowDiscount>1</AllowDiscount>
      <ItemStatus>1</ItemStatus>
      <ItemId>71044</ItemId>
    </Item>
    <Item>
      <PriceUpdateDate>2023-12-31 12:50:29</PriceUpdateDate>
      <ItemCode>8710243962400</ItemCode>
      <ItemType>0</ItemType>
      <ItemName>גבינת קרם אולד אמסטר</ItemName>
      <ManufacturerName>,</ManufacturerName>
      <ManufactureCountry>לא ידוע</ManufactureCountry>
      <ManufacturerItemDescription>קרם אולד אמסטרדם אפור 125 גר</ManufacturerItemDescription>
      <UnitQty>גרמים</UnitQty>
      <Quantity>125.00</Quantity>
      <UnitOfMeasure>100 גרם</UnitOfMeasure>
      <bIsWeighted>0</bIsWeighted>
      <QtyInPackage>לא ידוע</QtyInPackage>
      <ItemPrice>29.90</ItemPrice>
      <UnitOfMeasurePrice>23.9200</UnitOfMeasurePrice>
      <AllowDiscount>1</AllowDiscount>
      <ItemStatus>1</ItemStatus>
      <ItemId>71045</ItemId>
    </Item>
    <Item>
      <PriceUpdateDate>2023-12-31 12:50:29</PriceUpdateDate>
      <ItemCode>8718053512112</ItemCode>
      <ItemType>0</ItemType>
      <ItemName>גאודה עיזים כתום הול</ItemName>
      <ManufacturerName>,</ManufacturerName>
      <ManufactureCountry>לא ידוע</ManufactureCountry>
      <ManufacturerItemDescription>גאודה עיזים כתום הולנדי פרוס 150 גר</ManufacturerItemDescription>
      <UnitQty>גרמים</UnitQty>
      <Quantity>150.00</Quantity>
      <UnitOfMeasure>100 גרם</UnitOfMeasure>
      <bIsWeighted>0</bIsWeighted>
      <QtyInPackage>לא ידוע</QtyInPackage>
      <ItemPrice>29.90</ItemPrice>
      <UnitOfMeasurePrice>19.9333</UnitOfMeasurePrice>
      <AllowDiscount>1</AllowDiscount>
      <ItemStatus>1</ItemStatus>
      <ItemId>71046</ItemId>
    </Item>
    <Item>
      <PriceUpdateDate>2024-03-11 08:46:38</PriceUpdateDate>
      <ItemCode>8713323093483</ItemCode>
      <ItemType>0</ItemType>
      <ItemName>גאודה הולנדי ורוד פר</ItemName>
      <ManufacturerName>,</ManufacturerName>
      <ManufactureCountry>לא ידוע</ManufactureCountry>
      <ManufacturerItemDescription>גאודה הולנדי ורוד פרוס 150 גר</ManufacturerItemDescription>
      <UnitQty>גרמים</UnitQty>
      <Quantity>150.00</Quantity>
      <UnitOfMeasure>100 גרם</UnitOfMeasure>
      <bIsWeighted>0</bIsWeighted>
      <QtyInPackage>לא ידוע</QtyInPackage>
      <ItemPrice>15.90</ItemPrice>
      <UnitOfMeasurePrice>10.6000</UnitOfMeasurePrice>
      <AllowDiscount>1</AllowDiscount>
      <ItemStatus>1</ItemStatus>
      <ItemId>71048</ItemId>
    </Item>
    <Item>
      <PriceUpdateDate>2023-12-31 12:50:29</PriceUpdateDate>
      <ItemCode>8713323093506</ItemCode>
      <ItemType>0</ItemType>
      <ItemName>מאסדם הולנדי כחול פר</ItemName>
      <ManufacturerName>,</ManufacturerName>
      <ManufactureCountry>לא ידוע</ManufactureCountry>
      <ManufacturerItemDescription>מאסדם הולנדי כחול פרוס 150 גר</ManufacturerItemDescription>
      <UnitQty>גרמים</UnitQty>
      <Quantity>150.00</Quantity>
      <UnitOfMeasure>100 גרם</UnitOfMeasure>
      <bIsWeighted>0</bIsWeighted>
      <QtyInPackage>לא ידוע</QtyInPackage>
      <ItemPrice>19.90</ItemPrice>
      <UnitOfMeasurePrice>13.2667</UnitOfMeasurePrice>
      <AllowDiscount>1</AllowDiscount>
      <ItemStatus>1</ItemStatus>
      <ItemId>71049</ItemId>
    </Item>
    <Item>
      <PriceUpdateDate>2023-12-31 12:50:30</PriceUpdateDate>
      <ItemCode>4751032740315</ItemCode>
      <ItemType>1</ItemType>
      <ItemName>מרק סוליאנקה עם מלפפ</ItemName>
      <ManufacturerName>DIMDINI</ManufacturerName>
      <ManufactureCountry>לטביה</ManufactureCountry>
      <ManufacturerItemDescription>מרק סוליאנקה עם מלפפון כבוש 500 מל</ManufacturerItemDescription>
      <UnitQty>מיליליטרים</UnitQty>
      <Quantity>500.00</Quantity>
      <UnitOfMeasure>100 מ"ל</UnitOfMeasure>
      <bIsWeighted>0</bIsWeighted>
      <QtyInPackage>6</QtyInPackage>
      <ItemPrice>13.90</ItemPrice>
      <UnitOfMeasurePrice>2.7800</UnitOfMeasurePrice>
      <AllowDiscount>1</AllowDiscount>
      <ItemStatus>1</ItemStatus>
      <ItemId>71134</ItemId>
    </Item>
    <Item>
      <PriceUpdateDate>2023-12-31 12:50:30</PriceUpdateDate>
      <ItemCode>4751032740360</ItemCode>
      <ItemType>1</ItemType>
      <ItemName>מרק אפונה 500 מל</ItemName>
      <ManufacturerName>DIMDINI</ManufacturerName>
      <ManufactureCountry>לטביה</ManufactureCountry>
      <ManufacturerItemDescription>מרק אפונה 500 מל</ManufacturerItemDescription>
      <UnitQty>מיליליטרים</UnitQty>
      <Quantity>500.00</Quantity>
      <UnitOfMeasure>100 מ"ל</UnitOfMeasure>
      <bIsWeighted>0</bIsWeighted>
      <QtyInPackage>6</QtyInPackage>
      <ItemPrice>13.90</ItemPrice>
      <UnitOfMeasurePrice>2.7800</UnitOfMeasurePrice>
      <AllowDiscount>1</AllowDiscount>
      <ItemStatus>1</ItemStatus>
      <ItemId>71135</ItemId>
    </Item>
    <Item>
      <PriceUpdateDate>2023-12-31 12:50:30</PriceUpdateDate>
      <ItemCode>4751032740353</ItemCode>
      <ItemType>1</ItemType>
      <ItemName>מרק רסולניק עם מלפפו</ItemName>
      <ManufacturerName>DIMDINI</ManufacturerName>
      <ManufactureCountry>לטביה</ManufactureCountry>
      <ManufacturerItemDescription>מרק רסולניק עם מלפפון כבוש 500 מל</ManufacturerItemDescription>
      <UnitQty>מיליליטרים</UnitQty>
      <Quantity>500.00</Quantity>
      <UnitOfMeasure>100 מ"ל</UnitOfMeasure>
      <bIsWeighted>0</bIsWeighted>
      <QtyInPackage>6</QtyInPackage>
      <ItemPrice>13.90</ItemPrice>
      <UnitOfMeasurePrice>2.7800</UnitOfMeasurePrice>
      <AllowDiscount>1</AllowDiscount>
      <ItemStatus>1</ItemStatus>
      <ItemId>71137</ItemId>
    </Item>
    <Item>
      <PriceUpdateDate>2023-12-31 12:50:30</PriceUpdateDate>
      <ItemCode>4751032740322</ItemCode>
      <ItemType>1</ItemType>
      <ItemName>מרק חרצו עם תבלינים</ItemName>
      <ManufacturerName>DIMDINI</ManufacturerName>
      <ManufactureCountry>לטביה</ManufactureCountry>
      <ManufacturerItemDescription>מרק חרצו עם תבלינים קבקזיים  500 מל</ManufacturerItemDescription>
      <UnitQty>מיליליטרים</UnitQty>
      <Quantity>500.00</Quantity>
      <UnitOfMeasure>100 מ"ל</UnitOfMeasure>
      <bIsWeighted>0</bIsWeighted>
      <QtyInPackage>6</QtyInPackage>
      <ItemPrice>13.90</ItemPrice>
      <UnitOfMeasurePrice>2.7800</UnitOfMeasurePrice>
      <AllowDiscount>1</AllowDiscount>
      <ItemStatus>1</ItemStatus>
      <ItemId>71138</ItemId>
    </Item>
    <Item>
      <PriceUpdateDate>2024-06-26 11:25:26</PriceUpdateDate>
      <ItemCode>7290008464611</ItemCode>
      <ItemType>1</ItemType>
      <ItemName>סודה טמפו בק 275 מל</ItemName>
      <ManufacturerName>,</ManufacturerName>
      <ManufactureCountry>לא ידוע</ManufactureCountry>
      <ManufacturerItemDescription>סודה טמפו בק 275 מל</ManufacturerItemDescription>
      <UnitQty>מיליליטרים</UnitQty>
      <Quantity>275.00</Quantity>
      <UnitOfMeasure>100 מ"ל</UnitOfMeasure>
      <bIsWeighted>0</bIsWeighted>
      <QtyInPackage>24</QtyInPackage>
      <ItemPrice>3.50</ItemPrice>
      <UnitOfMeasurePrice>1.2727</UnitOfMeasurePrice>
      <AllowDiscount>1</AllowDiscount>
      <ItemStatus>1</ItemStatus>
      <ItemId>71197</ItemId>
    </Item>
    <Item>
      <PriceUpdateDate>2024-03-11 08:33:56</PriceUpdateDate>
      <ItemCode>10500</ItemCode>
      <ItemType>0</ItemType>
      <ItemName>ארוחה לעובד</ItemName>
      <ManufacturerName>,</ManufacturerName>
      <ManufactureCountry>לא ידוע</ManufactureCountry>
      <ManufacturerItemDescription>ארוחה לעובד</ManufacturerItemDescription>
      <UnitQty>Unknown </UnitQty>
      <Quantity>0.00</Quantity>
      <UnitOfMeasure>Unknown </UnitOfMeasure>
      <bIsWeighted>0</bIsWeighted>
      <QtyInPackage>1</QtyInPackage>
      <ItemPrice>30.00</ItemPrice>
      <UnitOfMeasurePrice>0.0000</UnitOfMeasurePrice>
      <AllowDiscount>0</AllowDiscount>
      <ItemStatus>1</ItemStatus>
      <ItemId>71275</ItemId>
    </Item>
    <Item>
      <PriceUpdateDate>2023-12-31 12:50:31</PriceUpdateDate>
      <ItemCode>8593868006014</ItemCode>
      <ItemType>1</ItemType>
      <ItemName>בירה בלו מון פחית 50</ItemName>
      <ManufacturerName>,</ManufacturerName>
      <ManufactureCountry>לא ידוע</ManufactureCountry>
      <ManufacturerItemDescription>בירה בלו מון פחית 500 מל</ManufacturerItemDescription>
      <UnitQty>מיליליטרים</UnitQty>
      <Quantity>500.00</Quantity>
      <UnitOfMeasure>100 מ"ל</UnitOfMeasure>
      <bIsWeighted>0</bIsWeighted>
      <QtyInPackage>24</QtyInPackage>
      <ItemPrice>12.90</ItemPrice>
      <UnitOfMeasurePrice>2.5800</UnitOfMeasurePrice>
      <AllowDiscount>1</AllowDiscount>
      <ItemStatus>1</ItemStatus>
      <ItemId>71349</ItemId>
    </Item>
    <Item>
      <PriceUpdateDate>2023-12-31 12:50:31</PriceUpdateDate>
      <ItemCode>7290016476606</ItemCode>
      <ItemType>1</ItemType>
      <ItemName>יין רוזה מאליז 750 מ</ItemName>
      <ManufacturerName>,</ManufacturerName>
      <ManufactureCountry>לא ידוע</ManufactureCountry>
      <ManufacturerItemDescription>יין רוזה מאליז 750 מל</ManufacturerItemDescription>
      <UnitQty>מיליליטרים</UnitQty>
      <Quantity>750.00</Quantity>
      <UnitOfMeasure>100 מ"ל</UnitOfMeasure>
      <bIsWeighted>0</bIsWeighted>
      <QtyInPackage>6</QtyInPackage>
      <ItemPrice>79.90</ItemPrice>
      <UnitOfMeasurePrice>10.6533</UnitOfMeasurePrice>
      <AllowDiscount>1</AllowDiscount>
      <ItemStatus>1</ItemStatus>
      <ItemId>71356</ItemId>
    </Item>
    <Item>
      <PriceUpdateDate>2023-12-31 12:50:31</PriceUpdateDate>
      <ItemCode>4260651480019</ItemCode>
      <ItemType>1</ItemType>
      <ItemName>אטריות אדממה אורגני</ItemName>
      <ManufacturerName>,</ManufacturerName>
      <ManufactureCountry>לא ידוע</ManufactureCountry>
      <ManufacturerItemDescription>אטריות אדממה אורגני 250 גר</ManufacturerItemDescription>
      <UnitQty>גרמים</UnitQty>
      <Quantity>250.00</Quantity>
      <UnitOfMeasure>100 גרם</UnitOfMeasure>
      <bIsWeighted>0</bIsWeighted>
      <QtyInPackage>6</QtyInPackage>
      <ItemPrice>22.90</ItemPrice>
      <UnitOfMeasurePrice>9.1600</UnitOfMeasurePrice>
      <AllowDiscount>1</AllowDiscount>
      <ItemStatus>1</ItemStatus>
      <ItemId>71360</ItemId>
    </Item>
    <Item>
      <PriceUpdateDate>2023-12-31 12:50:31</PriceUpdateDate>
      <ItemCode>62558202381</ItemCode>
      <ItemType>1</ItemType>
      <ItemName>סירופ מייפל אורגני ט</ItemName>
      <ManufacturerName>,</ManufacturerName>
      <ManufactureCountry>לא ידוע</ManufactureCountry>
      <ManufacturerItemDescription>סירופ מייפל אורגני טהור 236 מל</ManufacturerItemDescription>
      <UnitQty>מיליליטרים</UnitQty>
      <Quantity>236.00</Quantity>
      <UnitOfMeasure>100 מ"ל</UnitOfMeasure>
      <bIsWeighted>0</bIsWeighted>
      <QtyInPackage>12</QtyInPackage>
      <ItemPrice>34.90</ItemPrice>
      <UnitOfMeasurePrice>14.7881</UnitOfMeasurePrice>
      <AllowDiscount>1</AllowDiscount>
      <ItemStatus>1</ItemStatus>
      <ItemId>71363</ItemId>
    </Item>
    <Item>
      <PriceUpdateDate>2024-09-05 14:05:42</PriceUpdateDate>
      <ItemCode>4840472012721</ItemCode>
      <ItemType>1</ItemType>
      <ItemName>יין פורקרי רוזה 750</ItemName>
      <ManufacturerName>,</ManufacturerName>
      <ManufactureCountry>לא ידוע</ManufactureCountry>
      <ManufacturerItemDescription>יין פורקרי רוזה 750 מל</ManufacturerItemDescription>
      <UnitQty>מיליליטרים</UnitQty>
      <Quantity>750.00</Quantity>
      <UnitOfMeasure>100 מ"ל</UnitOfMeasure>
      <bIsWeighted>0</bIsWeighted>
      <QtyInPackage>6</QtyInPackage>
      <ItemPrice>59.90</ItemPrice>
      <UnitOfMeasurePrice>7.9867</UnitOfMeasurePrice>
      <AllowDiscount>1</AllowDiscount>
      <ItemStatus>1</ItemStatus>
      <ItemId>71373</ItemId>
    </Item>
    <Item>
      <PriceUpdateDate>2025-10-17 09:42:26</PriceUpdateDate>
      <ItemCode>8710448632887</ItemCode>
      <ItemType>1</ItemType>
      <ItemName>רוטב שווארמה רמיה 25</ItemName>
      <ManufacturerName>,</ManufacturerName>
      <ManufactureCountry>לא ידוע</ManufactureCountry>
      <ManufacturerItemDescription>רוטב שווארמה רמיה 250 מל</ManufacturerItemDescription>
      <UnitQty>מיליליטרים</UnitQty>
      <Quantity>250.00</Quantity>
      <UnitOfMeasure>100 מ"ל</UnitOfMeasure>
      <bIsWeighted>0</bIsWeighted>
      <QtyInPackage>1</QtyInPackage>
      <ItemPrice>13.90</ItemPrice>
      <UnitOfMeasurePrice>5.5600</UnitOfMeasurePrice>
      <AllowDiscount>1</AllowDiscount>
      <ItemStatus>1</ItemStatus>
      <ItemId>102211</ItemId>
    </Item>
    <Item>
      <PriceUpdateDate>2023-12-31 12:50:31</PriceUpdateDate>
      <ItemCode>4860065012495</ItemCode>
      <ItemType>1</ItemType>
      <ItemName>יין קברנה ספראבי אדו</ItemName>
      <ManufacturerName>תליאני וולי</ManufacturerName>
      <ManufactureCountry>ג'ורג'יה</ManufactureCountry>
      <ManufacturerItemDescription>יין קברנה ספראבי אדום יבש 750 מל</ManufacturerItemDescription>
      <UnitQty>מיליליטרים</UnitQty>
      <Quantity>750.00</Quantity>
      <UnitOfMeasure>100 מ"ל</UnitOfMeasure>
      <bIsWeighted>0</bIsWeighted>
      <QtyInPackage>6</QtyInPackage>
      <ItemPrice>49.90</ItemPrice>
      <UnitOfMeasurePrice>6.6533</UnitOfMeasurePrice>
      <AllowDiscount>1</AllowDiscount>
      <ItemStatus>1</ItemStatus>
      <ItemId>71379</ItemId>
    </Item>
    <Item>
      <PriceUpdateDate>2023-12-31 12:50:31</PriceUpdateDate>
      <ItemCode>7290003094592</ItemCode>
      <ItemType>1</ItemType>
      <ItemName>קוויאר אדום 250 גר</ItemName>
      <ManufacturerName>,</ManufacturerName>
      <ManufactureCountry>לא ידוע</ManufactureCountry>
      <ManufacturerItemDescription>קוויאר אדום 250 גר</ManufacturerItemDescription>
      <UnitQty>גרמים</UnitQty>
      <Quantity>250.00</Quantity>
      <UnitOfMeasure>100 גרם</UnitOfMeasure>
      <bIsWeighted>0</bIsWeighted>
      <QtyInPackage>1</QtyInPackage>
      <ItemPrice>134.90</ItemPrice>
      <UnitOfMeasurePrice>53.9600</UnitOfMeasurePrice>
      <AllowDiscount>1</AllowDiscount>
      <ItemStatus>1</ItemStatus>
      <ItemId>71419</ItemId>
    </Item>
    <Item>
      <PriceUpdateDate>2025-03-06 19:07:24</PriceUpdateDate>
      <ItemCode>4823077632259</ItemCode>
      <ItemType>1</ItemType>
      <ItemName>בטונציק קרם בוטנים ר</ItemName>
      <ManufacturerName>רושן</ManufacturerName>
      <ManufactureCountry>לא ידוע</ManufactureCountry>
      <ManufacturerItemDescription>בטונציק קרם בוטנים רושן 38 גר</ManufacturerItemDescription>
      <UnitQty>גרמים</UnitQty>
      <Quantity>38.00</Quantity>
      <UnitOfMeasure>100 גרם</UnitOfMeasure>
      <bIsWeighted>0</bIsWeighted>
      <QtyInPackage>30</QtyInPackage>
      <ItemPrice>5.90</ItemPrice>
      <UnitOfMeasurePrice>15.5263</UnitOfMeasurePrice>
      <AllowDiscount>1</AllowDiscount>
      <ItemStatus>1</ItemStatus>
      <ItemId>71500</ItemId>
    </Item>
    <Item>
      <PriceUpdateDate>2023-12-31 12:50:34</PriceUpdateDate>
      <ItemCode>8809168840471</ItemCode>
      <ItemType>1</ItemType>
      <ItemName>חטיף אצות מיובשות 4.</ItemName>
      <ManufacturerName>Theppadungporn cocon</ManufacturerName>
      <ManufactureCountry>לא ידוע</ManufactureCountry>
      <ManufacturerItemDescription>חטיף אצות מיובשות 4.5 גר*9 יח</ManufacturerItemDescription>
      <UnitQty>Unknown </UnitQty>
      <Quantity>0.00</Quantity>
      <UnitOfMeasure>Unknown </UnitOfMeasure>
      <bIsWeighted>0</bIsWeighted>
      <QtyInPackage>1</QtyInPackage>
      <ItemPrice>24.90</ItemPrice>
      <UnitOfMeasurePrice>0.0000</UnitOfMeasurePrice>
      <AllowDiscount>1</AllowDiscount>
      <ItemStatus>1</ItemStatus>
      <ItemId>71645</ItemId>
    </Item>
    <Item>
      <PriceUpdateDate>2025-03-11 17:33:25</PriceUpdateDate>
      <ItemCode>3525490010126</ItemCode>
      <ItemType>1</ItemType>
      <ItemName>יין לה זאמל סינסאו ר</ItemName>
      <ManufacturerName>,</ManufacturerName>
      <ManufactureCountry>לא ידוע</ManufactureCountry>
      <ManufacturerItemDescription>יין לה זאמל סינסאו רוזה 750 מ"ל</ManufacturerItemDescription>
      <UnitQty>מיליליטרים</UnitQty>
      <Quantity>750.00</Quantity>
      <UnitOfMeasure>100 מ"ל</UnitOfMeasure>
      <bIsWeighted>0</bIsWeighted>
      <QtyInPackage>1</QtyInPackage>
      <ItemPrice>55.90</ItemPrice>
      <UnitOfMeasurePrice>7.4533</UnitOfMeasurePrice>
      <AllowDiscount>1</AllowDiscount>
      <ItemStatus>1</ItemStatus>
      <ItemId>71715</ItemId>
    </Item>
    <Item>
      <PriceUpdateDate>2023-12-31 12:50:34</PriceUpdateDate>
      <ItemCode>7290001581773</ItemCode>
      <ItemType>1</ItemType>
      <ItemName>קבב בלקני עם פיסטוק</ItemName>
      <ManufacturerName>,</ManufacturerName>
      <ManufactureCountry>לא ידוע</ManufactureCountry>
      <ManufacturerItemDescription>קבב בלקני עם פיסטוק 500 גר</ManufacturerItemDescription>
      <UnitQty>גרמים</UnitQty>
      <Quantity>500.00</Quantity>
      <UnitOfMeasure>100 גרם</UnitOfMeasure>
      <bIsWeighted>0</bIsWeighted>
      <QtyInPackage>1</QtyInPackage>
      <ItemPrice>39.90</ItemPrice>
      <UnitOfMeasurePrice>7.9800</UnitOfMeasurePrice>
      <AllowDiscount>1</AllowDiscount>
      <ItemStatus>1</ItemStatus>
      <ItemId>71778</ItemId>
    </Item>
    <Item>
      <PriceUpdateDate>2023-12-31 12:50:34</PriceUpdateDate>
      <ItemCode>7290001581933</ItemCode>
      <ItemType>1</ItemType>
      <ItemName>קבב טלה קווקזי 500 ג</ItemName>
      <ManufacturerName>,</ManufacturerName>
      <ManufactureCountry>לא ידוע</ManufactureCountry>
      <ManufacturerItemDescription>קבב טלה קווקזי 500 גר</ManufacturerItemDescription>
      <UnitQty>גרמים</UnitQty>
      <Quantity>500.00</Quantity>
      <UnitOfMeasure>100 גרם</UnitOfMeasure>
      <bIsWeighted>0</bIsWeighted>
      <QtyInPackage>1</QtyInPackage>
      <ItemPrice>39.90</ItemPrice>
      <UnitOfMeasurePrice>7.9800</UnitOfMeasurePrice>
      <AllowDiscount>1</AllowDiscount>
      <ItemStatus>1</ItemStatus>
      <ItemId>71779</ItemId>
    </Item>
    <Item>
      <PriceUpdateDate>2023-12-31 12:50:34</PriceUpdateDate>
      <ItemCode>7290001581940</ItemCode>
      <ItemType>1</ItemType>
      <ItemName>המבורגר וואגיו מובחר</ItemName>
      <ManufacturerName>,</ManufacturerName>
      <ManufactureCountry>לא ידוע</ManufactureCountry>
      <ManufacturerItemDescription>המבורגר וואגיו מובחר 300 גר</ManufacturerItemDescription>
      <UnitQty>גרמים</UnitQty>
      <Quantity>300.00</Quantity>
      <UnitOfMeasure>100 גרם</UnitOfMeasure>
      <bIsWeighted>0</bIsWeighted>
      <QtyInPackage>1</QtyInPackage>
      <ItemPrice>32.90</ItemPrice>
      <UnitOfMeasurePrice>10.9667</UnitOfMeasurePrice>
      <AllowDiscount>1</AllowDiscount>
      <ItemStatus>1</ItemStatus>
      <ItemId>71780</ItemId>
    </Item>
    <Item>
      <PriceUpdateDate>2023-12-31 12:50:35</PriceUpdateDate>
      <ItemCode>4640013601007</ItemCode>
      <ItemType>1</ItemType>
      <ItemName>ונילין 1.5 גר</ItemName>
      <ManufacturerName>PROFAGROTECHNIKA</ManufacturerName>
      <ManufactureCountry>לא ידוע</ManufactureCountry>
      <ManufacturerItemDescription>ונילין 1.5 גר</ManufacturerItemDescription>
      <UnitQty>Unknown </UnitQty>
      <Quantity>0.00</Quantity>
      <UnitOfMeasure>Unknown </UnitOfMeasure>
      <bIsWeighted>0</bIsWeighted>
      <QtyInPackage>1</QtyInPackage>
      <ItemPrice>1.00</ItemPrice>
      <UnitOfMeasurePrice>0.0000</UnitOfMeasurePrice>
      <AllowDiscount>1</AllowDiscount>
      <ItemStatus>1</ItemStatus>
      <ItemId>71815</ItemId>
    </Item>
    <Item>
      <PriceUpdateDate>2023-12-31 12:50:35</PriceUpdateDate>
      <ItemCode>4607037435797</ItemCode>
      <ItemType>1</ItemType>
      <ItemName>ממתק מוקצף בטעם וניל</ItemName>
      <ManufacturerName>פנזה</ManufacturerName>
      <ManufactureCountry>לא ידוע</ManufactureCountry>
      <ManufacturerItemDescription>ממתק מוקצף בטעם וניל וחתיכות מרמלדה 220</ManufacturerItemDescription>
      <UnitQty>גרמים</UnitQty>
      <Quantity>220.00</Quantity>
      <UnitOfMeasure>100 גרם</UnitOfMeasure>
      <bIsWeighted>0</bIsWeighted>
      <QtyInPackage>1</QtyInPackage>
      <ItemPrice>12.90</ItemPrice>
      <UnitOfMeasurePrice>5.8636</UnitOfMeasurePrice>
      <AllowDiscount>1</AllowDiscount>
      <ItemStatus>1</ItemStatus>
      <ItemId>71858</ItemId>
    </Item>
    <Item>
      <PriceUpdateDate>2025-08-12 12:29:45</PriceUpdateDate>
      <ItemCode>4607037433380</ItemCode>
      <ItemType>1</ItemType>
      <ItemName>מבחר ממתקי גלי בטעמי</ItemName>
      <ManufacturerName>פנזה</ManufacturerName>
      <ManufactureCountry>לא ידוע</ManufactureCountry>
      <ManufacturerItemDescription>מבחר ממתקי גלי בטעמים 250 גר</ManufacturerItemDescription>
      <UnitQty>גרמים</UnitQty>
      <Quantity>250.00</Quantity>
      <UnitOfMeasure>100 גרם</UnitOfMeasure>
      <bIsWeighted>0</bIsWeighted>
      <QtyInPackage>1</QtyInPackage>
      <ItemPrice>11.90</ItemPrice>
      <UnitOfMeasurePrice>4.7600</UnitOfMeasurePrice>
      <AllowDiscount>1</AllowDiscount>
      <ItemStatus>1</ItemStatus>
      <ItemId>71859</ItemId>
    </Item>
    <Item>
      <PriceUpdateDate>2023-12-31 12:50:35</PriceUpdateDate>
      <ItemCode>4607016245171</ItemCode>
      <ItemType>1</ItemType>
      <ItemName>שיבולת שועל אסורטי 5</ItemName>
      <ManufacturerName>אובלקה</ManufacturerName>
      <ManufactureCountry>לא ידוע</ManufactureCountry>
      <ManufacturerItemDescription>דייסה שיבולת שועל אסורטי 5 טעמים</ManufacturerItemDescription>
      <UnitQty>גרמים</UnitQty>
      <Quantity>200.00</Quantity>
      <UnitOfMeasure>100 גרם</UnitOfMeasure>
      <bIsWeighted>0</bIsWeighted>
      <QtyInPackage>1</QtyInPackage>
      <ItemPrice>13.90</ItemPrice>
      <UnitOfMeasurePrice>6.9500</UnitOfMeasurePrice>
      <AllowDiscount>1</AllowDiscount>
      <ItemStatus>1</ItemStatus>
      <ItemId>71862</ItemId>
    </Item>
    <Item>
      <PriceUpdateDate>2023-12-31 12:50:35</PriceUpdateDate>
      <ItemCode>4607016248448</ItemCode>
      <ItemType>1</ItemType>
      <ItemName>שיבולת שועל עם בננה</ItemName>
      <ManufacturerName>אובלקה</ManufacturerName>
      <ManufactureCountry>לא ידוע</ManufactureCountry>
      <ManufacturerItemDescription>דייסה שיבולת שועל עם בננה ותות שדה</ManufacturerItemDescription>
      <UnitQty>גרמים</UnitQty>
      <Quantity>200.00</Quantity>
      <UnitOfMeasure>100 גרם</UnitOfMeasure>
      <bIsWeighted>0</bIsWeighted>
      <QtyInPackage>1</QtyInPackage>
      <ItemPrice>13.90</ItemPrice>
      <UnitOfMeasurePrice>6.9500</UnitOfMeasurePrice>
      <AllowDiscount>1</AllowDiscount>
      <ItemStatus>1</ItemStatus>
      <ItemId>71863</ItemId>
    </Item>
    <Item>
      <PriceUpdateDate>2025-10-19 19:55:11</PriceUpdateDate>
      <ItemCode>8710448632856</ItemCode>
      <ItemType>1</ItemType>
      <ItemName>רוטב הוואי חרדל אננס</ItemName>
      <ManufacturerName>,</ManufacturerName>
      <ManufactureCountry>לא ידוע</ManufactureCountry>
      <ManufacturerItemDescription>רוטב הוואי חרדל אננס 250 מל</ManufacturerItemDescription>
      <UnitQty>מיליליטרים</UnitQty>
      <Quantity>250.00</Quantity>
      <UnitOfMeasure>100 מ"ל</UnitOfMeasure>
      <bIsWeighted>0</bIsWeighted>
      <QtyInPackage>1</QtyInPackage>
      <ItemPrice>13.90</ItemPrice>
      <UnitOfMeasurePrice>5.5600</UnitOfMeasurePrice>
      <AllowDiscount>1</AllowDiscount>
      <ItemStatus>1</ItemStatus>
      <ItemId>71869</ItemId>
    </Item>
    <Item>
      <PriceUpdateDate>2023-12-31 12:50:35</PriceUpdateDate>
      <ItemCode>8710448635239</ItemCode>
      <ItemType>1</ItemType>
      <ItemName>מיונז כמהין לחיץ רמי</ItemName>
      <ManufacturerName>,</ManufacturerName>
      <ManufactureCountry>לא ידוע</ManufactureCountry>
      <ManufacturerItemDescription>מיונז כמהין לחיץ רמייה 300 מל</ManufacturerItemDescription>
      <UnitQty>מיליליטרים</UnitQty>
      <Quantity>300.00</Quantity>
      <UnitOfMeasure>100 מ"ל</UnitOfMeasure>
      <bIsWeighted>0</bIsWeighted>
      <QtyInPackage>1</QtyInPackage>
      <ItemPrice>16.90</ItemPrice>
      <UnitOfMeasurePrice>5.6333</UnitOfMeasurePrice>
      <AllowDiscount>1</AllowDiscount>
      <ItemStatus>1</ItemStatus>
      <ItemId>71886</ItemId>
    </Item>
    <Item>
      <PriceUpdateDate>2023-12-31 12:50:35</PriceUpdateDate>
      <ItemCode>8710488190439</ItemCode>
      <ItemType>1</ItemType>
      <ItemName>כרוב כבוש הולנד 850</ItemName>
      <ManufacturerName>,</ManufacturerName>
      <ManufactureCountry>לא ידוע</ManufactureCountry>
      <ManufacturerItemDescription>כרוב כבוש הולנד 850 גר</ManufacturerItemDescription>
      <UnitQty>גרמים</UnitQty>
      <Quantity>850.00</Quantity>
      <UnitOfMeasure>100 גרם</UnitOfMeasure>
      <bIsWeighted>0</bIsWeighted>
      <QtyInPackage>1</QtyInPackage>
      <ItemPrice>16.90</ItemPrice>
      <UnitOfMeasurePrice>1.9882</UnitOfMeasurePrice>
      <AllowDiscount>1</AllowDiscount>
      <ItemStatus>1</ItemStatus>
      <ItemId>71897</ItemId>
    </Item>
    <Item>
      <PriceUpdateDate>2024-05-02 16:07:21</PriceUpdateDate>
      <ItemCode>5055966800107</ItemCode>
      <ItemType>1</ItemType>
      <ItemName>מארז ויסקי בושמילס+2</ItemName>
      <ManufacturerName>אלב בושמילס</ManufacturerName>
      <ManufactureCountry>לא ידוע</ManufactureCountry>
      <ManufacturerItemDescription>מארז ויסקי בושמילס+2 כוסות 700 מל</ManufacturerItemDescription>
      <UnitQty>מיליליטרים</UnitQty>
      <Quantity>700.00</Quantity>
      <UnitOfMeasure>100 מ"ל</UnitOfMeasure>
      <bIsWeighted>0</bIsWeighted>
      <QtyInPackage>1</QtyInPackage>
      <ItemPrice>94.90</ItemPrice>
      <UnitOfMeasurePrice>13.5571</UnitOfMeasurePrice>
      <AllowDiscount>1</AllowDiscount>
      <ItemStatus>1</ItemStatus>
      <ItemId>72102</ItemId>
    </Item>
    <Item>
      <PriceUpdateDate>2023-12-31 12:50:36</PriceUpdateDate>
      <ItemCode>8850291105548</ItemCode>
      <ItemType>1</ItemType>
      <ItemName>חטיף אצות ים עם שקדי</ItemName>
      <ManufacturerName>,</ManufacturerName>
      <ManufactureCountry>לא ידוע</ManufactureCountry>
      <ManufacturerItemDescription>חטיף אצות ים עם שקדים פרוסים פיקנטי 40 ג</ManufacturerItemDescription>
      <UnitQty>גרמים</UnitQty>
      <Quantity>40.00</Quantity>
      <UnitOfMeasure>100 גרם</UnitOfMeasure>
      <bIsWeighted>0</bIsWeighted>
      <QtyInPackage>1</QtyInPackage>
      <ItemPrice>14.90</ItemPrice>
      <UnitOfMeasurePrice>37.2500</UnitOfMeasurePrice>
      <AllowDiscount>1</AllowDiscount>
      <ItemStatus>1</ItemStatus>
      <ItemId>72119</ItemId>
    </Item>
    <Item>
      <PriceUpdateDate>2025-02-02 07:39:56</PriceUpdateDate>
      <ItemCode>7290112770967</ItemCode>
      <ItemType>1</ItemType>
      <ItemName>מעדן איקרה ורודה 250</ItemName>
      <ManufacturerName>,</ManufacturerName>
      <ManufactureCountry>לא ידוע</ManufactureCountry>
      <ManufacturerItemDescription>מעדן איקרה ורודה 250 גר</ManufacturerItemDescription>
      <UnitQty>גרמים</UnitQty>
      <Quantity>250.00</Quantity>
      <UnitOfMeasure>100 גרם</UnitOfMeasure>
      <bIsWeighted>0</bIsWeighted>
      <QtyInPackage>1</QtyInPackage>
      <ItemPrice>24.90</ItemPrice>
      <UnitOfMeasurePrice>9.9600</UnitOfMeasurePrice>
      <AllowDiscount>1</AllowDiscount>
      <ItemStatus>1</ItemStatus>
      <ItemId>72271</ItemId>
    </Item>
    <Item>
      <PriceUpdateDate>2025-02-02 07:39:56</PriceUpdateDate>
      <ItemCode>7290112770974</ItemCode>
      <ItemType>1</ItemType>
      <ItemName>מעדן איקרה לבנה 250</ItemName>
      <ManufacturerName>,</ManufacturerName>
      <ManufactureCountry>לא ידוע</ManufactureCountry>
      <ManufacturerItemDescription>מעדן איקרה לבנה 250 גר</ManufacturerItemDescription>
      <UnitQty>גרמים</UnitQty>
      <Quantity>250.00</Quantity>
      <UnitOfMeasure>100 גרם</UnitOfMeasure>
      <bIsWeighted>0</bIsWeighted>
      <QtyInPackage>1</QtyInPackage>
      <ItemPrice>24.90</ItemPrice>
      <UnitOfMeasurePrice>9.9600</UnitOfMeasurePrice>
      <AllowDiscount>1</AllowDiscount>
      <ItemStatus>1</ItemStatus>
      <ItemId>72272</ItemId>
    </Item>
    <Item>
      <PriceUpdateDate>2025-06-03 08:36:02</PriceUpdateDate>
      <ItemCode>7290112771032</ItemCode>
      <ItemType>1</ItemType>
      <ItemName>חצילים ופלפלים קלויי</ItemName>
      <ManufacturerName>,</ManufacturerName>
      <ManufactureCountry>לא ידוע</ManufactureCountry>
      <ManufacturerItemDescription>חצילים ופלפלים קלויים 400 גר</ManufacturerItemDescription>
      <UnitQty>גרמים</UnitQty>
      <Quantity>400.00</Quantity>
      <UnitOfMeasure>100 גרם</UnitOfMeasure>
      <bIsWeighted>0</bIsWeighted>
      <QtyInPackage>1</QtyInPackage>
      <ItemPrice>15.90</ItemPrice>
      <UnitOfMeasurePrice>3.9750</UnitOfMeasurePrice>
      <AllowDiscount>1</AllowDiscount>
      <ItemStatus>1</ItemStatus>
      <ItemId>72275</ItemId>
    </Item>
    <Item>
      <PriceUpdateDate>2025-08-15 08:58:02</PriceUpdateDate>
      <ItemCode>7290004494384</ItemCode>
      <ItemType>1</ItemType>
      <ItemName>יין אסטייט רוזה 750</ItemName>
      <ManufacturerName>דלתון</ManufacturerName>
      <ManufactureCountry>לא ידוע</ManufactureCountry>
      <ManufacturerItemDescription>יין אסטייט רוזה 750 מל</ManufacturerItemDescription>
      <UnitQty>מיליליטרים</UnitQty>
      <Quantity>700.00</Quantity>
      <UnitOfMeasure>100 מ"ל</UnitOfMeasure>
      <bIsWeighted>0</bIsWeighted>
      <QtyInPackage>1</QtyInPackage>
      <ItemPrice>65.90</ItemPrice>
      <UnitOfMeasurePrice>9.4143</UnitOfMeasurePrice>
      <AllowDiscount>1</AllowDiscount>
      <ItemStatus>1</ItemStatus>
      <ItemId>100286</ItemId>
    </Item>
    <Item>
      <PriceUpdateDate>2025-11-10 11:29:14</PriceUpdateDate>
      <ItemCode>4760068001468</ItemCode>
      <ItemType>1</ItemType>
      <ItemName>סלט מנגל 630 גר</ItemName>
      <ManufacturerName>,</ManufacturerName>
      <ManufactureCountry>לא ידוע</ManufactureCountry>
      <ManufacturerItemDescription>סלט מנגל 630 גר</ManufacturerItemDescription>
      <UnitQty>גרמים</UnitQty>
      <Quantity>630.00</Quantity>
      <UnitOfMeasure>100 גרם</UnitOfMeasure>
      <bIsWeighted>0</bIsWeighted>
      <QtyInPackage>1</QtyInPackage>
      <ItemPrice>21.90</ItemPrice>
      <UnitOfMeasurePrice>3.4762</UnitOfMeasurePrice>
      <AllowDiscount>1</AllowDiscount>
      <ItemStatus>1</ItemStatus>
      <ItemId>72316</ItemId>
    </Item>
    <Item>
      <PriceUpdateDate>2025-05-02 08:13:41</PriceUpdateDate>
      <ItemCode>4602358008071</ItemCode>
      <ItemType>1</ItemType>
      <ItemName>גלידת שמנת בטעם וניל</ItemName>
      <ManufacturerName>ז'יטומרסקי זאבוד</ManufacturerName>
      <ManufactureCountry>לא ידוע</ManufactureCountry>
      <ManufacturerItemDescription>גלידת שמנת בטעם וניל בין שכבות וופל 70 ג</ManufacturerItemDescription>
      <UnitQty>גרמים</UnitQty>
      <Quantity>70.00</Quantity>
      <UnitOfMeasure>100 גרם</UnitOfMeasure>
      <bIsWeighted>0</bIsWeighted>
      <QtyInPackage>1</QtyInPackage>
      <ItemPrice>8.90</ItemPrice>
      <UnitOfMeasurePrice>12.7143</UnitOfMeasurePrice>
      <AllowDiscount>1</AllowDiscount>
      <ItemStatus>1</ItemStatus>
      <ItemId>72434</ItemId>
    </Item>
    <Item>
      <PriceUpdateDate>2023-12-31 12:50:38</PriceUpdateDate>
      <ItemCode>4607009922843</ItemCode>
      <ItemType>1</ItemType>
      <ItemName>בסיס לעוגה נפוליאון</ItemName>
      <ManufacturerName>צ'רוקה</ManufacturerName>
      <ManufactureCountry>לא ידוע</ManufactureCountry>
      <ManufacturerItemDescription>בסיס לעוגה נפוליאון 400 גר</ManufacturerItemDescription>
      <UnitQty>גרמים</UnitQty>
      <Quantity>400.00</Quantity>
      <UnitOfMeasure>100 גרם</UnitOfMeasure>
      <bIsWeighted>0</bIsWeighted>
      <QtyInPackage>1</QtyInPackage>
      <ItemPrice>29.90</ItemPrice>
      <UnitOfMeasurePrice>7.4750</UnitOfMeasurePrice>
      <AllowDiscount>1</AllowDiscount>
      <ItemStatus>1</ItemStatus>
      <ItemId>72435</ItemId>
    </Item>
    <Item>
      <PriceUpdateDate>2024-09-02 11:09:08</PriceUpdateDate>
      <ItemCode>16656</ItemCode>
      <ItemType>0</ItemType>
      <ItemName>קציצות דג</ItemName>
      <ManufacturerName>,</ManufacturerName>
      <ManufactureCountry>לא ידוע</ManufactureCountry>
      <ManufacturerItemDescription>קציצות דג</ManufacturerItemDescription>
      <UnitQty>קילוגרמים</UnitQty>
      <Quantity>1.00</Quantity>
      <UnitOfMeasure>ק"ג</UnitOfMeasure>
      <bIsWeighted>1</bIsWeighted>
      <QtyInPackage>לא ידוע</QtyInPackage>
      <ItemPrice>79.00</ItemPrice>
      <UnitOfMeasurePrice>79.0000</UnitOfMeasurePrice>
      <AllowDiscount>1</AllowDiscount>
      <ItemStatus>1</ItemStatus>
      <ItemId>72440</ItemId>
    </Item>
    <Item>
      <PriceUpdateDate>2023-12-31 12:50:38</PriceUpdateDate>
      <ItemCode>5901483084752</ItemCode>
      <ItemType>1</ItemType>
      <ItemName>קונפיטורת דובדבנים 3</ItemName>
      <ManufacturerName>,</ManufacturerName>
      <ManufactureCountry>לא ידוע</ManufactureCountry>
      <ManufacturerItemDescription>קונפיטורת דובדבנים 330 גר</ManufacturerItemDescription>
      <UnitQty>גרמים</UnitQty>
      <Quantity>330.00</Quantity>
      <UnitOfMeasure>100 גרם</UnitOfMeasure>
      <bIsWeighted>0</bIsWeighted>
      <QtyInPackage>1</QtyInPackage>
      <ItemPrice>14.90</ItemPrice>
      <UnitOfMeasurePrice>4.5152</UnitOfMeasurePrice>
      <AllowDiscount>1</AllowDiscount>
      <ItemStatus>1</ItemStatus>
      <ItemId>72442</ItemId>
    </Item>
    <Item>
      <PriceUpdateDate>2023-12-31 12:50:38</PriceUpdateDate>
      <ItemCode>5901483084769</ItemCode>
      <ItemType>1</ItemType>
      <ItemName>קונפיטורת פטל 330 גר</ItemName>
      <ManufacturerName>,</ManufacturerName>
      <ManufactureCountry>לא ידוע</ManufactureCountry>
      <ManufacturerItemDescription>קונפיטורת פטל 330 גר</ManufacturerItemDescription>
      <UnitQty>גרמים</UnitQty>
      <Quantity>330.00</Quantity>
      <UnitOfMeasure>100 גרם</UnitOfMeasure>
      <bIsWeighted>0</bIsWeighted>
      <QtyInPackage>1</QtyInPackage>
      <ItemPrice>14.90</ItemPrice>
      <UnitOfMeasurePrice>4.5152</UnitOfMeasurePrice>
      <AllowDiscount>1</AllowDiscount>
      <ItemStatus>1</ItemStatus>
      <ItemId>72443</ItemId>
    </Item>
    <Item>
      <PriceUpdateDate>2023-12-31 12:50:38</PriceUpdateDate>
      <ItemCode>8006227000405</ItemCode>
      <ItemType>1</ItemType>
      <ItemName>לחם פרוס חיטה מלאה ס</ItemName>
      <ManufacturerName>,</ManufacturerName>
      <ManufactureCountry>לא ידוע</ManufactureCountry>
      <ManufacturerItemDescription>לחם פרוס חיטה מלאה סמנצאטו 400 גר</ManufacturerItemDescription>
      <UnitQty>גרמים</UnitQty>
      <Quantity>400.00</Quantity>
      <UnitOfMeasure>100 גרם</UnitOfMeasure>
      <bIsWeighted>0</bIsWeighted>
      <QtyInPackage>1</QtyInPackage>
      <ItemPrice>14.90</ItemPrice>
      <UnitOfMeasurePrice>3.7250</UnitOfMeasurePrice>
      <AllowDiscount>1</AllowDiscount>
      <ItemStatus>1</ItemStatus>
      <ItemId>72456</ItemId>
    </Item>
    <Item>
      <PriceUpdateDate>2023-12-31 12:50:38</PriceUpdateDate>
      <ItemCode>4000504149423</ItemCode>
      <ItemType>1</ItemType>
      <ItemName>גבינה קמבוזולה כחולה</ItemName>
      <ManufacturerName>,</ManufacturerName>
      <ManufactureCountry>לא ידוע</ManufactureCountry>
      <ManufacturerItemDescription>גבינה קמבוזולה כחולה 125 גר</ManufacturerItemDescription>
      <UnitQty>גרמים</UnitQty>
      <Quantity>125.00</Quantity>
      <UnitOfMeasure>100 גרם</UnitOfMeasure>
      <bIsWeighted>0</bIsWeighted>
      <QtyInPackage>1</QtyInPackage>
      <ItemPrice>28.90</ItemPrice>
      <UnitOfMeasurePrice>23.1200</UnitOfMeasurePrice>
      <AllowDiscount>1</AllowDiscount>
      <ItemStatus>1</ItemStatus>
      <ItemId>72460</ItemId>
    </Item>
    <Item>
      <PriceUpdateDate>2024-01-23 10:15:31</PriceUpdateDate>
      <ItemCode>4820097816171</ItemCode>
      <ItemType>1</ItemType>
      <ItemName>מארז תה 60 שק 102.5</ItemName>
      <ManufacturerName>,</ManufacturerName>
      <ManufactureCountry>לא ידוע</ManufactureCountry>
      <ManufacturerItemDescription>מארז תה 60 שק 102.5 גר</ManufacturerItemDescription>
      <UnitQty>גרמים</UnitQty>
      <Quantity>103.00</Quantity>
      <UnitOfMeasure>100 גרם</UnitOfMeasure>
      <bIsWeighted>0</bIsWeighted>
      <QtyInPackage>1</QtyInPackage>
      <ItemPrice>29.90</ItemPrice>
      <UnitOfMeasurePrice>29.0291</UnitOfMeasurePrice>
      <AllowDiscount>1</AllowDiscount>
      <ItemStatus>1</ItemStatus>
      <ItemId>72489</ItemId>
    </Item>
    <Item>
      <PriceUpdateDate>2023-12-31 12:50:38</PriceUpdateDate>
      <ItemCode>8413700669729</ItemCode>
      <ItemType>1</ItemType>
      <ItemName>ארוחת פאייה ירקות קי</ItemName>
      <ManufacturerName>,</ManufacturerName>
      <ManufactureCountry>לא ידוע</ManufactureCountry>
      <ManufacturerItemDescription>ארוחת פאייה ירקות קיט 256 גר</ManufacturerItemDescription>
      <UnitQty>גרמים</UnitQty>
      <Quantity>256.00</Quantity>
      <UnitOfMeasure>100 גרם</UnitOfMeasure>
      <bIsWeighted>0</bIsWeighted>
      <QtyInPackage>1</QtyInPackage>
      <ItemPrice>25.90</ItemPrice>
      <UnitOfMeasurePrice>10.1172</UnitOfMeasurePrice>
      <AllowDiscount>1</AllowDiscount>
      <ItemStatus>1</ItemStatus>
      <ItemId>72501</ItemId>
    </Item>
    <Item>
      <PriceUpdateDate>2023-12-31 12:50:38</PriceUpdateDate>
      <ItemCode>8032523530452</ItemCode>
      <ItemType>1</ItemType>
      <ItemName>ממרח פיסטוק 200 גר</ItemName>
      <ManufacturerName>,</ManufacturerName>
      <ManufactureCountry>לא ידוע</ManufactureCountry>
      <ManufacturerItemDescription>ממרח פיסטוק 200 גרם</ManufacturerItemDescription>
      <UnitQty>גרמים</UnitQty>
      <Quantity>200.00</Quantity>
      <UnitOfMeasure>100 גרם</UnitOfMeasure>
      <bIsWeighted>0</bIsWeighted>
      <QtyInPackage>1</QtyInPackage>
      <ItemPrice>37.90</ItemPrice>
      <UnitOfMeasurePrice>18.9500</UnitOfMeasurePrice>
      <AllowDiscount>1</AllowDiscount>
      <ItemStatus>1</ItemStatus>
      <ItemId>72503</ItemId>
    </Item>
    <Item>
      <PriceUpdateDate>2025-03-06 19:07:24</PriceUpdateDate>
      <ItemCode>4823077633348</ItemCode>
      <ItemType>1</ItemType>
      <ItemName>עוגיות רושן לוויטה ע</ItemName>
      <ManufacturerName>,</ManufacturerName>
      <ManufactureCountry>לא ידוע</ManufactureCountry>
      <ManufacturerItemDescription>עוגיות רושן לוויטה עם חתיכות בוטנים 150</ManufacturerItemDescription>
      <UnitQty>גרמים</UnitQty>
      <Quantity>150.00</Quantity>
      <UnitOfMeasure>100 גרם</UnitOfMeasure>
      <bIsWeighted>0</bIsWeighted>
      <QtyInPackage>16</QtyInPackage>
      <ItemPrice>8.90</ItemPrice>
      <UnitOfMeasurePrice>5.9333</UnitOfMeasurePrice>
      <AllowDiscount>1</AllowDiscount>
      <ItemStatus>1</ItemStatus>
      <ItemId>72536</ItemId>
    </Item>
    <Item>
      <PriceUpdateDate>2023-12-31 12:50:39</PriceUpdateDate>
      <ItemCode>4820198874575</ItemCode>
      <ItemType>1</ItemType>
      <ItemName>תה שחור בניחוח קרם ב</ItemName>
      <ManufacturerName>,</ManufacturerName>
      <ManufactureCountry>לא ידוע</ManufactureCountry>
      <ManufacturerItemDescription>תה שחור בניחוח קרם ברולה עם לפאצו ועלי פ</ManufacturerItemDescription>
      <UnitQty>גרמים</UnitQty>
      <Quantity>30.00</Quantity>
      <UnitOfMeasure>100 גרם</UnitOfMeasure>
      <bIsWeighted>0</bIsWeighted>
      <QtyInPackage>1</QtyInPackage>
      <ItemPrice>9.90</ItemPrice>
      <UnitOfMeasurePrice>33.0000</UnitOfMeasurePrice>
      <AllowDiscount>1</AllowDiscount>
      <ItemStatus>1</ItemStatus>
      <ItemId>72568</ItemId>
    </Item>
    <Item>
      <PriceUpdateDate>2024-11-22 08:30:13</PriceUpdateDate>
      <ItemCode>4820198871277</ItemCode>
      <ItemType>1</ItemType>
      <ItemName>תה שחור עלי כותרת פר</ItemName>
      <ManufacturerName>MALBI CHOCOLATE</ManufacturerName>
      <ManufactureCountry>לא ידוע</ManufactureCountry>
      <ManufacturerItemDescription>תה שחור עלי כותרת פרחים ופירות יער 80 גר</ManufacturerItemDescription>
      <UnitQty>גרמים</UnitQty>
      <Quantity>80.00</Quantity>
      <UnitOfMeasure>100 גרם</UnitOfMeasure>
      <bIsWeighted>0</bIsWeighted>
      <QtyInPackage>1</QtyInPackage>
      <ItemPrice>17.90</ItemPrice>
      <UnitOfMeasurePrice>22.3750</UnitOfMeasurePrice>
      <AllowDiscount>1</AllowDiscount>
      <ItemStatus>1</ItemStatus>
      <ItemId>72569</ItemId>
    </Item>
    <Item>
      <PriceUpdateDate>2024-11-22 08:30:15</PriceUpdateDate>
      <ItemCode>4820097815549</ItemCode>
      <ItemType>1</ItemType>
      <ItemName>תה ירוק פירות ועלי כ</ItemName>
      <ManufacturerName>MALBI CHOCOLATE</ManufacturerName>
      <ManufactureCountry>לא ידוע</ManufactureCountry>
      <ManufacturerItemDescription>תה ירוק פירות ועלי כותרת פרחים פטל 80 גר</ManufacturerItemDescription>
      <UnitQty>גרמים</UnitQty>
      <Quantity>80.00</Quantity>
      <UnitOfMeasure>100 גרם</UnitOfMeasure>
      <bIsWeighted>0</bIsWeighted>
      <QtyInPackage>1</QtyInPackage>
      <ItemPrice>17.90</ItemPrice>
      <UnitOfMeasurePrice>22.3750</UnitOfMeasurePrice>
      <AllowDiscount>1</AllowDiscount>
      <ItemStatus>1</ItemStatus>
      <ItemId>72570</ItemId>
    </Item>
    <Item>
      <PriceUpdateDate>2024-11-22 08:30:15</PriceUpdateDate>
      <ItemCode>4820097818069</ItemCode>
      <ItemType>1</ItemType>
      <ItemName>תה שחור פירות ועלי כ</ItemName>
      <ManufacturerName>MALBI CHOCOLATE</ManufacturerName>
      <ManufactureCountry>לא ידוע</ManufactureCountry>
      <ManufacturerItemDescription>תה שחור פירות ועלי כותרת פרחים אפרסק 80</ManufacturerItemDescription>
      <UnitQty>גרמים</UnitQty>
      <Quantity>80.00</Quantity>
      <UnitOfMeasure>100 גרם</UnitOfMeasure>
      <bIsWeighted>0</bIsWeighted>
      <QtyInPackage>1</QtyInPackage>
      <ItemPrice>17.90</ItemPrice>
      <UnitOfMeasurePrice>22.3750</UnitOfMeasurePrice>
      <AllowDiscount>1</AllowDiscount>
      <ItemStatus>1</ItemStatus>
      <ItemId>72571</ItemId>
    </Item>
    <Item>
      <PriceUpdateDate>2024-11-22 08:30:15</PriceUpdateDate>
      <ItemCode>4604248018276</ItemCode>
      <ItemType>1</ItemType>
      <ItemName>רוטב בטעם גבינה 200</ItemName>
      <ManufacturerName>,</ManufacturerName>
      <ManufactureCountry>לא ידוע</ManufactureCountry>
      <ManufacturerItemDescription>רוטב בטעם גבינה 200 גר</ManufacturerItemDescription>
      <UnitQty>גרמים</UnitQty>
      <Quantity>200.00</Quantity>
      <UnitOfMeasure>100 גרם</UnitOfMeasure>
      <bIsWeighted>0</bIsWeighted>
      <QtyInPackage>1</QtyInPackage>
      <ItemPrice>8.90</ItemPrice>
      <UnitOfMeasurePrice>4.4500</UnitOfMeasurePrice>
      <AllowDiscount>1</AllowDiscount>
      <ItemStatus>1</ItemStatus>
      <ItemId>72573</ItemId>
    </Item>
    <Item>
      <PriceUpdateDate>2025-03-06 18:27:25</PriceUpdateDate>
      <ItemCode>4823097809815</ItemCode>
      <ItemType>1</ItemType>
      <ItemName>שלגון שרבט דפרודה או</ItemName>
      <ManufacturerName>ז'יטומרסקי זאבוד</ManufacturerName>
      <ManufactureCountry>לא ידוע</ManufactureCountry>
      <ManufacturerItemDescription>שלגון שרבט דפרודה אוכמניות 85 גר</ManufacturerItemDescription>
      <UnitQty>גרמים</UnitQty>
      <Quantity>85.00</Quantity>
      <UnitOfMeasure>100 גרם</UnitOfMeasure>
      <bIsWeighted>0</bIsWeighted>
      <QtyInPackage>40</QtyInPackage>
      <ItemPrice>6.90</ItemPrice>
      <UnitOfMeasurePrice>8.1176</UnitOfMeasurePrice>
      <AllowDiscount>1</AllowDiscount>
      <ItemStatus>1</ItemStatus>
      <ItemId>72609</ItemId>
    </Item>
    <Item>
      <PriceUpdateDate>2025-03-06 19:07:24</PriceUpdateDate>
      <ItemCode>4823077633324</ItemCode>
      <ItemType>1</ItemType>
      <ItemName>עוגיות שוקוציפס חתיכ</ItemName>
      <ManufacturerName>,</ManufacturerName>
      <ManufactureCountry>לא ידוע</ManufactureCountry>
      <ManufacturerItemDescription>עוגיות שוקוציפס חתיכות שוקולד 150 גר</ManufacturerItemDescription>
      <UnitQty>גרמים</UnitQty>
      <Quantity>150.00</Quantity>
      <UnitOfMeasure>100 גרם</UnitOfMeasure>
      <bIsWeighted>0</bIsWeighted>
      <QtyInPackage>16</QtyInPackage>
      <ItemPrice>8.90</ItemPrice>
      <UnitOfMeasurePrice>5.9333</UnitOfMeasurePrice>
      <AllowDiscount>1</AllowDiscount>
      <ItemStatus>1</ItemStatus>
      <ItemId>72623</ItemId>
    </Item>
    <Item>
      <PriceUpdateDate>2025-03-06 19:07:24</PriceUpdateDate>
      <ItemCode>4823077633317</ItemCode>
      <ItemType>1</ItemType>
      <ItemName>עוגיות שוקולד עם חתי</ItemName>
      <ManufacturerName>,</ManufacturerName>
      <ManufactureCountry>לא ידוע</ManufactureCountry>
      <ManufacturerItemDescription>עוגיות שוקולד עם חתיכות שוקולד 150 גר</ManufacturerItemDescription>
      <UnitQty>גרמים</UnitQty>
      <Quantity>150.00</Quantity>
      <UnitOfMeasure>100 גרם</UnitOfMeasure>
      <bIsWeighted>0</bIsWeighted>
      <QtyInPackage>16</QtyInPackage>
      <ItemPrice>8.90</ItemPrice>
      <UnitOfMeasurePrice>5.9333</UnitOfMeasurePrice>
      <AllowDiscount>1</AllowDiscount>
      <ItemStatus>1</ItemStatus>
      <ItemId>72624</ItemId>
    </Item>
    <Item>
      <PriceUpdateDate>2025-03-06 19:07:24</PriceUpdateDate>
      <ItemCode>4823077632112</ItemCode>
      <ItemType>1</ItemType>
      <ItemName>וופל רושן בטעם קקאו</ItemName>
      <ManufacturerName>,</ManufacturerName>
      <ManufactureCountry>לא ידוע</ManufactureCountry>
      <ManufacturerItemDescription>וופל רושן בטעם קקאו חלב 216 גר</ManufacturerItemDescription>
      <UnitQty>גרמים</UnitQty>
      <Quantity>216.00</Quantity>
      <UnitOfMeasure>100 גרם</UnitOfMeasure>
      <bIsWeighted>0</bIsWeighted>
      <QtyInPackage>1</QtyInPackage>
      <ItemPrice>9.90</ItemPrice>
      <UnitOfMeasurePrice>4.5833</UnitOfMeasurePrice>
      <AllowDiscount>1</AllowDiscount>
      <ItemStatus>1</ItemStatus>
      <ItemId>72625</ItemId>
    </Item>
    <Item>
      <PriceUpdateDate>2025-03-06 19:07:24</PriceUpdateDate>
      <ItemCode>4823077602863</ItemCode>
      <ItemType>1</ItemType>
      <ItemName>סוכ רושן גלי קרייזי</ItemName>
      <ManufacturerName>רושן</ManufacturerName>
      <ManufactureCountry>לא ידוע</ManufactureCountry>
      <ManufacturerItemDescription>סוכ רושן גלי קרייזי פצולקה 200 גר</ManufacturerItemDescription>
      <UnitQty>גרמים</UnitQty>
      <Quantity>200.00</Quantity>
      <UnitOfMeasure>100 גרם</UnitOfMeasure>
      <bIsWeighted>0</bIsWeighted>
      <QtyInPackage>1</QtyInPackage>
      <ItemPrice>9.90</ItemPrice>
      <UnitOfMeasurePrice>4.9500</UnitOfMeasurePrice>
      <AllowDiscount>1</AllowDiscount>
      <ItemStatus>1</ItemStatus>
      <ItemId>72627</ItemId>
    </Item>
    <Item>
      <PriceUpdateDate>2025-03-13 12:06:43</PriceUpdateDate>
      <ItemCode>8003340806815</ItemCode>
      <ItemType>1</ItemType>
      <ItemName>שוקולד לינדור פיסטוק</ItemName>
      <ManufacturerName>,</ManufacturerName>
      <ManufactureCountry>לא ידוע</ManufactureCountry>
      <ManufacturerItemDescription>שוקולד לינדור פיסטוק 100 גר</ManufacturerItemDescription>
      <UnitQty>גרמים</UnitQty>
      <Quantity>100.00</Quantity>
      <UnitOfMeasure>100 גרם</UnitOfMeasure>
      <bIsWeighted>0</bIsWeighted>
      <QtyInPackage>1</QtyInPackage>
      <ItemPrice>22.90</ItemPrice>
      <UnitOfMeasurePrice>22.9000</UnitOfMeasurePrice>
      <AllowDiscount>1</AllowDiscount>
      <ItemStatus>1</ItemStatus>
      <ItemId>97299</ItemId>
    </Item>
    <Item>
      <PriceUpdateDate>2025-08-10 09:41:15</PriceUpdateDate>
      <ItemCode>4750817224927</ItemCode>
      <ItemType>1</ItemType>
      <ItemName>שפרוטים מעושנים בשמן</ItemName>
      <ManufacturerName>,</ManufacturerName>
      <ManufactureCountry>לא ידוע</ManufactureCountry>
      <ManufacturerItemDescription>שפרוטים מעושנים בשמן צמחי שקוף 240 גר</ManufacturerItemDescription>
      <UnitQty>גרמים</UnitQty>
      <Quantity>240.00</Quantity>
      <UnitOfMeasure>100 גרם</UnitOfMeasure>
      <bIsWeighted>0</bIsWeighted>
      <QtyInPackage>1</QtyInPackage>
      <ItemPrice>16.90</ItemPrice>
      <UnitOfMeasurePrice>7.0417</UnitOfMeasurePrice>
      <AllowDiscount>1</AllowDiscount>
      <ItemStatus>1</ItemStatus>
      <ItemId>72645</ItemId>
    </Item>
    <Item>
      <PriceUpdateDate>2023-12-31 12:50:41</PriceUpdateDate>
      <ItemCode>4810168047351</ItemCode>
      <ItemType>1</ItemType>
      <ItemName>בצק עלים מרודד מוקפא</ItemName>
      <ManufacturerName>,</ManufacturerName>
      <ManufactureCountry>לא ידוע</ManufactureCountry>
      <ManufacturerItemDescription>בצק עלים מרודד מוקפא 450 גר</ManufacturerItemDescription>
      <UnitQty>גרמים</UnitQty>
      <Quantity>450.00</Quantity>
      <UnitOfMeasure>100 גרם</UnitOfMeasure>
      <bIsWeighted>0</bIsWeighted>
      <QtyInPackage>1</QtyInPackage>
      <ItemPrice>9.90</ItemPrice>
      <UnitOfMeasurePrice>2.2000</UnitOfMeasurePrice>
      <AllowDiscount>1</AllowDiscount>
      <ItemStatus>1</ItemStatus>
      <ItemId>72860</ItemId>
    </Item>
    <Item>
      <PriceUpdateDate>2023-12-31 12:50:41</PriceUpdateDate>
      <ItemCode>4810168047368</ItemCode>
      <ItemType>1</ItemType>
      <ItemName>בצק שמרים עלים מרודד</ItemName>
      <ManufacturerName>,</ManufacturerName>
      <ManufactureCountry>לא ידוע</ManufactureCountry>
      <ManufacturerItemDescription>בצק שמרים עלים מרודד מוקפא 450 גר</ManufacturerItemDescription>
      <UnitQty>גרמים</UnitQty>
      <Quantity>450.00</Quantity>
      <UnitOfMeasure>100 גרם</UnitOfMeasure>
      <bIsWeighted>0</bIsWeighted>
      <QtyInPackage>1</QtyInPackage>
      <ItemPrice>9.90</ItemPrice>
      <UnitOfMeasurePrice>2.2000</UnitOfMeasurePrice>
      <AllowDiscount>1</AllowDiscount>
      <ItemStatus>1</ItemStatus>
      <ItemId>72861</ItemId>
    </Item>
    <Item>
      <PriceUpdateDate>2025-06-03 08:36:02</PriceUpdateDate>
      <ItemCode>16578</ItemCode>
      <ItemType>0</ItemType>
      <ItemName>כרעיים עוף בשום ודבש</ItemName>
      <ManufacturerName>,</ManufacturerName>
      <ManufactureCountry>לא ידוע</ManufactureCountry>
      <ManufacturerItemDescription>כרעיים עוף בשום ודבש</ManufacturerItemDescription>
      <UnitQty>קילוגרמים</UnitQty>
      <Quantity>1.00</Quantity>
      <UnitOfMeasure>ק"ג</UnitOfMeasure>
      <bIsWeighted>1</bIsWeighted>
      <QtyInPackage>לא ידוע</QtyInPackage>
      <ItemPrice>79.00</ItemPrice>
      <UnitOfMeasurePrice>79.0000</UnitOfMeasurePrice>
      <AllowDiscount>1</AllowDiscount>
      <ItemStatus>1</ItemStatus>
      <ItemId>72900</ItemId>
    </Item>
    <Item>
      <PriceUpdateDate>2025-06-03 08:36:02</PriceUpdateDate>
      <ItemCode>16579</ItemCode>
      <ItemType>0</ItemType>
      <ItemName>כרעיים עוף איטלקי</ItemName>
      <ManufacturerName>,</ManufacturerName>
      <ManufactureCountry>לא ידוע</ManufactureCountry>
      <ManufacturerItemDescription>כרעיים עוף איטלקי</ManufacturerItemDescription>
      <UnitQty>קילוגרמים</UnitQty>
      <Quantity>1.00</Quantity>
      <UnitOfMeasure>ק"ג</UnitOfMeasure>
      <bIsWeighted>1</bIsWeighted>
      <QtyInPackage>לא ידוע</QtyInPackage>
      <ItemPrice>79.00</ItemPrice>
      <UnitOfMeasurePrice>79.0000</UnitOfMeasurePrice>
      <AllowDiscount>1</AllowDiscount>
      <ItemStatus>1</ItemStatus>
      <ItemId>72901</ItemId>
    </Item>
    <Item>
      <PriceUpdateDate>2023-12-31 12:50:41</PriceUpdateDate>
      <ItemCode>4607069984515</ItemCode>
      <ItemType>1</ItemType>
      <ItemName>גבינה משולשים סליבוצ</ItemName>
      <ManufacturerName>,</ManufacturerName>
      <ManufactureCountry>לא ידוע</ManufactureCountry>
      <ManufacturerItemDescription>גבינה משולשים סליבוצני 140 גר</ManufacturerItemDescription>
      <UnitQty>גרמים</UnitQty>
      <Quantity>140.00</Quantity>
      <UnitOfMeasure>100 גרם</UnitOfMeasure>
      <bIsWeighted>0</bIsWeighted>
      <QtyInPackage>16</QtyInPackage>
      <ItemPrice>16.90</ItemPrice>
      <UnitOfMeasurePrice>12.0714</UnitOfMeasurePrice>
      <AllowDiscount>1</AllowDiscount>
      <ItemStatus>1</ItemStatus>
      <ItemId>72902</ItemId>
    </Item>
    <Item>
      <PriceUpdateDate>2024-03-03 08:54:25</PriceUpdateDate>
      <ItemCode>8000420019158</ItemCode>
      <ItemType>1</ItemType>
      <ItemName>יין מבעבע יבש מאוד ג</ItemName>
      <ManufacturerName>,</ManufacturerName>
      <ManufactureCountry>לא ידוע</ManufactureCountry>
      <ManufacturerItemDescription>יין מבעבע יבש מאוד גאנציה פרוסקו רוזה</ManufacturerItemDescription>
      <UnitQty>מיליליטרים</UnitQty>
      <Quantity>750.00</Quantity>
      <UnitOfMeasure>100 מ"ל</UnitOfMeasure>
      <bIsWeighted>0</bIsWeighted>
      <QtyInPackage>1</QtyInPackage>
      <ItemPrice>54.90</ItemPrice>
      <UnitOfMeasurePrice>7.3200</UnitOfMeasurePrice>
      <AllowDiscount>1</AllowDiscount>
      <ItemStatus>1</ItemStatus>
      <ItemId>72976</ItemId>
    </Item>
    <Item>
      <PriceUpdateDate>2025-04-11 08:12:07</PriceUpdateDate>
      <ItemCode>5391530350211</ItemCode>
      <ItemType>1</ItemType>
      <ItemName>מארז גין זאנפאודר דר</ItemName>
      <ManufacturerName>,</ManufacturerName>
      <ManufactureCountry>לא ידוע</ManufactureCountry>
      <ManufacturerItemDescription>מארז גין זאנפאודר דרמשנבו אירי 700 מ+כוס</ManufacturerItemDescription>
      <UnitQty>מיליליטרים</UnitQty>
      <Quantity>700.00</Quantity>
      <UnitOfMeasure>100 מ"ל</UnitOfMeasure>
      <bIsWeighted>0</bIsWeighted>
      <QtyInPackage>1</QtyInPackage>
      <ItemPrice>174.90</ItemPrice>
      <UnitOfMeasurePrice>24.9857</UnitOfMeasurePrice>
      <AllowDiscount>1</AllowDiscount>
      <ItemStatus>1</ItemStatus>
      <ItemId>73011</ItemId>
    </Item>
    <Item>
      <PriceUpdateDate>2025-04-11 08:12:07</PriceUpdateDate>
      <ItemCode>4607026342792</ItemCode>
      <ItemType>1</ItemType>
      <ItemName>יין מבעבע רוזה חצי י</ItemName>
      <ManufacturerName>,</ManufacturerName>
      <ManufactureCountry>לא ידוע</ManufactureCountry>
      <ManufacturerItemDescription>יין מבעבע רוזה חצי יבש אבראו דורסו 750 מ</ManufacturerItemDescription>
      <UnitQty>מיליליטרים</UnitQty>
      <Quantity>750.00</Quantity>
      <UnitOfMeasure>100 מ"ל</UnitOfMeasure>
      <bIsWeighted>0</bIsWeighted>
      <QtyInPackage>1</QtyInPackage>
      <ItemPrice>49.90</ItemPrice>
      <UnitOfMeasurePrice>6.6533</UnitOfMeasurePrice>
      <AllowDiscount>1</AllowDiscount>
      <ItemStatus>1</ItemStatus>
      <ItemId>73013</ItemId>
    </Item>
    <Item>
      <PriceUpdateDate>2025-04-11 08:19:24</PriceUpdateDate>
      <ItemCode>4607026342341</ItemCode>
      <ItemType>1</ItemType>
      <ItemName>יין מבעבע לבן חצי מת</ItemName>
      <ManufacturerName>,</ManufacturerName>
      <ManufactureCountry>לא ידוע</ManufactureCountry>
      <ManufacturerItemDescription>יין מבעבע לבן חצי מתוק אבראו דורסו 750</ManufacturerItemDescription>
      <UnitQty>מיליליטרים</UnitQty>
      <Quantity>750.00</Quantity>
      <UnitOfMeasure>100 מ"ל</UnitOfMeasure>
      <bIsWeighted>0</bIsWeighted>
      <QtyInPackage>1</QtyInPackage>
      <ItemPrice>44.80</ItemPrice>
      <UnitOfMeasurePrice>5.9733</UnitOfMeasurePrice>
      <AllowDiscount>1</AllowDiscount>
      <ItemStatus>1</ItemStatus>
      <ItemId>73015</ItemId>
    </Item>
    <Item>
      <PriceUpdateDate>2025-11-02 11:31:18</PriceUpdateDate>
      <ItemCode>4810168001933</ItemCode>
      <ItemType>1</ItemType>
      <ItemName>מקלות סורימי בטעם סר</ItemName>
      <ManufacturerName>,</ManufacturerName>
      <ManufactureCountry>לא ידוע</ManufactureCountry>
      <ManufacturerItemDescription>מקלות סורימי בטעם סרטן 200 גרם</ManufacturerItemDescription>
      <UnitQty>גרמים</UnitQty>
      <Quantity>200.00</Quantity>
      <UnitOfMeasure>100 גרם</UnitOfMeasure>
      <bIsWeighted>0</bIsWeighted>
      <QtyInPackage>1</QtyInPackage>
      <ItemPrice>8.90</ItemPrice>
      <UnitOfMeasurePrice>4.4500</UnitOfMeasurePrice>
      <AllowDiscount>1</AllowDiscount>
      <ItemStatus>1</ItemStatus>
      <ItemId>73082</ItemId>
    </Item>
    <Item>
      <PriceUpdateDate>2025-11-02 11:31:18</PriceUpdateDate>
      <ItemCode>4810168001964</ItemCode>
      <ItemType>1</ItemType>
      <ItemName>נתחי סורימי בטעם סרט</ItemName>
      <ManufacturerName>,</ManufacturerName>
      <ManufactureCountry>לא ידוע</ManufactureCountry>
      <ManufacturerItemDescription>נתחי סורימי בטעם סרטן 200 גרם</ManufacturerItemDescription>
      <UnitQty>גרמים</UnitQty>
      <Quantity>200.00</Quantity>
      <UnitOfMeasure>100 גרם</UnitOfMeasure>
      <bIsWeighted>0</bIsWeighted>
      <QtyInPackage>1</QtyInPackage>
      <ItemPrice>8.90</ItemPrice>
      <UnitOfMeasurePrice>4.4500</UnitOfMeasurePrice>
      <AllowDiscount>1</AllowDiscount>
      <ItemStatus>1</ItemStatus>
      <ItemId>73083</ItemId>
    </Item>
    <Item>
      <PriceUpdateDate>2023-12-31 12:50:42</PriceUpdateDate>
      <ItemCode>4810077001710</ItemCode>
      <ItemType>1</ItemType>
      <ItemName>גלטין בקר 50 גר</ItemName>
      <ManufacturerName>,</ManufacturerName>
      <ManufactureCountry>לא ידוע</ManufactureCountry>
      <ManufacturerItemDescription>גלטין בקר 50 גרם</ManufacturerItemDescription>
      <UnitQty>גרמים</UnitQty>
      <Quantity>50.00</Quantity>
      <UnitOfMeasure>100 גרם</UnitOfMeasure>
      <bIsWeighted>0</bIsWeighted>
      <QtyInPackage>1</QtyInPackage>
      <ItemPrice>14.90</ItemPrice>
      <UnitOfMeasurePrice>29.8000</UnitOfMeasurePrice>
      <AllowDiscount>1</AllowDiscount>
      <ItemStatus>1</ItemStatus>
      <ItemId>73090</ItemId>
    </Item>
    <Item>
      <PriceUpdateDate>2023-12-31 12:50:42</PriceUpdateDate>
      <ItemCode>8004250092060</ItemCode>
      <ItemType>1</ItemType>
      <ItemName>חומץ בלסמי ממדונה 50</ItemName>
      <ManufacturerName>,</ManufacturerName>
      <ManufactureCountry>לא ידוע</ManufactureCountry>
      <ManufacturerItemDescription>חומץ בלסמי ממדונה 500 מל</ManufacturerItemDescription>
      <UnitQty>מיליליטרים</UnitQty>
      <Quantity>500.00</Quantity>
      <UnitOfMeasure>100 מ"ל</UnitOfMeasure>
      <bIsWeighted>0</bIsWeighted>
      <QtyInPackage>1</QtyInPackage>
      <ItemPrice>21.90</ItemPrice>
      <UnitOfMeasurePrice>4.3800</UnitOfMeasurePrice>
      <AllowDiscount>1</AllowDiscount>
      <ItemStatus>1</ItemStatus>
      <ItemId>73098</ItemId>
    </Item>
    <Item>
      <PriceUpdateDate>2024-12-20 08:47:55</PriceUpdateDate>
      <ItemCode>8004250092046</ItemCode>
      <ItemType>1</ItemType>
      <ItemName>חומץ בין יין אדום 50</ItemName>
      <ManufacturerName>,</ManufacturerName>
      <ManufactureCountry>לא ידוע</ManufactureCountry>
      <ManufacturerItemDescription>חומץ בין יין אדום 500 מל</ManufacturerItemDescription>
      <UnitQty>מיליליטרים</UnitQty>
      <Quantity>500.00</Quantity>
      <UnitOfMeasure>100 מ"ל</UnitOfMeasure>
      <bIsWeighted>0</bIsWeighted>
      <QtyInPackage>1</QtyInPackage>
      <ItemPrice>17.90</ItemPrice>
      <UnitOfMeasurePrice>3.5800</UnitOfMeasurePrice>
      <AllowDiscount>1</AllowDiscount>
      <ItemStatus>1</ItemStatus>
      <ItemId>73100</ItemId>
    </Item>
    <Item>
      <PriceUpdateDate>2024-12-20 08:47:55</PriceUpdateDate>
      <ItemCode>8004250092039</ItemCode>
      <ItemType>1</ItemType>
      <ItemName>חומץ בין יין לבן 500</ItemName>
      <ManufacturerName>,</ManufacturerName>
      <ManufactureCountry>לא ידוע</ManufactureCountry>
      <ManufacturerItemDescription>חומץ בין יין לבן 500 מל</ManufacturerItemDescription>
      <UnitQty>מיליליטרים</UnitQty>
      <Quantity>500.00</Quantity>
      <UnitOfMeasure>100 מ"ל</UnitOfMeasure>
      <bIsWeighted>0</bIsWeighted>
      <QtyInPackage>1</QtyInPackage>
      <ItemPrice>17.90</ItemPrice>
      <UnitOfMeasurePrice>3.5800</UnitOfMeasurePrice>
      <AllowDiscount>1</AllowDiscount>
      <ItemStatus>1</ItemStatus>
      <ItemId>73101</ItemId>
    </Item>
    <Item>
      <PriceUpdateDate>2023-12-31 12:50:43</PriceUpdateDate>
      <ItemCode>8006227001372</ItemCode>
      <ItemType>1</ItemType>
      <ItemName>לחם לבן עם שמן זית ל</ItemName>
      <ManufacturerName>,</ManufacturerName>
      <ManufactureCountry>לא ידוע</ManufactureCountry>
      <ManufacturerItemDescription>לחם לבן עם שמן זית ללא קשה סמנצאטו 400 ג</ManufacturerItemDescription>
      <UnitQty>גרמים</UnitQty>
      <Quantity>400.00</Quantity>
      <UnitOfMeasure>100 גרם</UnitOfMeasure>
      <bIsWeighted>0</bIsWeighted>
      <QtyInPackage>1</QtyInPackage>
      <ItemPrice>21.90</ItemPrice>
      <UnitOfMeasurePrice>5.4750</UnitOfMeasurePrice>
      <AllowDiscount>1</AllowDiscount>
      <ItemStatus>1</ItemStatus>
      <ItemId>73159</ItemId>
    </Item>
    <Item>
      <PriceUpdateDate>2023-12-31 12:50:43</PriceUpdateDate>
      <ItemCode>8006227001389</ItemCode>
      <ItemType>1</ItemType>
      <ItemName>לחם מלא עם שמן זית ל</ItemName>
      <ManufacturerName>,</ManufacturerName>
      <ManufactureCountry>לא ידוע</ManufactureCountry>
      <ManufacturerItemDescription>לחם מלא עם שמן זית ללא קשה סמנצאטו 400 ג</ManufacturerItemDescription>
      <UnitQty>גרמים</UnitQty>
      <Quantity>400.00</Quantity>
      <UnitOfMeasure>100 גרם</UnitOfMeasure>
      <bIsWeighted>0</bIsWeighted>
      <QtyInPackage>1</QtyInPackage>
      <ItemPrice>21.90</ItemPrice>
      <UnitOfMeasurePrice>5.4750</UnitOfMeasurePrice>
      <AllowDiscount>1</AllowDiscount>
      <ItemStatus>1</ItemStatus>
      <ItemId>73160</ItemId>
    </Item>
    <Item>
      <PriceUpdateDate>2025-07-20 20:13:12</PriceUpdateDate>
      <ItemCode>8003740014063</ItemCode>
      <ItemType>1</ItemType>
      <ItemName>פסטה אריגי בוקטיני 5</ItemName>
      <ManufacturerName>,</ManufacturerName>
      <ManufactureCountry>לא ידוע</ManufactureCountry>
      <ManufacturerItemDescription>פסטה אריגי בוקטיני 500 גר</ManufacturerItemDescription>
      <UnitQty>גרמים</UnitQty>
      <Quantity>500.00</Quantity>
      <UnitOfMeasure>100 גרם</UnitOfMeasure>
      <bIsWeighted>0</bIsWeighted>
      <QtyInPackage>1</QtyInPackage>
      <ItemPrice>8.90</ItemPrice>
      <UnitOfMeasurePrice>1.7800</UnitOfMeasurePrice>
      <AllowDiscount>1</AllowDiscount>
      <ItemStatus>1</ItemStatus>
      <ItemId>73379</ItemId>
    </Item>
    <Item>
      <PriceUpdateDate>2023-12-31 12:50:44</PriceUpdateDate>
      <ItemCode>8003740669263</ItemCode>
      <ItemType>1</ItemType>
      <ItemName>רוטב בולונז צמחי ארי</ItemName>
      <ManufacturerName>,</ManufacturerName>
      <ManufactureCountry>לא ידוע</ManufactureCountry>
      <ManufacturerItemDescription>רוטב בולונז צמחי אריגי 320 גר</ManufacturerItemDescription>
      <UnitQty>גרמים</UnitQty>
      <Quantity>320.00</Quantity>
      <UnitOfMeasure>100 גרם</UnitOfMeasure>
      <bIsWeighted>0</bIsWeighted>
      <QtyInPackage>1</QtyInPackage>
      <ItemPrice>11.90</ItemPrice>
      <UnitOfMeasurePrice>3.7188</UnitOfMeasurePrice>
      <AllowDiscount>1</AllowDiscount>
      <ItemStatus>1</ItemStatus>
      <ItemId>73380</ItemId>
    </Item>
    <Item>
      <PriceUpdateDate>2023-12-31 12:50:44</PriceUpdateDate>
      <ItemCode>3701086305528</ItemCode>
      <ItemType>1</ItemType>
      <ItemName>יין לה קוק קברנה סוב</ItemName>
      <ManufacturerName>,</ManufacturerName>
      <ManufactureCountry>צרפת</ManufactureCountry>
      <ManufacturerItemDescription>יין לה קוק אדום קברנה סוביניון 750 מל</ManufacturerItemDescription>
      <UnitQty>מיליליטרים</UnitQty>
      <Quantity>750.00</Quantity>
      <UnitOfMeasure>100 מ"ל</UnitOfMeasure>
      <bIsWeighted>0</bIsWeighted>
      <QtyInPackage>6</QtyInPackage>
      <ItemPrice>64.90</ItemPrice>
      <UnitOfMeasurePrice>8.6533</UnitOfMeasurePrice>
      <AllowDiscount>1</AllowDiscount>
      <ItemStatus>1</ItemStatus>
      <ItemId>73412</ItemId>
    </Item>
    <Item>
      <PriceUpdateDate>2023-12-31 12:50:44</PriceUpdateDate>
      <ItemCode>3701086305719</ItemCode>
      <ItemType>1</ItemType>
      <ItemName>יין אדום לה קוק מלבק</ItemName>
      <ManufacturerName>,</ManufacturerName>
      <ManufactureCountry>צרפת</ManufactureCountry>
      <ManufacturerItemDescription>יין אדום לה קוק מלבק 750 מל</ManufacturerItemDescription>
      <UnitQty>מיליליטרים</UnitQty>
      <Quantity>750.00</Quantity>
      <UnitOfMeasure>100 מ"ל</UnitOfMeasure>
      <bIsWeighted>0</bIsWeighted>
      <QtyInPackage>6</QtyInPackage>
      <ItemPrice>64.90</ItemPrice>
      <UnitOfMeasurePrice>8.6533</UnitOfMeasurePrice>
      <AllowDiscount>1</AllowDiscount>
      <ItemStatus>1</ItemStatus>
      <ItemId>73413</ItemId>
    </Item>
    <Item>
      <PriceUpdateDate>2025-01-01 09:06:50</PriceUpdateDate>
      <ItemCode>7290018677063</ItemCode>
      <ItemType>1</ItemType>
      <ItemName>קוואקר עבה אורגני 50</ItemName>
      <ManufacturerName>,</ManufacturerName>
      <ManufactureCountry>לא ידוע</ManufactureCountry>
      <ManufacturerItemDescription>קוואקר עבה אורגני 500 גר</ManufacturerItemDescription>
      <UnitQty>גרמים</UnitQty>
      <Quantity>500.00</Quantity>
      <UnitOfMeasure>100 גרם</UnitOfMeasure>
      <bIsWeighted>0</bIsWeighted>
      <QtyInPackage>1</QtyInPackage>
      <ItemPrice>12.90</ItemPrice>
      <UnitOfMeasurePrice>2.5800</UnitOfMeasurePrice>
      <AllowDiscount>1</AllowDiscount>
      <ItemStatus>1</ItemStatus>
      <ItemId>73429</ItemId>
    </Item>
    <Item>
      <PriceUpdateDate>2025-04-14 12:52:55</PriceUpdateDate>
      <ItemCode>5410481080043</ItemCode>
      <ItemType>1</ItemType>
      <ItemName>בר נוגט פירות יער קר</ItemName>
      <ManufacturerName>,</ManufacturerName>
      <ManufactureCountry>לא ידוע</ManufactureCountry>
      <ManufacturerItemDescription>בר נוגט פירות יער קרלייר 100 גר</ManufacturerItemDescription>
      <UnitQty>גרמים</UnitQty>
      <Quantity>100.00</Quantity>
      <UnitOfMeasure>100 גרם</UnitOfMeasure>
      <bIsWeighted>0</bIsWeighted>
      <QtyInPackage>1</QtyInPackage>
      <ItemPrice>18.90</ItemPrice>
      <UnitOfMeasurePrice>18.9000</UnitOfMeasurePrice>
      <AllowDiscount>1</AllowDiscount>
      <ItemStatus>1</ItemStatus>
      <ItemId>73481</ItemId>
    </Item>
    <Item>
      <PriceUpdateDate>2024-11-19 15:35:07</PriceUpdateDate>
      <ItemCode>4770265219535</ItemCode>
      <ItemType>1</ItemType>
      <ItemName>תחליף גבינה סבליה מע</ItemName>
      <ManufacturerName>,</ManufacturerName>
      <ManufactureCountry>לא ידוע</ManufactureCountry>
      <ManufacturerItemDescription>תחליף גבינה אנלוגי סבליה מעושנת גורמן 150 גר</ManufacturerItemDescription>
      <UnitQty>גרמים</UnitQty>
      <Quantity>150.00</Quantity>
      <UnitOfMeasure>100 גרם</UnitOfMeasure>
      <bIsWeighted>0</bIsWeighted>
      <QtyInPackage>1</QtyInPackage>
      <ItemPrice>14.90</ItemPrice>
      <UnitOfMeasurePrice>9.9333</UnitOfMeasurePrice>
      <AllowDiscount>1</AllowDiscount>
      <ItemStatus>1</ItemStatus>
      <ItemId>73628</ItemId>
    </Item>
    <Item>
      <PriceUpdateDate>2023-12-31 12:50:46</PriceUpdateDate>
      <ItemCode>7290004026509</ItemCode>
      <ItemType>1</ItemType>
      <ItemName>פיתה קלאסית 5 יח</ItemName>
      <ManufacturerName>,</ManufacturerName>
      <ManufactureCountry>לא ידוע</ManufactureCountry>
      <ManufacturerItemDescription>פיתה קלאסית 5 יח</ManufacturerItemDescription>
      <UnitQty>Unknown </UnitQty>
      <Quantity>0.00</Quantity>
      <UnitOfMeasure>Unknown </UnitOfMeasure>
      <bIsWeighted>0</bIsWeighted>
      <QtyInPackage>1</QtyInPackage>
      <ItemPrice>9.90</ItemPrice>
      <UnitOfMeasurePrice>0.0000</UnitOfMeasurePrice>
      <AllowDiscount>1</AllowDiscount>
      <ItemStatus>1</ItemStatus>
      <ItemId>73671</ItemId>
    </Item>
    <Item>
      <PriceUpdateDate>2023-12-31 12:50:47</PriceUpdateDate>
      <ItemCode>8023354320916</ItemCode>
      <ItemType>1</ItemType>
      <ItemName>יין פרימיטיבו רוזאטו</ItemName>
      <ManufacturerName>,</ManufacturerName>
      <ManufactureCountry>לא ידוע</ManufactureCountry>
      <ManufacturerItemDescription>יין פרימיטיבו רוזאטו נוטה רוסה 750 מל</ManufacturerItemDescription>
      <UnitQty>מיליליטרים</UnitQty>
      <Quantity>750.00</Quantity>
      <UnitOfMeasure>100 מ"ל</UnitOfMeasure>
      <bIsWeighted>0</bIsWeighted>
      <QtyInPackage>1</QtyInPackage>
      <ItemPrice>44.90</ItemPrice>
      <UnitOfMeasurePrice>5.9867</UnitOfMeasurePrice>
      <AllowDiscount>1</AllowDiscount>
      <ItemStatus>1</ItemStatus>
      <ItemId>73728</ItemId>
    </Item>
    <Item>
      <PriceUpdateDate>2023-12-31 12:50:47</PriceUpdateDate>
      <ItemCode>8004708018987</ItemCode>
      <ItemType>1</ItemType>
      <ItemName>מלח ורוד הימלאיה במט</ItemName>
      <ManufacturerName>,</ManufacturerName>
      <ManufactureCountry>לא ידוע</ManufactureCountry>
      <ManufacturerItemDescription>מלח ורוד הימלאיה במטחנה 90 גר</ManufacturerItemDescription>
      <UnitQty>גרמים</UnitQty>
      <Quantity>90.00</Quantity>
      <UnitOfMeasure>100 גרם</UnitOfMeasure>
      <bIsWeighted>0</bIsWeighted>
      <QtyInPackage>1</QtyInPackage>
      <ItemPrice>16.90</ItemPrice>
      <UnitOfMeasurePrice>18.7778</UnitOfMeasurePrice>
      <AllowDiscount>1</AllowDiscount>
      <ItemStatus>1</ItemStatus>
      <ItemId>73768</ItemId>
    </Item>
    <Item>
      <PriceUpdateDate>2023-12-31 12:50:47</PriceUpdateDate>
      <ItemCode>80651000</ItemCode>
      <ItemType>1</ItemType>
      <ItemName>שום וצילי במטחנה 35</ItemName>
      <ManufacturerName>,</ManufacturerName>
      <ManufactureCountry>לא ידוע</ManufactureCountry>
      <ManufacturerItemDescription>שום וצילי במטחנה 35 גר</ManufacturerItemDescription>
      <UnitQty>גרמים</UnitQty>
      <Quantity>35.00</Quantity>
      <UnitOfMeasure>100 גרם</UnitOfMeasure>
      <bIsWeighted>0</bIsWeighted>
      <QtyInPackage>1</QtyInPackage>
      <ItemPrice>16.90</ItemPrice>
      <UnitOfMeasurePrice>48.2857</UnitOfMeasurePrice>
      <AllowDiscount>1</AllowDiscount>
      <ItemStatus>1</ItemStatus>
      <ItemId>73770</ItemId>
    </Item>
    <Item>
      <PriceUpdateDate>2023-12-31 12:50:47</PriceUpdateDate>
      <ItemCode>80273660</ItemCode>
      <ItemType>1</ItemType>
      <ItemName>שום במטחנה 50 גר</ItemName>
      <ManufacturerName>,</ManufacturerName>
      <ManufactureCountry>לא ידוע</ManufactureCountry>
      <ManufacturerItemDescription>שום במטחנה 50 גר</ManufacturerItemDescription>
      <UnitQty>גרמים</UnitQty>
      <Quantity>50.00</Quantity>
      <UnitOfMeasure>100 גרם</UnitOfMeasure>
      <bIsWeighted>0</bIsWeighted>
      <QtyInPackage>1</QtyInPackage>
      <ItemPrice>16.90</ItemPrice>
      <UnitOfMeasurePrice>33.8000</UnitOfMeasurePrice>
      <AllowDiscount>1</AllowDiscount>
      <ItemStatus>1</ItemStatus>
      <ItemId>73771</ItemId>
    </Item>
    <Item>
      <PriceUpdateDate>2023-12-31 12:50:47</PriceUpdateDate>
      <ItemCode>80273684</ItemCode>
      <ItemType>1</ItemType>
      <ItemName>תערובת עשבי פרובנס ב</ItemName>
      <ManufacturerName>,</ManufacturerName>
      <ManufactureCountry>לא ידוע</ManufactureCountry>
      <ManufacturerItemDescription>תערובת עשבי פרובנס במטחנה 20 גר</ManufacturerItemDescription>
      <UnitQty>גרמים</UnitQty>
      <Quantity>20.00</Quantity>
      <UnitOfMeasure>100 גרם</UnitOfMeasure>
      <bIsWeighted>0</bIsWeighted>
      <QtyInPackage>1</QtyInPackage>
      <ItemPrice>16.90</ItemPrice>
      <UnitOfMeasurePrice>84.5000</UnitOfMeasurePrice>
      <AllowDiscount>1</AllowDiscount>
      <ItemStatus>1</ItemStatus>
      <ItemId>73774</ItemId>
    </Item>
    <Item>
      <PriceUpdateDate>2024-10-01 09:11:57</PriceUpdateDate>
      <ItemCode>78548293024</ItemCode>
      <ItemType>1</ItemType>
      <ItemName>מקלות גונץ אפויים עם</ItemName>
      <ManufacturerName>GUNZ WARENHANDELS</ManufacturerName>
      <ManufactureCountry>לא ידוע</ManufactureCountry>
      <ManufacturerItemDescription>מקלות גונץ אפויים עם שמן זית 250גר</ManufacturerItemDescription>
      <UnitQty>גרמים</UnitQty>
      <Quantity>250.00</Quantity>
      <UnitOfMeasure>100 גרם</UnitOfMeasure>
      <bIsWeighted>0</bIsWeighted>
      <QtyInPackage>1</QtyInPackage>
      <ItemPrice>18.90</ItemPrice>
      <UnitOfMeasurePrice>7.5600</UnitOfMeasurePrice>
      <AllowDiscount>1</AllowDiscount>
      <ItemStatus>1</ItemStatus>
      <ItemId>73976</ItemId>
    </Item>
    <Item>
      <PriceUpdateDate>2024-05-06 19:50:16</PriceUpdateDate>
      <ItemCode>6413467234804</ItemCode>
      <ItemType>1</ItemType>
      <ItemName>טוסט שיפון מלא חום 2</ItemName>
      <ManufacturerName>,</ManufacturerName>
      <ManufactureCountry>לא ידוע</ManufactureCountry>
      <ManufacturerItemDescription>טוסט שיפון מלא חום 215 גר</ManufacturerItemDescription>
      <UnitQty>גרמים</UnitQty>
      <Quantity>215.00</Quantity>
      <UnitOfMeasure>100 גרם</UnitOfMeasure>
      <bIsWeighted>0</bIsWeighted>
      <QtyInPackage>1</QtyInPackage>
      <ItemPrice>14.90</ItemPrice>
      <UnitOfMeasurePrice>6.9302</UnitOfMeasurePrice>
      <AllowDiscount>1</AllowDiscount>
      <ItemStatus>1</ItemStatus>
      <ItemId>74040</ItemId>
    </Item>
    <Item>
      <PriceUpdateDate>2024-05-06 19:50:16</PriceUpdateDate>
      <ItemCode>6411402976802</ItemCode>
      <ItemType>1</ItemType>
      <ItemName>טוסט שיפון מלא 200 ג</ItemName>
      <ManufacturerName>,</ManufacturerName>
      <ManufactureCountry>לא ידוע</ManufactureCountry>
      <ManufacturerItemDescription>טוסט שיפון מלא 200 גר</ManufacturerItemDescription>
      <UnitQty>גרמים</UnitQty>
      <Quantity>200.00</Quantity>
      <UnitOfMeasure>100 גרם</UnitOfMeasure>
      <bIsWeighted>0</bIsWeighted>
      <QtyInPackage>1</QtyInPackage>
      <ItemPrice>14.90</ItemPrice>
      <UnitOfMeasurePrice>7.4500</UnitOfMeasurePrice>
      <AllowDiscount>1</AllowDiscount>
      <ItemStatus>1</ItemStatus>
      <ItemId>74041</ItemId>
    </Item>
    <Item>
      <PriceUpdateDate>2023-12-31 12:50:49</PriceUpdateDate>
      <ItemCode>7290013187215</ItemCode>
      <ItemType>1</ItemType>
      <ItemName>פילה סלמון מנות קפוא</ItemName>
      <ManufacturerName>,</ManufacturerName>
      <ManufactureCountry>לא ידוע</ManufactureCountry>
      <ManufacturerItemDescription>פילה סלמון מנות קפוא 800 גר</ManufacturerItemDescription>
      <UnitQty>גרמים</UnitQty>
      <Quantity>800.00</Quantity>
      <UnitOfMeasure>100 גרם</UnitOfMeasure>
      <bIsWeighted>0</bIsWeighted>
      <QtyInPackage>לא ידוע</QtyInPackage>
      <ItemPrice>89.90</ItemPrice>
      <UnitOfMeasurePrice>11.2375</UnitOfMeasurePrice>
      <AllowDiscount>1</AllowDiscount>
      <ItemStatus>1</ItemStatus>
      <ItemId>74144</ItemId>
    </Item>
    <Item>
      <PriceUpdateDate>2025-03-02 08:29:40</PriceUpdateDate>
      <ItemCode>8711271101595</ItemCode>
      <ItemType>1</ItemType>
      <ItemName>בצלי אמסטרדם 370 מל</ItemName>
      <ManufacturerName>,</ManufacturerName>
      <ManufactureCountry>לא ידוע</ManufactureCountry>
      <ManufacturerItemDescription>בצלי אמסטרדם 370 מל</ManufacturerItemDescription>
      <UnitQty>מיליליטרים</UnitQty>
      <Quantity>370.00</Quantity>
      <UnitOfMeasure>100 מ"ל</UnitOfMeasure>
      <bIsWeighted>0</bIsWeighted>
      <QtyInPackage>1</QtyInPackage>
      <ItemPrice>16.90</ItemPrice>
      <UnitOfMeasurePrice>4.5676</UnitOfMeasurePrice>
      <AllowDiscount>1</AllowDiscount>
      <ItemStatus>1</ItemStatus>
      <ItemId>74426</ItemId>
    </Item>
    <Item>
      <PriceUpdateDate>2024-11-22 08:30:50</PriceUpdateDate>
      <ItemCode>4607016313030</ItemCode>
      <ItemType>1</ItemType>
      <ItemName>רוטב ברוסניקה קינטו</ItemName>
      <ManufacturerName>ז אי או יוזמורריבפלו</ManufacturerName>
      <ManufactureCountry>לא ידוע</ManufactureCountry>
      <ManufacturerItemDescription>רוטב ברוסניקה קינטו 320 גר</ManufacturerItemDescription>
      <UnitQty>גרמים</UnitQty>
      <Quantity>320.00</Quantity>
      <UnitOfMeasure>100 גרם</UnitOfMeasure>
      <bIsWeighted>0</bIsWeighted>
      <QtyInPackage>1</QtyInPackage>
      <ItemPrice>28.90</ItemPrice>
      <UnitOfMeasurePrice>9.0312</UnitOfMeasurePrice>
      <AllowDiscount>1</AllowDiscount>
      <ItemStatus>1</ItemStatus>
      <ItemId>74430</ItemId>
    </Item>
    <Item>
      <PriceUpdateDate>2025-11-10 11:29:14</PriceUpdateDate>
      <ItemCode>4760018505053</ItemCode>
      <ItemType>1</ItemType>
      <ItemName>ריבת פטל 400 גר</ItemName>
      <ManufacturerName>,</ManufacturerName>
      <ManufactureCountry>לא ידוע</ManufactureCountry>
      <ManufacturerItemDescription>ריבת פטל 400 גר</ManufacturerItemDescription>
      <UnitQty>גרמים</UnitQty>
      <Quantity>400.00</Quantity>
      <UnitOfMeasure>100 גרם</UnitOfMeasure>
      <bIsWeighted>0</bIsWeighted>
      <QtyInPackage>1</QtyInPackage>
      <ItemPrice>21.90</ItemPrice>
      <UnitOfMeasurePrice>5.4750</UnitOfMeasurePrice>
      <AllowDiscount>1</AllowDiscount>
      <ItemStatus>1</ItemStatus>
      <ItemId>74439</ItemId>
    </Item>
    <Item>
      <PriceUpdateDate>2025-11-10 11:29:14</PriceUpdateDate>
      <ItemCode>4760068001710</ItemCode>
      <ItemType>1</ItemType>
      <ItemName>ריבת תות שדה 400 גר</ItemName>
      <ManufacturerName>,</ManufacturerName>
      <ManufactureCountry>לא ידוע</ManufactureCountry>
      <ManufacturerItemDescription>ריבת תות שדה 400 גר</ManufacturerItemDescription>
      <UnitQty>גרמים</UnitQty>
      <Quantity>400.00</Quantity>
      <UnitOfMeasure>100 גרם</UnitOfMeasure>
      <bIsWeighted>0</bIsWeighted>
      <QtyInPackage>1</QtyInPackage>
      <ItemPrice>18.90</ItemPrice>
      <UnitOfMeasurePrice>4.7250</UnitOfMeasurePrice>
      <AllowDiscount>1</AllowDiscount>
      <ItemStatus>1</ItemStatus>
      <ItemId>74441</ItemId>
    </Item>
    <Item>
      <PriceUpdateDate>2024-11-06 16:48:25</PriceUpdateDate>
      <ItemCode>4760068002274</ItemCode>
      <ItemType>1</ItemType>
      <ItemName>ריבת חבושים 400 גר</ItemName>
      <ManufacturerName>BIZIM TARLA</ManufacturerName>
      <ManufactureCountry>לא ידוע</ManufactureCountry>
      <ManufacturerItemDescription>ריבת חבושים 400 גר</ManufacturerItemDescription>
      <UnitQty>גרמים</UnitQty>
      <Quantity>400.00</Quantity>
      <UnitOfMeasure>100 גרם</UnitOfMeasure>
      <bIsWeighted>0</bIsWeighted>
      <QtyInPackage>1</QtyInPackage>
      <ItemPrice>17.90</ItemPrice>
      <UnitOfMeasurePrice>4.4750</UnitOfMeasurePrice>
      <AllowDiscount>1</AllowDiscount>
      <ItemStatus>1</ItemStatus>
      <ItemId>74442</ItemId>
    </Item>
    <Item>
      <PriceUpdateDate>2024-11-03 14:19:36</PriceUpdateDate>
      <ItemCode>7290004053192</ItemCode>
      <ItemType>1</ItemType>
      <ItemName>נקניקיות עגל בוואקום</ItemName>
      <ManufacturerName>,</ManufacturerName>
      <ManufactureCountry>לא ידוע</ManufactureCountry>
      <ManufacturerItemDescription>נקניקיות עגל בוואקום 600 גר</ManufacturerItemDescription>
      <UnitQty>גרמים</UnitQty>
      <Quantity>600.00</Quantity>
      <UnitOfMeasure>100 גרם</UnitOfMeasure>
      <bIsWeighted>0</bIsWeighted>
      <QtyInPackage>1</QtyInPackage>
      <ItemPrice>44.90</ItemPrice>
      <UnitOfMeasurePrice>7.4833</UnitOfMeasurePrice>
      <AllowDiscount>1</AllowDiscount>
      <ItemStatus>1</ItemStatus>
      <ItemId>74464</ItemId>
    </Item>
    <Item>
      <PriceUpdateDate>2024-11-03 14:19:36</PriceUpdateDate>
      <ItemCode>7290006833822</ItemCode>
      <ItemType>1</ItemType>
      <ItemName>מארז נקניקיות עוף 60</ItemName>
      <ManufacturerName>,</ManufacturerName>
      <ManufactureCountry>לא ידוע</ManufactureCountry>
      <ManufacturerItemDescription>מארז נקניקיות עוף 600 גר</ManufacturerItemDescription>
      <UnitQty>גרמים</UnitQty>
      <Quantity>600.00</Quantity>
      <UnitOfMeasure>100 גרם</UnitOfMeasure>
      <bIsWeighted>0</bIsWeighted>
      <QtyInPackage>1</QtyInPackage>
      <ItemPrice>29.90</ItemPrice>
      <UnitOfMeasurePrice>4.9833</UnitOfMeasurePrice>
      <AllowDiscount>1</AllowDiscount>
      <ItemStatus>1</ItemStatus>
      <ItemId>74465</ItemId>
    </Item>
    <Item>
      <PriceUpdateDate>2024-11-03 10:27:06</PriceUpdateDate>
      <ItemCode>8050705434473</ItemCode>
      <ItemType>1</ItemType>
      <ItemName>מאפה קרואסון קורנטו</ItemName>
      <ManufacturerName>,</ManufacturerName>
      <ManufactureCountry>לא ידוע</ManufactureCountry>
      <ManufacturerItemDescription>מאפה קרואסון קורנטו מילוי משמש 300 גר</ManufacturerItemDescription>
      <UnitQty>גרמים</UnitQty>
      <Quantity>300.00</Quantity>
      <UnitOfMeasure>100 גרם</UnitOfMeasure>
      <bIsWeighted>0</bIsWeighted>
      <QtyInPackage>1</QtyInPackage>
      <ItemPrice>16.90</ItemPrice>
      <UnitOfMeasurePrice>5.6333</UnitOfMeasurePrice>
      <AllowDiscount>1</AllowDiscount>
      <ItemStatus>1</ItemStatus>
      <ItemId>74484</ItemId>
    </Item>
    <Item>
      <PriceUpdateDate>2023-12-31 12:50:51</PriceUpdateDate>
      <ItemCode>8050705431144</ItemCode>
      <ItemType>1</ItemType>
      <ItemName>עוגיות במילוי קרם בט</ItemName>
      <ManufacturerName>,</ManufacturerName>
      <ManufactureCountry>לא ידוע</ManufactureCountry>
      <ManufacturerItemDescription>עוגיות במילוי קרם בטעם בננה 300 גר</ManufacturerItemDescription>
      <UnitQty>גרמים</UnitQty>
      <Quantity>300.00</Quantity>
      <UnitOfMeasure>100 גרם</UnitOfMeasure>
      <bIsWeighted>0</bIsWeighted>
      <QtyInPackage>1</QtyInPackage>
      <ItemPrice>18.90</ItemPrice>
      <UnitOfMeasurePrice>6.3000</UnitOfMeasurePrice>
      <AllowDiscount>1</AllowDiscount>
      <ItemStatus>1</ItemStatus>
      <ItemId>74488</ItemId>
    </Item>
    <Item>
      <PriceUpdateDate>2023-12-31 12:50:51</PriceUpdateDate>
      <ItemCode>8050705431106</ItemCode>
      <ItemType>1</ItemType>
      <ItemName>עוגיות במילוי קרם בט</ItemName>
      <ManufacturerName>,</ManufacturerName>
      <ManufactureCountry>לא ידוע</ManufactureCountry>
      <ManufacturerItemDescription>עוגיות במילוי קרם בטעם שוקולד 300 גר</ManufacturerItemDescription>
      <UnitQty>גרמים</UnitQty>
      <Quantity>300.00</Quantity>
      <UnitOfMeasure>100 גרם</UnitOfMeasure>
      <bIsWeighted>0</bIsWeighted>
      <QtyInPackage>1</QtyInPackage>
      <ItemPrice>18.90</ItemPrice>
      <UnitOfMeasurePrice>6.3000</UnitOfMeasurePrice>
      <AllowDiscount>1</AllowDiscount>
      <ItemStatus>1</ItemStatus>
      <ItemId>74489</ItemId>
    </Item>
    <Item>
      <PriceUpdateDate>2023-12-31 12:50:51</PriceUpdateDate>
      <ItemCode>8050705431120</ItemCode>
      <ItemType>1</ItemType>
      <ItemName>עוגיות במילוי קרם בט</ItemName>
      <ManufacturerName>,</ManufacturerName>
      <ManufactureCountry>לא ידוע</ManufactureCountry>
      <ManufacturerItemDescription>עוגיות במילוי קרם בטעם תות שדה 300 גר</ManufacturerItemDescription>
      <UnitQty>גרמים</UnitQty>
      <Quantity>300.00</Quantity>
      <UnitOfMeasure>100 גרם</UnitOfMeasure>
      <bIsWeighted>0</bIsWeighted>
      <QtyInPackage>1</QtyInPackage>
      <ItemPrice>18.90</ItemPrice>
      <UnitOfMeasurePrice>6.3000</UnitOfMeasurePrice>
      <AllowDiscount>1</AllowDiscount>
      <ItemStatus>1</ItemStatus>
      <ItemId>74491</ItemId>
    </Item>
    <Item>
      <PriceUpdateDate>2024-04-07 18:03:51</PriceUpdateDate>
      <ItemCode>5900084064064</ItemCode>
      <ItemType>1</ItemType>
      <ItemName>חרדל בסגנון צרפתי 18</ItemName>
      <ManufacturerName>,</ManufacturerName>
      <ManufactureCountry>ליטא</ManufactureCountry>
      <ManufacturerItemDescription>חרדל בסגנון צרפתי 185 גר</ManufacturerItemDescription>
      <UnitQty>גרמים</UnitQty>
      <Quantity>185.00</Quantity>
      <UnitOfMeasure>100 גרם</UnitOfMeasure>
      <bIsWeighted>0</bIsWeighted>
      <QtyInPackage>1</QtyInPackage>
      <ItemPrice>11.90</ItemPrice>
      <UnitOfMeasurePrice>6.4324</UnitOfMeasurePrice>
      <AllowDiscount>1</AllowDiscount>
      <ItemStatus>1</ItemStatus>
      <ItemId>74632</ItemId>
    </Item>
    <Item>
      <PriceUpdateDate>2025-11-09 14:54:57</PriceUpdateDate>
      <ItemCode>4006814000751</ItemCode>
      <ItemType>1</ItemType>
      <ItemName>סנטה בודד עם כובע 80</ItemName>
      <ManufacturerName>,</ManufacturerName>
      <ManufactureCountry>לא ידוע</ManufactureCountry>
      <ManufacturerItemDescription>סנטה בודד עם כובע 80 גר</ManufacturerItemDescription>
      <UnitQty>גרמים</UnitQty>
      <Quantity>80.00</Quantity>
      <UnitOfMeasure>100 גרם</UnitOfMeasure>
      <bIsWeighted>0</bIsWeighted>
      <QtyInPackage>40</QtyInPackage>
      <ItemPrice>25.90</ItemPrice>
      <UnitOfMeasurePrice>32.3750</UnitOfMeasurePrice>
      <AllowDiscount>1</AllowDiscount>
      <ItemStatus>1</ItemStatus>
      <ItemId>75042</ItemId>
    </Item>
    <Item>
      <PriceUpdateDate>2025-11-09 14:54:57</PriceUpdateDate>
      <ItemCode>8001720416401</ItemCode>
      <ItemType>1</ItemType>
      <ItemName>פנדורו קרם שמנת ופיצ</ItemName>
      <ManufacturerName>,</ManufacturerName>
      <ManufactureCountry>לא ידוע</ManufactureCountry>
      <ManufacturerItemDescription>פנדורו קרם שמנת ופיצפוצי שוקולד באולי</ManufacturerItemDescription>
      <UnitQty>גרמים</UnitQty>
      <Quantity>750.00</Quantity>
      <UnitOfMeasure>100 גרם</UnitOfMeasure>
      <bIsWeighted>0</bIsWeighted>
      <QtyInPackage>16</QtyInPackage>
      <ItemPrice>79.90</ItemPrice>
      <UnitOfMeasurePrice>10.6533</UnitOfMeasurePrice>
      <AllowDiscount>1</AllowDiscount>
      <ItemStatus>1</ItemStatus>
      <ItemId>75050</ItemId>
    </Item>
    <Item>
      <PriceUpdateDate>2025-08-12 12:29:45</PriceUpdateDate>
      <ItemCode>4810065013121</ItemCode>
      <ItemType>1</ItemType>
      <ItemName>חלב מרוכז ממותק 8.5%</ItemName>
      <ManufacturerName>,</ManufacturerName>
      <ManufactureCountry>לא ידוע</ManufactureCountry>
      <ManufacturerItemDescription>חלב מרוכז ממותק 8.5% רוגצב 270 גר</ManufacturerItemDescription>
      <UnitQty>גרמים</UnitQty>
      <Quantity>270.00</Quantity>
      <UnitOfMeasure>100 גרם</UnitOfMeasure>
      <bIsWeighted>0</bIsWeighted>
      <QtyInPackage>24</QtyInPackage>
      <ItemPrice>11.90</ItemPrice>
      <UnitOfMeasurePrice>4.4074</UnitOfMeasurePrice>
      <AllowDiscount>1</AllowDiscount>
      <ItemStatus>1</ItemStatus>
      <ItemId>75087</ItemId>
    </Item>
    <Item>
      <PriceUpdateDate>2023-12-31 12:50:55</PriceUpdateDate>
      <ItemCode>7290018293041</ItemCode>
      <ItemType>1</ItemType>
      <ItemName>רבעי ארטישוק עם בשמן</ItemName>
      <ManufacturerName>,</ManufacturerName>
      <ManufactureCountry>לא ידוע</ManufactureCountry>
      <ManufacturerItemDescription>רבעי ארטישוק עם בשמן זית 530 גר</ManufacturerItemDescription>
      <UnitQty>גרמים</UnitQty>
      <Quantity>530.00</Quantity>
      <UnitOfMeasure>100 גרם</UnitOfMeasure>
      <bIsWeighted>0</bIsWeighted>
      <QtyInPackage>1</QtyInPackage>
      <ItemPrice>23.90</ItemPrice>
      <UnitOfMeasurePrice>4.5094</UnitOfMeasurePrice>
      <AllowDiscount>1</AllowDiscount>
      <ItemStatus>1</ItemStatus>
      <ItemId>75121</ItemId>
    </Item>
    <Item>
      <PriceUpdateDate>2024-11-03 13:30:30</PriceUpdateDate>
      <ItemCode>4810168057435</ItemCode>
      <ItemType>1</ItemType>
      <ItemName>חתיכות פילה דג הרינג</ItemName>
      <ManufacturerName>,</ManufacturerName>
      <ManufactureCountry>לא ידוע</ManufactureCountry>
      <ManufacturerItemDescription>חתיכות פילה דג הרינג מלוח בשמן 400 גר</ManufacturerItemDescription>
      <UnitQty>גרמים</UnitQty>
      <Quantity>400.00</Quantity>
      <UnitOfMeasure>100 גרם</UnitOfMeasure>
      <bIsWeighted>0</bIsWeighted>
      <QtyInPackage>1</QtyInPackage>
      <ItemPrice>32.90</ItemPrice>
      <UnitOfMeasurePrice>8.2250</UnitOfMeasurePrice>
      <AllowDiscount>1</AllowDiscount>
      <ItemStatus>1</ItemStatus>
      <ItemId>75128</ItemId>
    </Item>
    <Item>
      <PriceUpdateDate>2025-11-09 14:54:19</PriceUpdateDate>
      <ItemCode>42370307</ItemCode>
      <ItemType>1</ItemType>
      <ItemName>סמרטיז סנטה קלאוס גו</ItemName>
      <ManufacturerName>,</ManufacturerName>
      <ManufactureCountry>לא ידוע</ManufactureCountry>
      <ManufacturerItemDescription>סמרטיז סנטה קלאוס גונץ 85 גר</ManufacturerItemDescription>
      <UnitQty>גרמים</UnitQty>
      <Quantity>85.00</Quantity>
      <UnitOfMeasure>100 גרם</UnitOfMeasure>
      <bIsWeighted>0</bIsWeighted>
      <QtyInPackage>16</QtyInPackage>
      <ItemPrice>22.90</ItemPrice>
      <UnitOfMeasurePrice>26.9412</UnitOfMeasurePrice>
      <AllowDiscount>1</AllowDiscount>
      <ItemStatus>1</ItemStatus>
      <ItemId>75196</ItemId>
    </Item>
    <Item>
      <PriceUpdateDate>2025-03-06 19:02:09</PriceUpdateDate>
      <ItemCode>4008400141527</ItemCode>
      <ItemType>1</ItemType>
      <ItemName>פרלין שוקולד במילוי</ItemName>
      <ManufacturerName>,</ManufacturerName>
      <ManufactureCountry>לא ידוע</ManufactureCountry>
      <ManufacturerItemDescription>פרלין שוקולד במילוי אספרסו פררו 62 גר</ManufacturerItemDescription>
      <UnitQty>גרמים</UnitQty>
      <Quantity>62.00</Quantity>
      <UnitOfMeasure>100 גרם</UnitOfMeasure>
      <bIsWeighted>0</bIsWeighted>
      <QtyInPackage>72</QtyInPackage>
      <ItemPrice>14.90</ItemPrice>
      <UnitOfMeasurePrice>24.0323</UnitOfMeasurePrice>
      <AllowDiscount>1</AllowDiscount>
      <ItemStatus>1</ItemStatus>
      <ItemId>75208</ItemId>
    </Item>
    <Item>
      <PriceUpdateDate>2023-12-31 12:50:56</PriceUpdateDate>
      <ItemCode>8901047039027</ItemCode>
      <ItemType>1</ItemType>
      <ItemName>אורז בסמטי ארוך פרמי</ItemName>
      <ManufacturerName>,</ManufacturerName>
      <ManufactureCountry>לא ידוע</ManufactureCountry>
      <ManufacturerItemDescription>אורז בסמטי ארוך פרמיום קוהינור 1 קג</ManufacturerItemDescription>
      <UnitQty>קילוגרמים</UnitQty>
      <Quantity>1.00</Quantity>
      <UnitOfMeasure>ק"ג     </UnitOfMeasure>
      <bIsWeighted>0</bIsWeighted>
      <QtyInPackage>1</QtyInPackage>
      <ItemPrice>16.90</ItemPrice>
      <UnitOfMeasurePrice>16.9000</UnitOfMeasurePrice>
      <AllowDiscount>1</AllowDiscount>
      <ItemStatus>1</ItemStatus>
      <ItemId>75236</ItemId>
    </Item>
    <Item>
      <PriceUpdateDate>2023-12-31 12:50:57</PriceUpdateDate>
      <ItemCode>22415</ItemCode>
      <ItemType>0</ItemType>
      <ItemName>בגט צרפתי 295 גר</ItemName>
      <ManufacturerName>,</ManufacturerName>
      <ManufactureCountry>לא ידוע</ManufactureCountry>
      <ManufacturerItemDescription>בגט צרפתי 295 גר</ManufacturerItemDescription>
      <UnitQty>גרמים</UnitQty>
      <Quantity>295.00</Quantity>
      <UnitOfMeasure>100 גרם</UnitOfMeasure>
      <bIsWeighted>0</bIsWeighted>
      <QtyInPackage>1</QtyInPackage>
      <ItemPrice>12.90</ItemPrice>
      <UnitOfMeasurePrice>4.3729</UnitOfMeasurePrice>
      <AllowDiscount>1</AllowDiscount>
      <ItemStatus>1</ItemStatus>
      <ItemId>75444</ItemId>
    </Item>
    <Item>
      <PriceUpdateDate>2024-07-22 08:49:51</PriceUpdateDate>
      <ItemCode>68443</ItemCode>
      <ItemType>0</ItemType>
      <ItemName>בגט מחמצת שיפון 350</ItemName>
      <ManufacturerName>,</ManufacturerName>
      <ManufactureCountry>לא ידוע</ManufactureCountry>
      <ManufacturerItemDescription>בגט מחמצת שיפון 350 גר</ManufacturerItemDescription>
      <UnitQty>גרמים</UnitQty>
      <Quantity>350.00</Quantity>
      <UnitOfMeasure>100 גרם</UnitOfMeasure>
      <bIsWeighted>0</bIsWeighted>
      <QtyInPackage>1</QtyInPackage>
      <ItemPrice>14.90</ItemPrice>
      <UnitOfMeasurePrice>4.2571</UnitOfMeasurePrice>
      <AllowDiscount>1</AllowDiscount>
      <ItemStatus>1</ItemStatus>
      <ItemId>75447</ItemId>
    </Item>
    <Item>
      <PriceUpdateDate>2023-12-31 12:50:57</PriceUpdateDate>
      <ItemCode>6769798451022</ItemCode>
      <ItemType>1</ItemType>
      <ItemName>עץ אשוח עם אצטרובלים</ItemName>
      <ManufacturerName>,</ManufacturerName>
      <ManufactureCountry>לא ידוע</ManufactureCountry>
      <ManufacturerItemDescription>עץ אשוח עם אצטרובלים 120 סמ</ManufacturerItemDescription>
      <UnitQty>Unknown </UnitQty>
      <Quantity>0.00</Quantity>
      <UnitOfMeasure>Unknown </UnitOfMeasure>
      <bIsWeighted>0</bIsWeighted>
      <QtyInPackage>1</QtyInPackage>
      <ItemPrice>299.90</ItemPrice>
      <UnitOfMeasurePrice>0.0000</UnitOfMeasurePrice>
      <AllowDiscount>1</AllowDiscount>
      <ItemStatus>1</ItemStatus>
      <ItemId>75480</ItemId>
    </Item>
    <Item>
      <PriceUpdateDate>2025-05-27 10:12:14</PriceUpdateDate>
      <ItemCode>9556771006921</ItemCode>
      <ItemType>1</ItemType>
      <ItemName>קפוצינו אונו מומנטו</ItemName>
      <ManufacturerName>,</ManufacturerName>
      <ManufactureCountry>MY</ManufactureCountry>
      <ManufacturerItemDescription>קפוצינו אונו מומנטו 20 שק</ManufacturerItemDescription>
      <UnitQty>גרמים</UnitQty>
      <Quantity>510.00</Quantity>
      <UnitOfMeasure>100 גרם</UnitOfMeasure>
      <bIsWeighted>0</bIsWeighted>
      <QtyInPackage>12</QtyInPackage>
      <ItemPrice>25.90</ItemPrice>
      <UnitOfMeasurePrice>5.0784</UnitOfMeasurePrice>
      <AllowDiscount>1</AllowDiscount>
      <ItemStatus>1</ItemStatus>
      <ItemId>75526</ItemId>
    </Item>
    <Item>
      <PriceUpdateDate>2025-08-10 09:41:15</PriceUpdateDate>
      <ItemCode>4750001955361</ItemCode>
      <ItemType>1</ItemType>
      <ItemName>מבחר שוקולד כריסמס 1</ItemName>
      <ManufacturerName>,</ManufacturerName>
      <ManufactureCountry>לא ידוע</ManufactureCountry>
      <ManufacturerItemDescription>מבחר שוקולד כריסמס 186 גר</ManufacturerItemDescription>
      <UnitQty>גרמים</UnitQty>
      <Quantity>186.00</Quantity>
      <UnitOfMeasure>100 גרם</UnitOfMeasure>
      <bIsWeighted>0</bIsWeighted>
      <QtyInPackage>8</QtyInPackage>
      <ItemPrice>49.90</ItemPrice>
      <UnitOfMeasurePrice>26.8280</UnitOfMeasurePrice>
      <AllowDiscount>1</AllowDiscount>
      <ItemStatus>1</ItemStatus>
      <ItemId>75548</ItemId>
    </Item>
    <Item>
      <PriceUpdateDate>2024-04-07 18:03:51</PriceUpdateDate>
      <ItemCode>4750022519214</ItemCode>
      <ItemType>1</ItemType>
      <ItemName>רוטב קיסר 375 גר</ItemName>
      <ManufacturerName>,</ManufacturerName>
      <ManufactureCountry>לא ידוע</ManufactureCountry>
      <ManufacturerItemDescription>רוטב קיסר 375 גר</ManufacturerItemDescription>
      <UnitQty>גרמים</UnitQty>
      <Quantity>375.00</Quantity>
      <UnitOfMeasure>100 גרם</UnitOfMeasure>
      <bIsWeighted>0</bIsWeighted>
      <QtyInPackage>6</QtyInPackage>
      <ItemPrice>16.90</ItemPrice>
      <UnitOfMeasurePrice>4.5067</UnitOfMeasurePrice>
      <AllowDiscount>1</AllowDiscount>
      <ItemStatus>1</ItemStatus>
      <ItemId>75567</ItemId>
    </Item>
    <Item>
      <PriceUpdateDate>2025-08-03 11:17:48</PriceUpdateDate>
      <ItemCode>4607029053107</ItemCode>
      <ItemType>1</ItemType>
      <ItemName>רוטב אדגיקה בסגנון א</ItemName>
      <ManufacturerName>,</ManufacturerName>
      <ManufactureCountry>לא ידוע</ManufactureCountry>
      <ManufacturerItemDescription>רוטב אדגיקה בסגנון ארמני קובנוצקה 500 גר</ManufacturerItemDescription>
      <UnitQty>גרמים</UnitQty>
      <Quantity>500.00</Quantity>
      <UnitOfMeasure>100 גרם</UnitOfMeasure>
      <bIsWeighted>0</bIsWeighted>
      <QtyInPackage>1</QtyInPackage>
      <ItemPrice>17.90</ItemPrice>
      <UnitOfMeasurePrice>3.5800</UnitOfMeasurePrice>
      <AllowDiscount>1</AllowDiscount>
      <ItemStatus>1</ItemStatus>
      <ItemId>75779</ItemId>
    </Item>
    <Item>
      <PriceUpdateDate>2023-12-31 12:51:00</PriceUpdateDate>
      <ItemCode>7290016875119</ItemCode>
      <ItemType>0</ItemType>
      <ItemName>יוגורט עיזים תות שדה</ItemName>
      <ManufacturerName>,</ManufacturerName>
      <ManufactureCountry>לא ידוע</ManufactureCountry>
      <ManufacturerItemDescription>יוגורט עיזים תות שדה 330 מל</ManufacturerItemDescription>
      <UnitQty>מיליליטרים</UnitQty>
      <Quantity>330.00</Quantity>
      <UnitOfMeasure>100 מ"ל</UnitOfMeasure>
      <bIsWeighted>0</bIsWeighted>
      <QtyInPackage>לא ידוע</QtyInPackage>
      <ItemPrice>11.90</ItemPrice>
      <UnitOfMeasurePrice>3.6061</UnitOfMeasurePrice>
      <AllowDiscount>1</AllowDiscount>
      <ItemStatus>1</ItemStatus>
      <ItemId>75798</ItemId>
    </Item>
    <Item>
      <PriceUpdateDate>2023-12-31 12:51:00</PriceUpdateDate>
      <ItemCode>7290016875102</ItemCode>
      <ItemType>0</ItemType>
      <ItemName>יוגורט עיזים פירות י</ItemName>
      <ManufacturerName>,</ManufacturerName>
      <ManufactureCountry>לא ידוע</ManufactureCountry>
      <ManufacturerItemDescription>יוגורט עיזים פירות יער שדה 330 מל</ManufacturerItemDescription>
      <UnitQty>מיליליטרים</UnitQty>
      <Quantity>330.00</Quantity>
      <UnitOfMeasure>100 מ"ל</UnitOfMeasure>
      <bIsWeighted>0</bIsWeighted>
      <QtyInPackage>לא ידוע</QtyInPackage>
      <ItemPrice>11.90</ItemPrice>
      <UnitOfMeasurePrice>3.6061</UnitOfMeasurePrice>
      <AllowDiscount>1</AllowDiscount>
      <ItemStatus>1</ItemStatus>
      <ItemId>75799</ItemId>
    </Item>
    <Item>
      <PriceUpdateDate>2023-12-31 12:51:00</PriceUpdateDate>
      <ItemCode>7290016875409</ItemCode>
      <ItemType>0</ItemType>
      <ItemName>יוגורט עיזים אפרסק 3</ItemName>
      <ManufacturerName>,</ManufacturerName>
      <ManufactureCountry>לא ידוע</ManufactureCountry>
      <ManufacturerItemDescription>יוגורט עיזים אפרסק 330 מל</ManufacturerItemDescription>
      <UnitQty>מיליליטרים</UnitQty>
      <Quantity>330.00</Quantity>
      <UnitOfMeasure>100 מ"ל</UnitOfMeasure>
      <bIsWeighted>0</bIsWeighted>
      <QtyInPackage>לא ידוע</QtyInPackage>
      <ItemPrice>11.90</ItemPrice>
      <UnitOfMeasurePrice>3.6061</UnitOfMeasurePrice>
      <AllowDiscount>1</AllowDiscount>
      <ItemStatus>1</ItemStatus>
      <ItemId>75800</ItemId>
    </Item>
    <Item>
      <PriceUpdateDate>2025-03-11 17:33:26</PriceUpdateDate>
      <ItemCode>3296810108631</ItemCode>
      <ItemType>1</ItemType>
      <ItemName>שמפניה ברטל ברוט 750</ItemName>
      <ManufacturerName>,</ManufacturerName>
      <ManufactureCountry>לא ידוע</ManufactureCountry>
      <ManufacturerItemDescription>שמפניה ברטל ברוט 750 מל</ManufacturerItemDescription>
      <UnitQty>מיליליטרים</UnitQty>
      <Quantity>750.00</Quantity>
      <UnitOfMeasure>100 מ"ל</UnitOfMeasure>
      <bIsWeighted>0</bIsWeighted>
      <QtyInPackage>1</QtyInPackage>
      <ItemPrice>159.90</ItemPrice>
      <UnitOfMeasurePrice>21.3200</UnitOfMeasurePrice>
      <AllowDiscount>1</AllowDiscount>
      <ItemStatus>1</ItemStatus>
      <ItemId>75803</ItemId>
    </Item>
    <Item>
      <PriceUpdateDate>2024-11-03 13:30:30</PriceUpdateDate>
      <ItemCode>4810168057510</ItemCode>
      <ItemType>1</ItemType>
      <ItemName>חתיכות פילה דג הרינג</ItemName>
      <ManufacturerName>,</ManufacturerName>
      <ManufactureCountry>לא ידוע</ManufactureCountry>
      <ManufacturerItemDescription>חתיכות פילה דג הרינג מלוח בשמן 400 גר</ManufacturerItemDescription>
      <UnitQty>גרמים</UnitQty>
      <Quantity>400.00</Quantity>
      <UnitOfMeasure>100 גרם</UnitOfMeasure>
      <bIsWeighted>0</bIsWeighted>
      <QtyInPackage>1</QtyInPackage>
      <ItemPrice>32.90</ItemPrice>
      <UnitOfMeasurePrice>8.2250</UnitOfMeasurePrice>
      <AllowDiscount>1</AllowDiscount>
      <ItemStatus>1</ItemStatus>
      <ItemId>76137</ItemId>
    </Item>
    <Item>
      <PriceUpdateDate>2023-12-31 12:51:03</PriceUpdateDate>
      <ItemCode>4860102000515</ItemCode>
      <ItemType>1</ItemType>
      <ItemName>אדגיקה סחוג אבחזי 12</ItemName>
      <ManufacturerName>,</ManufacturerName>
      <ManufactureCountry>ג'ורג'יה</ManufactureCountry>
      <ManufacturerItemDescription>אדגיקה סחוג אבחזי 120 גר</ManufacturerItemDescription>
      <UnitQty>גרמים</UnitQty>
      <Quantity>120.00</Quantity>
      <UnitOfMeasure>100 גרם</UnitOfMeasure>
      <bIsWeighted>0</bIsWeighted>
      <QtyInPackage>12</QtyInPackage>
      <ItemPrice>10.90</ItemPrice>
      <UnitOfMeasurePrice>9.0833</UnitOfMeasurePrice>
      <AllowDiscount>1</AllowDiscount>
      <ItemStatus>1</ItemStatus>
      <ItemId>76331</ItemId>
    </Item>
    <Item>
      <PriceUpdateDate>2023-12-31 12:51:03</PriceUpdateDate>
      <ItemCode>4860102001987</ItemCode>
      <ItemType>1</ItemType>
      <ItemName>אדגיקה יבשה 130 גר</ItemName>
      <ManufacturerName>,</ManufacturerName>
      <ManufactureCountry>ג'ורג'יה</ManufactureCountry>
      <ManufacturerItemDescription>אדגיקה יבשה 130 גר</ManufacturerItemDescription>
      <UnitQty>גרמים</UnitQty>
      <Quantity>130.00</Quantity>
      <UnitOfMeasure>100 גרם</UnitOfMeasure>
      <bIsWeighted>0</bIsWeighted>
      <QtyInPackage>12</QtyInPackage>
      <ItemPrice>15.90</ItemPrice>
      <UnitOfMeasurePrice>12.2308</UnitOfMeasurePrice>
      <AllowDiscount>1</AllowDiscount>
      <ItemStatus>1</ItemStatus>
      <ItemId>76333</ItemId>
    </Item>
    <Item>
      <PriceUpdateDate>2025-03-23 17:24:10</PriceUpdateDate>
      <ItemCode>4604051013505</ItemCode>
      <ItemType>1</ItemType>
      <ItemName>עוגת דבש צאק צאק 55</ItemName>
      <ManufacturerName>,</ManufacturerName>
      <ManufactureCountry>לא ידוע</ManufactureCountry>
      <ManufacturerItemDescription>עוגת דבש צאק צאק 55 גר</ManufacturerItemDescription>
      <UnitQty>גרמים</UnitQty>
      <Quantity>55.00</Quantity>
      <UnitOfMeasure>100 גרם</UnitOfMeasure>
      <bIsWeighted>0</bIsWeighted>
      <QtyInPackage>1</QtyInPackage>
      <ItemPrice>7.90</ItemPrice>
      <UnitOfMeasurePrice>14.3636</UnitOfMeasurePrice>
      <AllowDiscount>1</AllowDiscount>
      <ItemStatus>1</ItemStatus>
      <ItemId>76409</ItemId>
    </Item>
    <Item>
      <PriceUpdateDate>2023-12-31 12:51:03</PriceUpdateDate>
      <ItemCode>4840472019294</ItemCode>
      <ItemType>1</ItemType>
      <ItemName>יין מבעבע קווה דה פו</ItemName>
      <ManufacturerName>,</ManufacturerName>
      <ManufactureCountry>לא ידוע</ManufactureCountry>
      <ManufacturerItemDescription>יין מבעבע קווה דה פורקרי לבן ברוט 750 מל</ManufacturerItemDescription>
      <UnitQty>מיליליטרים</UnitQty>
      <Quantity>750.00</Quantity>
      <UnitOfMeasure>100 מ"ל</UnitOfMeasure>
      <bIsWeighted>0</bIsWeighted>
      <QtyInPackage>6</QtyInPackage>
      <ItemPrice>109.90</ItemPrice>
      <UnitOfMeasurePrice>14.6533</UnitOfMeasurePrice>
      <AllowDiscount>1</AllowDiscount>
      <ItemStatus>1</ItemStatus>
      <ItemId>76436</ItemId>
    </Item>
    <Item>
      <PriceUpdateDate>2023-12-31 12:51:04</PriceUpdateDate>
      <ItemCode>7290006376091</ItemCode>
      <ItemType>1</ItemType>
      <ItemName>סודה לשתייה קרטונית</ItemName>
      <ManufacturerName>,</ManufacturerName>
      <ManufactureCountry>לא ידוע</ManufactureCountry>
      <ManufacturerItemDescription>סודה לשתייה קרטונית 50 גר</ManufacturerItemDescription>
      <UnitQty>גרמים</UnitQty>
      <Quantity>50.00</Quantity>
      <UnitOfMeasure>100 גרם</UnitOfMeasure>
      <bIsWeighted>0</bIsWeighted>
      <QtyInPackage>1</QtyInPackage>
      <ItemPrice>2.90</ItemPrice>
      <UnitOfMeasurePrice>5.8000</UnitOfMeasurePrice>
      <AllowDiscount>1</AllowDiscount>
      <ItemStatus>1</ItemStatus>
      <ItemId>76459</ItemId>
    </Item>
    <Item>
      <PriceUpdateDate>2023-12-31 12:51:04</PriceUpdateDate>
      <ItemCode>7290018710395</ItemCode>
      <ItemType>1</ItemType>
      <ItemName>סוכר דמררה צנצנת 1 ק</ItemName>
      <ManufacturerName>,</ManufacturerName>
      <ManufactureCountry>לא ידוע</ManufactureCountry>
      <ManufacturerItemDescription>סוכר דמררה צנצנת 1 קג</ManufacturerItemDescription>
      <UnitQty>קילוגרמים</UnitQty>
      <Quantity>1.00</Quantity>
      <UnitOfMeasure>ק"ג     </UnitOfMeasure>
      <bIsWeighted>0</bIsWeighted>
      <QtyInPackage>1</QtyInPackage>
      <ItemPrice>13.90</ItemPrice>
      <UnitOfMeasurePrice>13.9000</UnitOfMeasurePrice>
      <AllowDiscount>1</AllowDiscount>
      <ItemStatus>1</ItemStatus>
      <ItemId>76461</ItemId>
    </Item>
    <Item>
      <PriceUpdateDate>2024-03-17 09:04:12</PriceUpdateDate>
      <ItemCode>4750616006571</ItemCode>
      <ItemType>1</ItemType>
      <ItemName>סרדינים על הגריל בשמ</ItemName>
      <ManufacturerName>,</ManufacturerName>
      <ManufactureCountry>לטביה</ManufactureCountry>
      <ManufacturerItemDescription>סרדינים על הגריל בשמן זית עם צילי 190 גר</ManufacturerItemDescription>
      <UnitQty>גרמים</UnitQty>
      <Quantity>190.00</Quantity>
      <UnitOfMeasure>100 גרם</UnitOfMeasure>
      <bIsWeighted>0</bIsWeighted>
      <QtyInPackage>48</QtyInPackage>
      <ItemPrice>13.90</ItemPrice>
      <UnitOfMeasurePrice>7.3158</UnitOfMeasurePrice>
      <AllowDiscount>1</AllowDiscount>
      <ItemStatus>1</ItemStatus>
      <ItemId>76573</ItemId>
    </Item>
    <Item>
      <PriceUpdateDate>2023-12-31 12:51:05</PriceUpdateDate>
      <ItemCode>4810268028847</ItemCode>
      <ItemType>1</ItemType>
      <ItemName>טבורוג זרניסטי סבושק</ItemName>
      <ManufacturerName>,</ManufacturerName>
      <ManufactureCountry>לא ידוע</ManufactureCountry>
      <ManufacturerItemDescription>טבורוג זרניסטי סבושקין 350 גר</ManufacturerItemDescription>
      <UnitQty>גרמים</UnitQty>
      <Quantity>350.00</Quantity>
      <UnitOfMeasure>100 גרם</UnitOfMeasure>
      <bIsWeighted>0</bIsWeighted>
      <QtyInPackage>1</QtyInPackage>
      <ItemPrice>19.90</ItemPrice>
      <UnitOfMeasurePrice>5.6857</UnitOfMeasurePrice>
      <AllowDiscount>1</AllowDiscount>
      <ItemStatus>1</ItemStatus>
      <ItemId>76627</ItemId>
    </Item>
    <Item>
      <PriceUpdateDate>2023-12-31 12:51:05</PriceUpdateDate>
      <ItemCode>4810268036439</ItemCode>
      <ItemType>1</ItemType>
      <ItemName>טבורוג זרניסטי 5% סב</ItemName>
      <ManufacturerName>,</ManufacturerName>
      <ManufactureCountry>לא ידוע</ManufactureCountry>
      <ManufacturerItemDescription>טבורוג זרניסטי 5% סבושקין 700 גר</ManufacturerItemDescription>
      <UnitQty>גרמים</UnitQty>
      <Quantity>700.00</Quantity>
      <UnitOfMeasure>100 גרם</UnitOfMeasure>
      <bIsWeighted>0</bIsWeighted>
      <QtyInPackage>1</QtyInPackage>
      <ItemPrice>32.90</ItemPrice>
      <UnitOfMeasurePrice>4.7000</UnitOfMeasurePrice>
      <AllowDiscount>1</AllowDiscount>
      <ItemStatus>1</ItemStatus>
      <ItemId>76628</ItemId>
    </Item>
    <Item>
      <PriceUpdateDate>2023-12-31 12:51:05</PriceUpdateDate>
      <ItemCode>4810268028908</ItemCode>
      <ItemType>1</ItemType>
      <ItemName>טבורוג זרניסטי 9% סב</ItemName>
      <ManufacturerName>,</ManufacturerName>
      <ManufactureCountry>לא ידוע</ManufactureCountry>
      <ManufacturerItemDescription>טבורוג זרניסטי 9% סבושקין 350 גר</ManufacturerItemDescription>
      <UnitQty>גרמים</UnitQty>
      <Quantity>350.00</Quantity>
      <UnitOfMeasure>100 גרם</UnitOfMeasure>
      <bIsWeighted>0</bIsWeighted>
      <QtyInPackage>1</QtyInPackage>
      <ItemPrice>24.90</ItemPrice>
      <UnitOfMeasurePrice>7.1143</UnitOfMeasurePrice>
      <AllowDiscount>1</AllowDiscount>
      <ItemStatus>1</ItemStatus>
      <ItemId>76631</ItemId>
    </Item>
    <Item>
      <PriceUpdateDate>2025-01-01 09:09:20</PriceUpdateDate>
      <ItemCode>3278480396327</ItemCode>
      <ItemType>1</ItemType>
      <ItemName>קוניאק גודה 700 מל</ItemName>
      <ManufacturerName>,</ManufacturerName>
      <ManufactureCountry>לא ידוע</ManufactureCountry>
      <ManufacturerItemDescription>קוניאק גודה 700 מל</ManufacturerItemDescription>
      <UnitQty>מיליליטרים</UnitQty>
      <Quantity>700.00</Quantity>
      <UnitOfMeasure>100 מ"ל</UnitOfMeasure>
      <bIsWeighted>0</bIsWeighted>
      <QtyInPackage>6</QtyInPackage>
      <ItemPrice>199.90</ItemPrice>
      <UnitOfMeasurePrice>28.5571</UnitOfMeasurePrice>
      <AllowDiscount>1</AllowDiscount>
      <ItemStatus>1</ItemStatus>
      <ItemId>76699</ItemId>
    </Item>
    <Item>
      <PriceUpdateDate>2024-03-03 08:49:10</PriceUpdateDate>
      <ItemCode>8004645405109</ItemCode>
      <ItemType>1</ItemType>
      <ItemName>יין טומאסי אדוראטו א</ItemName>
      <ManufacturerName>,</ManufacturerName>
      <ManufactureCountry>לא ידוע</ManufactureCountry>
      <ManufacturerItemDescription>יין טומאסי אדוראטו אפסיונטו 750 מל</ManufacturerItemDescription>
      <UnitQty>מיליליטרים</UnitQty>
      <Quantity>750.00</Quantity>
      <UnitOfMeasure>100 מ"ל</UnitOfMeasure>
      <bIsWeighted>0</bIsWeighted>
      <QtyInPackage>1</QtyInPackage>
      <ItemPrice>69.90</ItemPrice>
      <UnitOfMeasurePrice>9.3200</UnitOfMeasurePrice>
      <AllowDiscount>1</AllowDiscount>
      <ItemStatus>1</ItemStatus>
      <ItemId>76739</ItemId>
    </Item>
    <Item>
      <PriceUpdateDate>2023-12-31 12:51:06</PriceUpdateDate>
      <ItemCode>4760065709145</ItemCode>
      <ItemType>1</ItemType>
      <ItemName>מלפפון בחומץ 670 גר</ItemName>
      <ManufacturerName>אינטרקום יוון</ManufacturerName>
      <ManufactureCountry>לא ידוע</ManufactureCountry>
      <ManufacturerItemDescription>מלפפון בחומץ 670 גר</ManufacturerItemDescription>
      <UnitQty>גרמים</UnitQty>
      <Quantity>670.00</Quantity>
      <UnitOfMeasure>100 גרם</UnitOfMeasure>
      <bIsWeighted>0</bIsWeighted>
      <QtyInPackage>12</QtyInPackage>
      <ItemPrice>16.90</ItemPrice>
      <UnitOfMeasurePrice>2.5224</UnitOfMeasurePrice>
      <AllowDiscount>1</AllowDiscount>
      <ItemStatus>1</ItemStatus>
      <ItemId>76801</ItemId>
    </Item>
    <Item>
      <PriceUpdateDate>2023-12-31 12:51:07</PriceUpdateDate>
      <ItemCode>4850009741475</ItemCode>
      <ItemType>1</ItemType>
      <ItemName>לפתן אפרסק ודובדבן 1</ItemName>
      <ManufacturerName>,</ManufacturerName>
      <ManufactureCountry>לא ידוע</ManufactureCountry>
      <ManufacturerItemDescription>לפתן אפרסק ודובדבן 1 ל</ManufacturerItemDescription>
      <UnitQty>ליטרים</UnitQty>
      <Quantity>1.00</Quantity>
      <UnitOfMeasure>ליטר    </UnitOfMeasure>
      <bIsWeighted>0</bIsWeighted>
      <QtyInPackage>1</QtyInPackage>
      <ItemPrice>15.90</ItemPrice>
      <UnitOfMeasurePrice>15.9000</UnitOfMeasurePrice>
      <AllowDiscount>1</AllowDiscount>
      <ItemStatus>1</ItemStatus>
      <ItemId>76886</ItemId>
    </Item>
    <Item>
      <PriceUpdateDate>2023-12-31 12:51:07</PriceUpdateDate>
      <ItemCode>4850019025091</ItemCode>
      <ItemType>1</ItemType>
      <ItemName>לפתן דובדבנים לבנים</ItemName>
      <ManufacturerName>,</ManufacturerName>
      <ManufactureCountry>לא ידוע</ManufactureCountry>
      <ManufacturerItemDescription>לפתן דובדבנים לבנים 1 ל</ManufacturerItemDescription>
      <UnitQty>ליטרים</UnitQty>
      <Quantity>1.00</Quantity>
      <UnitOfMeasure>ליטר    </UnitOfMeasure>
      <bIsWeighted>0</bIsWeighted>
      <QtyInPackage>1</QtyInPackage>
      <ItemPrice>15.90</ItemPrice>
      <UnitOfMeasurePrice>15.9000</UnitOfMeasurePrice>
      <AllowDiscount>1</AllowDiscount>
      <ItemStatus>1</ItemStatus>
      <ItemId>76889</ItemId>
    </Item>
    <Item>
      <PriceUpdateDate>2024-03-01 08:58:44</PriceUpdateDate>
      <ItemCode>7290018677131</ItemCode>
      <ItemType>1</ItemType>
      <ItemName>גרנולה קראנצ אגוזים</ItemName>
      <ManufacturerName>,</ManufacturerName>
      <ManufactureCountry>לא ידוע</ManufactureCountry>
      <ManufacturerItemDescription>גרנולה קראנצ אגוזים נוטרה זן ללא גלוטן</ManufacturerItemDescription>
      <UnitQty>גרמים</UnitQty>
      <Quantity>300.00</Quantity>
      <UnitOfMeasure>100 גרם</UnitOfMeasure>
      <bIsWeighted>0</bIsWeighted>
      <QtyInPackage>1</QtyInPackage>
      <ItemPrice>25.90</ItemPrice>
      <UnitOfMeasurePrice>8.6333</UnitOfMeasurePrice>
      <AllowDiscount>1</AllowDiscount>
      <ItemStatus>1</ItemStatus>
      <ItemId>76908</ItemId>
    </Item>
    <Item>
      <PriceUpdateDate>2024-03-01 08:58:44</PriceUpdateDate>
      <ItemCode>7290018677124</ItemCode>
      <ItemType>1</ItemType>
      <ItemName>גרנולה קראנצ חמוציות</ItemName>
      <ManufacturerName>,</ManufacturerName>
      <ManufactureCountry>לא ידוע</ManufactureCountry>
      <ManufacturerItemDescription>גרנולה קראנצ חמוציות נוטרה זן ללא גלוטן</ManufacturerItemDescription>
      <UnitQty>גרמים</UnitQty>
      <Quantity>300.00</Quantity>
      <UnitOfMeasure>100 גרם</UnitOfMeasure>
      <bIsWeighted>0</bIsWeighted>
      <QtyInPackage>1</QtyInPackage>
      <ItemPrice>25.90</ItemPrice>
      <UnitOfMeasurePrice>8.6333</UnitOfMeasurePrice>
      <AllowDiscount>1</AllowDiscount>
      <ItemStatus>1</ItemStatus>
      <ItemId>76909</ItemId>
    </Item>
    <Item>
      <PriceUpdateDate>2024-03-01 08:58:45</PriceUpdateDate>
      <ItemCode>7290018677148</ItemCode>
      <ItemType>1</ItemType>
      <ItemName>גרנולה קראנצ שוקולד</ItemName>
      <ManufacturerName>,</ManufacturerName>
      <ManufactureCountry>לא ידוע</ManufactureCountry>
      <ManufacturerItemDescription>גרנולה קראנצ שוקולד נוטרה זן ללא גלוטן</ManufacturerItemDescription>
      <UnitQty>גרמים</UnitQty>
      <Quantity>300.00</Quantity>
      <UnitOfMeasure>100 גרם</UnitOfMeasure>
      <bIsWeighted>0</bIsWeighted>
      <QtyInPackage>1</QtyInPackage>
      <ItemPrice>25.90</ItemPrice>
      <UnitOfMeasurePrice>8.6333</UnitOfMeasurePrice>
      <AllowDiscount>1</AllowDiscount>
      <ItemStatus>1</ItemStatus>
      <ItemId>76910</ItemId>
    </Item>
    <Item>
      <PriceUpdateDate>2023-12-31 12:51:08</PriceUpdateDate>
      <ItemCode>7290010701551</ItemCode>
      <ItemType>1</ItemType>
      <ItemName>נקניקיות עוף 1 קג</ItemName>
      <ManufacturerName>,</ManufacturerName>
      <ManufactureCountry>לא ידוע</ManufactureCountry>
      <ManufacturerItemDescription>נקניקיות עוף 1 קג</ManufacturerItemDescription>
      <UnitQty>קילוגרמים</UnitQty>
      <Quantity>1.00</Quantity>
      <UnitOfMeasure>ק"ג     </UnitOfMeasure>
      <bIsWeighted>0</bIsWeighted>
      <QtyInPackage>1</QtyInPackage>
      <ItemPrice>29.90</ItemPrice>
      <UnitOfMeasurePrice>29.9000</UnitOfMeasurePrice>
      <AllowDiscount>1</AllowDiscount>
      <ItemStatus>1</ItemStatus>
      <ItemId>77133</ItemId>
    </Item>
    <Item>
      <PriceUpdateDate>2023-12-31 12:51:10</PriceUpdateDate>
      <ItemCode>70177120948</ItemCode>
      <ItemType>1</ItemType>
      <ItemName>תה טווינינג שחור תפו</ItemName>
      <ManufacturerName>טווינינג</ManufacturerName>
      <ManufactureCountry>פולין</ManufactureCountry>
      <ManufacturerItemDescription>תה טווינינג שחור תפוח קינמון 25 שק 50 גר</ManufacturerItemDescription>
      <UnitQty>גרמים</UnitQty>
      <Quantity>50.00</Quantity>
      <UnitOfMeasure>100 גרם</UnitOfMeasure>
      <bIsWeighted>0</bIsWeighted>
      <QtyInPackage>12</QtyInPackage>
      <ItemPrice>19.90</ItemPrice>
      <UnitOfMeasurePrice>39.8000</UnitOfMeasurePrice>
      <AllowDiscount>1</AllowDiscount>
      <ItemStatus>1</ItemStatus>
      <ItemId>77367</ItemId>
    </Item>
    <Item>
      <PriceUpdateDate>2025-02-25 14:16:50</PriceUpdateDate>
      <ItemCode>4740036005551</ItemCode>
      <ItemType>1</ItemType>
      <ItemName>חמאה טארה 200 גר</ItemName>
      <ManufacturerName>,</ManufacturerName>
      <ManufactureCountry>לא ידוע</ManufactureCountry>
      <ManufacturerItemDescription>חמאה טארה 200 גר</ManufacturerItemDescription>
      <UnitQty>גרמים</UnitQty>
      <Quantity>200.00</Quantity>
      <UnitOfMeasure>100 גרם</UnitOfMeasure>
      <bIsWeighted>0</bIsWeighted>
      <QtyInPackage>1</QtyInPackage>
      <ItemPrice>16.90</ItemPrice>
      <UnitOfMeasurePrice>8.4500</UnitOfMeasurePrice>
      <AllowDiscount>1</AllowDiscount>
      <ItemStatus>1</ItemStatus>
      <ItemId>77514</ItemId>
    </Item>
    <Item>
      <PriceUpdateDate>2025-03-23 13:08:51</PriceUpdateDate>
      <ItemCode>4680019561325</ItemCode>
      <ItemType>1</ItemType>
      <ItemName>מורס פטל ולינגוברי 1</ItemName>
      <ManufacturerName>,</ManufacturerName>
      <ManufactureCountry>לא ידוע</ManufactureCountry>
      <ManufacturerItemDescription>מורס פטל ולינגוברי 1 ל</ManufacturerItemDescription>
      <UnitQty>ליטרים</UnitQty>
      <Quantity>1.00</Quantity>
      <UnitOfMeasure>ליטר    </UnitOfMeasure>
      <bIsWeighted>0</bIsWeighted>
      <QtyInPackage>1</QtyInPackage>
      <ItemPrice>15.90</ItemPrice>
      <UnitOfMeasurePrice>15.9000</UnitOfMeasurePrice>
      <AllowDiscount>1</AllowDiscount>
      <ItemStatus>1</ItemStatus>
      <ItemId>77601</ItemId>
    </Item>
    <Item>
      <PriceUpdateDate>2025-03-23 13:08:51</PriceUpdateDate>
      <ItemCode>4607163093076</ItemCode>
      <ItemType>1</ItemType>
      <ItemName>מיץ דומדמניות ותפוחי</ItemName>
      <ManufacturerName>,</ManufacturerName>
      <ManufactureCountry>לא ידוע</ManufactureCountry>
      <ManufacturerItemDescription>מיץ דומדמניות ותפוחים 1 ל</ManufacturerItemDescription>
      <UnitQty>ליטרים</UnitQty>
      <Quantity>1.00</Quantity>
      <UnitOfMeasure>ליטר    </UnitOfMeasure>
      <bIsWeighted>0</bIsWeighted>
      <QtyInPackage>1</QtyInPackage>
      <ItemPrice>14.90</ItemPrice>
      <UnitOfMeasurePrice>14.9000</UnitOfMeasurePrice>
      <AllowDiscount>1</AllowDiscount>
      <ItemStatus>1</ItemStatus>
      <ItemId>77609</ItemId>
    </Item>
    <Item>
      <PriceUpdateDate>2025-03-23 13:08:51</PriceUpdateDate>
      <ItemCode>4680019560854</ItemCode>
      <ItemType>1</ItemType>
      <ItemName>מיץ עגבניות עם מלח ו</ItemName>
      <ManufacturerName>,</ManufacturerName>
      <ManufactureCountry>לא ידוע</ManufactureCountry>
      <ManufacturerItemDescription>מיץ עגבניות עם מלח וכתישה 1 ל</ManufacturerItemDescription>
      <UnitQty>ליטרים</UnitQty>
      <Quantity>1.00</Quantity>
      <UnitOfMeasure>ליטר    </UnitOfMeasure>
      <bIsWeighted>0</bIsWeighted>
      <QtyInPackage>1</QtyInPackage>
      <ItemPrice>14.90</ItemPrice>
      <UnitOfMeasurePrice>14.9000</UnitOfMeasurePrice>
      <AllowDiscount>1</AllowDiscount>
      <ItemStatus>1</ItemStatus>
      <ItemId>77611</ItemId>
    </Item>
    <Item>
      <PriceUpdateDate>2025-03-23 13:08:51</PriceUpdateDate>
      <ItemCode>4607163093014</ItemCode>
      <ItemType>1</ItemType>
      <ItemName>מיץ תפוע וענבים 1 ל</ItemName>
      <ManufacturerName>,</ManufacturerName>
      <ManufactureCountry>לא ידוע</ManufactureCountry>
      <ManufacturerItemDescription>מיץ תפוע וענבים 1 ל</ManufacturerItemDescription>
      <UnitQty>ליטרים</UnitQty>
      <Quantity>1.00</Quantity>
      <UnitOfMeasure>ליטר    </UnitOfMeasure>
      <bIsWeighted>0</bIsWeighted>
      <QtyInPackage>1</QtyInPackage>
      <ItemPrice>14.90</ItemPrice>
      <UnitOfMeasurePrice>14.9000</UnitOfMeasurePrice>
      <AllowDiscount>1</AllowDiscount>
      <ItemStatus>1</ItemStatus>
      <ItemId>77612</ItemId>
    </Item>
    <Item>
      <PriceUpdateDate>2023-12-31 12:51:12</PriceUpdateDate>
      <ItemCode>4607069986892</ItemCode>
      <ItemType>1</ItemType>
      <ItemName>גבינה מותכת בטעם שוק</ItemName>
      <ManufacturerName>,</ManufacturerName>
      <ManufactureCountry>לא ידוע</ManufactureCountry>
      <ManufacturerItemDescription>גבינה מותכת בטעם שוקולד 180 גר</ManufacturerItemDescription>
      <UnitQty>גרמים</UnitQty>
      <Quantity>180.00</Quantity>
      <UnitOfMeasure>100 גרם</UnitOfMeasure>
      <bIsWeighted>0</bIsWeighted>
      <QtyInPackage>16</QtyInPackage>
      <ItemPrice>18.90</ItemPrice>
      <UnitOfMeasurePrice>10.5000</UnitOfMeasurePrice>
      <AllowDiscount>1</AllowDiscount>
      <ItemStatus>1</ItemStatus>
      <ItemId>77626</ItemId>
    </Item>
    <Item>
      <PriceUpdateDate>2024-07-01 11:07:57</PriceUpdateDate>
      <ItemCode>5203197122028</ItemCode>
      <ItemType>1</ItemType>
      <ItemName>גבינה מנורי יווני צא</ItemName>
      <ManufacturerName>,</ManufacturerName>
      <ManufactureCountry>לא ידוע</ManufactureCountry>
      <ManufacturerItemDescription>גבינה מנורי יווני צאן 200 גר</ManufacturerItemDescription>
      <UnitQty>גרמים</UnitQty>
      <Quantity>200.00</Quantity>
      <UnitOfMeasure>100 גרם</UnitOfMeasure>
      <bIsWeighted>0</bIsWeighted>
      <QtyInPackage>1</QtyInPackage>
      <ItemPrice>28.90</ItemPrice>
      <UnitOfMeasurePrice>14.4500</UnitOfMeasurePrice>
      <AllowDiscount>1</AllowDiscount>
      <ItemStatus>1</ItemStatus>
      <ItemId>77688</ItemId>
    </Item>
    <Item>
      <PriceUpdateDate>2025-05-02 08:13:41</PriceUpdateDate>
      <ItemCode>4602358003472</ItemCode>
      <ItemType>1</ItemType>
      <ItemName>גלידה מגה בטעם וניל</ItemName>
      <ManufacturerName>ז'יטומרסקי זאבוד</ManufacturerName>
      <ManufactureCountry>לא ידוע</ManufactureCountry>
      <ManufacturerItemDescription>גלידה מגה בטעם וניל גביע 100 גר</ManufacturerItemDescription>
      <UnitQty>גרמים</UnitQty>
      <Quantity>100.00</Quantity>
      <UnitOfMeasure>100 גרם</UnitOfMeasure>
      <bIsWeighted>0</bIsWeighted>
      <QtyInPackage>1</QtyInPackage>
      <ItemPrice>8.90</ItemPrice>
      <UnitOfMeasurePrice>8.9000</UnitOfMeasurePrice>
      <AllowDiscount>1</AllowDiscount>
      <ItemStatus>1</ItemStatus>
      <ItemId>77689</ItemId>
    </Item>
    <Item>
      <PriceUpdateDate>2025-05-02 08:13:41</PriceUpdateDate>
      <ItemCode>4602358003670</ItemCode>
      <ItemType>1</ItemType>
      <ItemName>גלידה מגה בטעם שוקול</ItemName>
      <ManufacturerName>ז'יטומרסקי זאבוד</ManufacturerName>
      <ManufactureCountry>לא ידוע</ManufactureCountry>
      <ManufacturerItemDescription>גלידה מגה בטעם שוקולד גביע 100 גר</ManufacturerItemDescription>
      <UnitQty>גרמים</UnitQty>
      <Quantity>100.00</Quantity>
      <UnitOfMeasure>100 גרם</UnitOfMeasure>
      <bIsWeighted>0</bIsWeighted>
      <QtyInPackage>1</QtyInPackage>
      <ItemPrice>8.90</ItemPrice>
      <UnitOfMeasurePrice>8.9000</UnitOfMeasurePrice>
      <AllowDiscount>1</AllowDiscount>
      <ItemStatus>1</ItemStatus>
      <ItemId>77690</ItemId>
    </Item>
    <Item>
      <PriceUpdateDate>2025-05-02 08:13:41</PriceUpdateDate>
      <ItemCode>4602358003861</ItemCode>
      <ItemType>1</ItemType>
      <ItemName>גלידת שמנת בטעם וניל</ItemName>
      <ManufacturerName>ז'יטומרסקי זאבוד</ManufacturerName>
      <ManufactureCountry>לא ידוע</ManufactureCountry>
      <ManufacturerItemDescription>גלידת שמנת בטעם וניל בציפוי שוקולד 70 גר</ManufacturerItemDescription>
      <UnitQty>גרמים</UnitQty>
      <Quantity>70.00</Quantity>
      <UnitOfMeasure>100 גרם</UnitOfMeasure>
      <bIsWeighted>0</bIsWeighted>
      <QtyInPackage>1</QtyInPackage>
      <ItemPrice>8.90</ItemPrice>
      <UnitOfMeasurePrice>12.7143</UnitOfMeasurePrice>
      <AllowDiscount>1</AllowDiscount>
      <ItemStatus>1</ItemStatus>
      <ItemId>77691</ItemId>
    </Item>
    <Item>
      <PriceUpdateDate>2023-12-31 12:51:12</PriceUpdateDate>
      <ItemCode>16666</ItemCode>
      <ItemType>0</ItemType>
      <ItemName>סלט אוליביה ללא נקני</ItemName>
      <ManufacturerName>,</ManufacturerName>
      <ManufactureCountry>לא ידוע</ManufactureCountry>
      <ManufacturerItemDescription>סלט אוליביה ללא נקניק</ManufacturerItemDescription>
      <UnitQty>קילוגרמים</UnitQty>
      <Quantity>1.00</Quantity>
      <UnitOfMeasure>ק"ג</UnitOfMeasure>
      <bIsWeighted>1</bIsWeighted>
      <QtyInPackage>לא ידוע</QtyInPackage>
      <ItemPrice>69.00</ItemPrice>
      <UnitOfMeasurePrice>69.0000</UnitOfMeasurePrice>
      <AllowDiscount>1</AllowDiscount>
      <ItemStatus>1</ItemStatus>
      <ItemId>77734</ItemId>
    </Item>
    <Item>
      <PriceUpdateDate>2023-12-31 12:51:12</PriceUpdateDate>
      <ItemCode>7290000016667</ItemCode>
      <ItemType>1</ItemType>
      <ItemName>עוף סיני בלימון חמוץ</ItemName>
      <ManufacturerName>,</ManufacturerName>
      <ManufactureCountry>לא ידוע</ManufactureCountry>
      <ManufacturerItemDescription>עוף סיני בלימון חמוץ מתוק</ManufacturerItemDescription>
      <UnitQty>קילוגרמים</UnitQty>
      <Quantity>1.00</Quantity>
      <UnitOfMeasure>ק"ג</UnitOfMeasure>
      <bIsWeighted>1</bIsWeighted>
      <QtyInPackage>לא ידוע</QtyInPackage>
      <ItemPrice>99.00</ItemPrice>
      <UnitOfMeasurePrice>99.0000</UnitOfMeasurePrice>
      <AllowDiscount>1</AllowDiscount>
      <ItemStatus>1</ItemStatus>
      <ItemId>77745</ItemId>
    </Item>
    <Item>
      <PriceUpdateDate>2023-12-31 12:51:14</PriceUpdateDate>
      <ItemCode>8004708048816</ItemCode>
      <ItemType>1</ItemType>
      <ItemName>פלפל 4 עונות במטחנה</ItemName>
      <ManufacturerName>,</ManufacturerName>
      <ManufactureCountry>לא ידוע</ManufactureCountry>
      <ManufacturerItemDescription>פלפל 4 עונות במטחנה גדולה 85 גר</ManufacturerItemDescription>
      <UnitQty>גרמים</UnitQty>
      <Quantity>85.00</Quantity>
      <UnitOfMeasure>100 גרם</UnitOfMeasure>
      <bIsWeighted>0</bIsWeighted>
      <QtyInPackage>1</QtyInPackage>
      <ItemPrice>29.90</ItemPrice>
      <UnitOfMeasurePrice>35.1765</UnitOfMeasurePrice>
      <AllowDiscount>1</AllowDiscount>
      <ItemStatus>1</ItemStatus>
      <ItemId>77984</ItemId>
    </Item>
    <Item>
      <PriceUpdateDate>2024-11-11 14:58:37</PriceUpdateDate>
      <ItemCode>4770301232023</ItemCode>
      <ItemType>1</ItemType>
      <ItemName>בירה אוסטרליה פייל א</ItemName>
      <ManufacturerName>,</ManufacturerName>
      <ManufactureCountry>לא ידוע</ManufactureCountry>
      <ManufacturerItemDescription>בירה אוסטרליה פייל אייל וולפאס אנגלמן</ManufacturerItemDescription>
      <UnitQty>מיליליטרים</UnitQty>
      <Quantity>568.00</Quantity>
      <UnitOfMeasure>100 מ"ל</UnitOfMeasure>
      <bIsWeighted>0</bIsWeighted>
      <QtyInPackage>1</QtyInPackage>
      <ItemPrice>11.50</ItemPrice>
      <UnitOfMeasurePrice>2.0246</UnitOfMeasurePrice>
      <AllowDiscount>1</AllowDiscount>
      <ItemStatus>1</ItemStatus>
      <ItemId>78017</ItemId>
    </Item>
    <Item>
      <PriceUpdateDate>2024-11-11 14:58:37</PriceUpdateDate>
      <ItemCode>4770301234935</ItemCode>
      <ItemType>1</ItemType>
      <ItemName>בירה באלטיק פורטר וו</ItemName>
      <ManufacturerName>,</ManufacturerName>
      <ManufactureCountry>לא ידוע</ManufactureCountry>
      <ManufacturerItemDescription>בירה באלטיק פורטר וולפאס אנגלמן 568 מל</ManufacturerItemDescription>
      <UnitQty>מיליליטרים</UnitQty>
      <Quantity>568.00</Quantity>
      <UnitOfMeasure>100 מ"ל</UnitOfMeasure>
      <bIsWeighted>0</bIsWeighted>
      <QtyInPackage>1</QtyInPackage>
      <ItemPrice>11.50</ItemPrice>
      <UnitOfMeasurePrice>2.0246</UnitOfMeasurePrice>
      <AllowDiscount>1</AllowDiscount>
      <ItemStatus>1</ItemStatus>
      <ItemId>78019</ItemId>
    </Item>
    <Item>
      <PriceUpdateDate>2025-01-13 08:35:09</PriceUpdateDate>
      <ItemCode>7290102303878</ItemCode>
      <ItemType>1</ItemType>
      <ItemName>חמאת נורמנדי קלאסית</ItemName>
      <ManufacturerName>,</ManufacturerName>
      <ManufactureCountry>לא ידוע</ManufactureCountry>
      <ManufacturerItemDescription>חמאת נורמנדי קלאסית 200 גר</ManufacturerItemDescription>
      <UnitQty>גרמים</UnitQty>
      <Quantity>200.00</Quantity>
      <UnitOfMeasure>100 גרם</UnitOfMeasure>
      <bIsWeighted>0</bIsWeighted>
      <QtyInPackage>1</QtyInPackage>
      <ItemPrice>21.90</ItemPrice>
      <UnitOfMeasurePrice>10.9500</UnitOfMeasurePrice>
      <AllowDiscount>1</AllowDiscount>
      <ItemStatus>1</ItemStatus>
      <ItemId>78151</ItemId>
    </Item>
    <Item>
      <PriceUpdateDate>2023-12-31 12:51:15</PriceUpdateDate>
      <ItemCode>9013100011563</ItemCode>
      <ItemType>1</ItemType>
      <ItemName>ליקר מוצארט שוקולד ק</ItemName>
      <ManufacturerName>,</ManufacturerName>
      <ManufactureCountry>לא ידוע</ManufactureCountry>
      <ManufacturerItemDescription>ליקר מוצארט שוקולד קפה 500 מל</ManufacturerItemDescription>
      <UnitQty>מיליליטרים</UnitQty>
      <Quantity>500.00</Quantity>
      <UnitOfMeasure>100 מ"ל</UnitOfMeasure>
      <bIsWeighted>0</bIsWeighted>
      <QtyInPackage>1</QtyInPackage>
      <ItemPrice>79.90</ItemPrice>
      <UnitOfMeasurePrice>15.9800</UnitOfMeasurePrice>
      <AllowDiscount>1</AllowDiscount>
      <ItemStatus>1</ItemStatus>
      <ItemId>78156</ItemId>
    </Item>
    <Item>
      <PriceUpdateDate>2025-02-02 07:39:57</PriceUpdateDate>
      <ItemCode>7290112771377</ItemCode>
      <ItemType>1</ItemType>
      <ItemName>סלט תפוא אוליביה 400</ItemName>
      <ManufacturerName>,</ManufacturerName>
      <ManufactureCountry>לא ידוע</ManufactureCountry>
      <ManufacturerItemDescription>סלט תפוא אוליביה 400 גר</ManufacturerItemDescription>
      <UnitQty>גרמים</UnitQty>
      <Quantity>400.00</Quantity>
      <UnitOfMeasure>100 גרם</UnitOfMeasure>
      <bIsWeighted>0</bIsWeighted>
      <QtyInPackage>1</QtyInPackage>
      <ItemPrice>19.90</ItemPrice>
      <UnitOfMeasurePrice>4.9750</UnitOfMeasurePrice>
      <AllowDiscount>1</AllowDiscount>
      <ItemStatus>1</ItemStatus>
      <ItemId>78219</ItemId>
    </Item>
    <Item>
      <PriceUpdateDate>2025-02-02 07:39:57</PriceUpdateDate>
      <ItemCode>7290112771384</ItemCode>
      <ItemType>1</ItemType>
      <ItemName>סלט הרינג ברוטב חרדל</ItemName>
      <ManufacturerName>,</ManufacturerName>
      <ManufactureCountry>לא ידוע</ManufactureCountry>
      <ManufacturerItemDescription>סלט הרינג ברוטב חרדל 250 גר</ManufacturerItemDescription>
      <UnitQty>גרמים</UnitQty>
      <Quantity>250.00</Quantity>
      <UnitOfMeasure>100 גרם</UnitOfMeasure>
      <bIsWeighted>0</bIsWeighted>
      <QtyInPackage>1</QtyInPackage>
      <ItemPrice>17.90</ItemPrice>
      <UnitOfMeasurePrice>7.1600</UnitOfMeasurePrice>
      <AllowDiscount>1</AllowDiscount>
      <ItemStatus>1</ItemStatus>
      <ItemId>78220</ItemId>
    </Item>
    <Item>
      <PriceUpdateDate>2023-12-31 12:51:15</PriceUpdateDate>
      <ItemCode>7290000016665</ItemCode>
      <ItemType>1</ItemType>
      <ItemName>נודלס אווז מעושן</ItemName>
      <ManufacturerName>,</ManufacturerName>
      <ManufactureCountry>לא ידוע</ManufactureCountry>
      <ManufacturerItemDescription>נודלס אווז מעושן</ManufacturerItemDescription>
      <UnitQty>קילוגרמים</UnitQty>
      <Quantity>1.00</Quantity>
      <UnitOfMeasure>ק"ג</UnitOfMeasure>
      <bIsWeighted>1</bIsWeighted>
      <QtyInPackage>לא ידוע</QtyInPackage>
      <ItemPrice>109.00</ItemPrice>
      <UnitOfMeasurePrice>109.0000</UnitOfMeasurePrice>
      <AllowDiscount>1</AllowDiscount>
      <ItemStatus>1</ItemStatus>
      <ItemId>78234</ItemId>
    </Item>
    <Item>
      <PriceUpdateDate>2023-12-31 12:51:15</PriceUpdateDate>
      <ItemCode>20076</ItemCode>
      <ItemType>0</ItemType>
      <ItemName>שקיות טרמיות</ItemName>
      <ManufacturerName>,</ManufacturerName>
      <ManufactureCountry>לא ידוע</ManufactureCountry>
      <ManufacturerItemDescription>שקיות טרמיות</ManufacturerItemDescription>
      <UnitQty>Unknown </UnitQty>
      <Quantity>0.00</Quantity>
      <UnitOfMeasure>Unknown </UnitOfMeasure>
      <bIsWeighted>0</bIsWeighted>
      <QtyInPackage>1</QtyInPackage>
      <ItemPrice>9.90</ItemPrice>
      <UnitOfMeasurePrice>0.0000</UnitOfMeasurePrice>
      <AllowDiscount>1</AllowDiscount>
      <ItemStatus>1</ItemStatus>
      <ItemId>78241</ItemId>
    </Item>
    <Item>
      <PriceUpdateDate>2025-04-16 19:35:08</PriceUpdateDate>
      <ItemCode>3161712996153</ItemCode>
      <ItemType>0</ItemType>
      <ItemName>גבינה מיני ברי כחולה</ItemName>
      <ManufacturerName>,</ManufacturerName>
      <ManufactureCountry>לא ידוע</ManufactureCountry>
      <ManufacturerItemDescription>גבינה מיני ברי כחולה 125 גר</ManufacturerItemDescription>
      <UnitQty>גרמים</UnitQty>
      <Quantity>125.00</Quantity>
      <UnitOfMeasure>100 גרם</UnitOfMeasure>
      <bIsWeighted>0</bIsWeighted>
      <QtyInPackage>לא ידוע</QtyInPackage>
      <ItemPrice>29.90</ItemPrice>
      <UnitOfMeasurePrice>23.9200</UnitOfMeasurePrice>
      <AllowDiscount>1</AllowDiscount>
      <ItemStatus>1</ItemStatus>
      <ItemId>78298</ItemId>
    </Item>
    <Item>
      <PriceUpdateDate>2025-01-13 08:35:09</PriceUpdateDate>
      <ItemCode>3090291123035</ItemCode>
      <ItemType>0</ItemType>
      <ItemName>גבינה מונטאוור פרוסו</ItemName>
      <ManufacturerName>,</ManufacturerName>
      <ManufactureCountry>לא ידוע</ManufactureCountry>
      <ManufacturerItemDescription>גבינה מונטאוור פרוסות 150 גר</ManufacturerItemDescription>
      <UnitQty>גרמים</UnitQty>
      <Quantity>150.00</Quantity>
      <UnitOfMeasure>100 גרם</UnitOfMeasure>
      <bIsWeighted>0</bIsWeighted>
      <QtyInPackage>לא ידוע</QtyInPackage>
      <ItemPrice>29.90</ItemPrice>
      <UnitOfMeasurePrice>19.9333</UnitOfMeasurePrice>
      <AllowDiscount>1</AllowDiscount>
      <ItemStatus>1</ItemStatus>
      <ItemId>78299</ItemId>
    </Item>
    <Item>
      <PriceUpdateDate>2025-01-13 08:35:09</PriceUpdateDate>
      <ItemCode>3090291119403</ItemCode>
      <ItemType>0</ItemType>
      <ItemName>גבינה נורמנטל פרוסות</ItemName>
      <ManufacturerName>,</ManufacturerName>
      <ManufactureCountry>לא ידוע</ManufactureCountry>
      <ManufacturerItemDescription>גבינה נורמנטל פרוסות 150 גר</ManufacturerItemDescription>
      <UnitQty>גרמים</UnitQty>
      <Quantity>150.00</Quantity>
      <UnitOfMeasure>100 גרם</UnitOfMeasure>
      <bIsWeighted>0</bIsWeighted>
      <QtyInPackage>לא ידוע</QtyInPackage>
      <ItemPrice>29.90</ItemPrice>
      <UnitOfMeasurePrice>19.9333</UnitOfMeasurePrice>
      <AllowDiscount>1</AllowDiscount>
      <ItemStatus>1</ItemStatus>
      <ItemId>78300</ItemId>
    </Item>
    <Item>
      <PriceUpdateDate>2025-01-13 08:35:09</PriceUpdateDate>
      <ItemCode>3090291389400</ItemCode>
      <ItemType>0</ItemType>
      <ItemName>גבינה פול אפי קלאסי</ItemName>
      <ManufacturerName>,</ManufacturerName>
      <ManufactureCountry>לא ידוע</ManufactureCountry>
      <ManufacturerItemDescription>גבינה פול אפי קלאסי פרוסות 150 גר</ManufacturerItemDescription>
      <UnitQty>גרמים</UnitQty>
      <Quantity>150.00</Quantity>
      <UnitOfMeasure>100 גרם</UnitOfMeasure>
      <bIsWeighted>0</bIsWeighted>
      <QtyInPackage>לא ידוע</QtyInPackage>
      <ItemPrice>29.90</ItemPrice>
      <UnitOfMeasurePrice>19.9333</UnitOfMeasurePrice>
      <AllowDiscount>1</AllowDiscount>
      <ItemStatus>1</ItemStatus>
      <ItemId>78301</ItemId>
    </Item>
    <Item>
      <PriceUpdateDate>2024-11-03 13:30:30</PriceUpdateDate>
      <ItemCode>4810168058999</ItemCode>
      <ItemType>1</ItemType>
      <ItemName>פילה דג הרינג סקנדינ</ItemName>
      <ManufacturerName>,</ManufacturerName>
      <ManufactureCountry>לא ידוע</ManufactureCountry>
      <ManufacturerItemDescription>פילה דג הרינג סקנדינבי מלוח מצונן 250 גר</ManufacturerItemDescription>
      <UnitQty>גרמים</UnitQty>
      <Quantity>250.00</Quantity>
      <UnitOfMeasure>100 גרם</UnitOfMeasure>
      <bIsWeighted>0</bIsWeighted>
      <QtyInPackage>10</QtyInPackage>
      <ItemPrice>17.90</ItemPrice>
      <UnitOfMeasurePrice>7.1600</UnitOfMeasurePrice>
      <AllowDiscount>1</AllowDiscount>
      <ItemStatus>1</ItemStatus>
      <ItemId>78318</ItemId>
    </Item>
    <Item>
      <PriceUpdateDate>2025-11-02 11:30:18</PriceUpdateDate>
      <ItemCode>7610700012642</ItemCode>
      <ItemType>1</ItemType>
      <ItemName>סוכריות ריקולה לימון</ItemName>
      <ManufacturerName>,</ManufacturerName>
      <ManufactureCountry>לא ידוע</ManufactureCountry>
      <ManufacturerItemDescription>סוכריות ריקולה לימון 70 גר</ManufacturerItemDescription>
      <UnitQty>גרמים</UnitQty>
      <Quantity>70.00</Quantity>
      <UnitOfMeasure>100 גרם</UnitOfMeasure>
      <bIsWeighted>0</bIsWeighted>
      <QtyInPackage>1</QtyInPackage>
      <ItemPrice>10.90</ItemPrice>
      <UnitOfMeasurePrice>15.5714</UnitOfMeasurePrice>
      <AllowDiscount>1</AllowDiscount>
      <ItemStatus>1</ItemStatus>
      <ItemId>78398</ItemId>
    </Item>
    <Item>
      <PriceUpdateDate>2023-12-31 12:51:16</PriceUpdateDate>
      <ItemCode>7290002075271</ItemCode>
      <ItemType>1</ItemType>
      <ItemName>סוכריות ריקולה צמחים</ItemName>
      <ManufacturerName>,</ManufacturerName>
      <ManufactureCountry>לא ידוע</ManufactureCountry>
      <ManufacturerItemDescription>סוכריות ריקולה צמחים 70 גר</ManufacturerItemDescription>
      <UnitQty>גרמים</UnitQty>
      <Quantity>75.00</Quantity>
      <UnitOfMeasure>100 גרם</UnitOfMeasure>
      <bIsWeighted>0</bIsWeighted>
      <QtyInPackage>1</QtyInPackage>
      <ItemPrice>9.90</ItemPrice>
      <UnitOfMeasurePrice>13.2000</UnitOfMeasurePrice>
      <AllowDiscount>1</AllowDiscount>
      <ItemStatus>1</ItemStatus>
      <ItemId>78399</ItemId>
    </Item>
    <Item>
      <PriceUpdateDate>2025-11-02 11:30:18</PriceUpdateDate>
      <ItemCode>7610700013083</ItemCode>
      <ItemType>1</ItemType>
      <ItemName>סוכריות ריקולה מרעננ</ItemName>
      <ManufacturerName>,</ManufacturerName>
      <ManufactureCountry>לא ידוע</ManufactureCountry>
      <ManufacturerItemDescription>סוכריות ריקולה מרעננת ללא סוכר 50 גר</ManufacturerItemDescription>
      <UnitQty>גרמים</UnitQty>
      <Quantity>50.00</Quantity>
      <UnitOfMeasure>100 גרם</UnitOfMeasure>
      <bIsWeighted>0</bIsWeighted>
      <QtyInPackage>1</QtyInPackage>
      <ItemPrice>13.90</ItemPrice>
      <UnitOfMeasurePrice>27.8000</UnitOfMeasurePrice>
      <AllowDiscount>1</AllowDiscount>
      <ItemStatus>1</ItemStatus>
      <ItemId>78400</ItemId>
    </Item>
    <Item>
      <PriceUpdateDate>2025-11-02 11:30:18</PriceUpdateDate>
      <ItemCode>7610700002681</ItemCode>
      <ItemType>1</ItemType>
      <ItemName>סוכריות ריקולה צמחים</ItemName>
      <ManufacturerName>,</ManufacturerName>
      <ManufactureCountry>לא ידוע</ManufactureCountry>
      <ManufacturerItemDescription>סוכריות ריקולה צמחים ללא סוכר 50 גר</ManufacturerItemDescription>
      <UnitQty>גרמים</UnitQty>
      <Quantity>50.00</Quantity>
      <UnitOfMeasure>100 גרם</UnitOfMeasure>
      <bIsWeighted>0</bIsWeighted>
      <QtyInPackage>1</QtyInPackage>
      <ItemPrice>13.90</ItemPrice>
      <UnitOfMeasurePrice>27.8000</UnitOfMeasurePrice>
      <AllowDiscount>1</AllowDiscount>
      <ItemStatus>1</ItemStatus>
      <ItemId>78401</ItemId>
    </Item>
    <Item>
      <PriceUpdateDate>2025-11-02 11:30:18</PriceUpdateDate>
      <ItemCode>7610700009956</ItemCode>
      <ItemType>1</ItemType>
      <ItemName>סוכריות ריקולה פרחי</ItemName>
      <ManufacturerName>,</ManufacturerName>
      <ManufactureCountry>לא ידוע</ManufactureCountry>
      <ManufacturerItemDescription>סוכריות ריקולה פרחי סמבוקוס ללא סוכר 50</ManufacturerItemDescription>
      <UnitQty>גרמים</UnitQty>
      <Quantity>50.00</Quantity>
      <UnitOfMeasure>100 גרם</UnitOfMeasure>
      <bIsWeighted>0</bIsWeighted>
      <QtyInPackage>1</QtyInPackage>
      <ItemPrice>13.90</ItemPrice>
      <UnitOfMeasurePrice>27.8000</UnitOfMeasurePrice>
      <AllowDiscount>1</AllowDiscount>
      <ItemStatus>1</ItemStatus>
      <ItemId>78402</ItemId>
    </Item>
    <Item>
      <PriceUpdateDate>2023-12-31 12:51:16</PriceUpdateDate>
      <ItemCode>4023800231647</ItemCode>
      <ItemType>1</ItemType>
      <ItemName>בונבוניירת מוצרט 200</ItemName>
      <ManufacturerName>,</ManufacturerName>
      <ManufactureCountry>לא ידוע</ManufactureCountry>
      <ManufacturerItemDescription>בונבוניירת מוצרט 200 גר</ManufacturerItemDescription>
      <UnitQty>גרמים</UnitQty>
      <Quantity>200.00</Quantity>
      <UnitOfMeasure>100 גרם</UnitOfMeasure>
      <bIsWeighted>0</bIsWeighted>
      <QtyInPackage>לא ידוע</QtyInPackage>
      <ItemPrice>24.90</ItemPrice>
      <UnitOfMeasurePrice>12.4500</UnitOfMeasurePrice>
      <AllowDiscount>1</AllowDiscount>
      <ItemStatus>1</ItemStatus>
      <ItemId>78405</ItemId>
    </Item>
    <Item>
      <PriceUpdateDate>2023-12-31 12:51:16</PriceUpdateDate>
      <ItemCode>4620015854779</ItemCode>
      <ItemType>1</ItemType>
      <ItemName>תה שחור קרטיס מנגו ו</ItemName>
      <ManufacturerName>קאן אגריטך פרייבט למ</ManufacturerName>
      <ManufactureCountry>לא ידוע</ManufactureCountry>
      <ManufacturerItemDescription>תה שחור קרטיס מנגו ופירות 20 שק</ManufacturerItemDescription>
      <UnitQty>Unknown </UnitQty>
      <Quantity>0.00</Quantity>
      <UnitOfMeasure>Unknown </UnitOfMeasure>
      <bIsWeighted>0</bIsWeighted>
      <QtyInPackage>1</QtyInPackage>
      <ItemPrice>12.90</ItemPrice>
      <UnitOfMeasurePrice>0.0000</UnitOfMeasurePrice>
      <AllowDiscount>1</AllowDiscount>
      <ItemStatus>1</ItemStatus>
      <ItemId>78477</ItemId>
    </Item>
    <Item>
      <PriceUpdateDate>2025-04-14 13:00:31</PriceUpdateDate>
      <ItemCode>4860102001413</ItemCode>
      <ItemType>1</ItemType>
      <ItemName>אדגיקה סחוג יקור גאו</ItemName>
      <ManufacturerName>,</ManufacturerName>
      <ManufactureCountry>ג'ורג'יה</ManufactureCountry>
      <ManufacturerItemDescription>אדגיקה סחוג יקור גאורגי 120 גר</ManufacturerItemDescription>
      <UnitQty>גרמים</UnitQty>
      <Quantity>120.00</Quantity>
      <UnitOfMeasure>100 גרם</UnitOfMeasure>
      <bIsWeighted>0</bIsWeighted>
      <QtyInPackage>12</QtyInPackage>
      <ItemPrice>10.90</ItemPrice>
      <UnitOfMeasurePrice>9.0833</UnitOfMeasurePrice>
      <AllowDiscount>1</AllowDiscount>
      <ItemStatus>1</ItemStatus>
      <ItemId>78570</ItemId>
    </Item>
    <Item>
      <PriceUpdateDate>2025-07-20 20:13:12</PriceUpdateDate>
      <ItemCode>8003740009052</ItemCode>
      <ItemType>1</ItemType>
      <ItemName>פסטה אריגי פטוציני 5</ItemName>
      <ManufacturerName>,</ManufacturerName>
      <ManufactureCountry>לא ידוע</ManufactureCountry>
      <ManufacturerItemDescription>פסטה אריגי פטוציני 500 גר</ManufacturerItemDescription>
      <UnitQty>גרמים</UnitQty>
      <Quantity>500.00</Quantity>
      <UnitOfMeasure>100 גרם</UnitOfMeasure>
      <bIsWeighted>0</bIsWeighted>
      <QtyInPackage>1</QtyInPackage>
      <ItemPrice>8.90</ItemPrice>
      <UnitOfMeasurePrice>1.7800</UnitOfMeasurePrice>
      <AllowDiscount>1</AllowDiscount>
      <ItemStatus>1</ItemStatus>
      <ItemId>78734</ItemId>
    </Item>
    <Item>
      <PriceUpdateDate>2024-03-20 08:28:50</PriceUpdateDate>
      <ItemCode>7290000400547</ItemCode>
      <ItemType>1</ItemType>
      <ItemName>כתף עגל לבישול</ItemName>
      <ManufacturerName>,</ManufacturerName>
      <ManufactureCountry>לא ידוע</ManufactureCountry>
      <ManufacturerItemDescription>כתף עגל לבישול</ManufacturerItemDescription>
      <UnitQty>קילוגרמים</UnitQty>
      <Quantity>1.00</Quantity>
      <UnitOfMeasure>ק"ג</UnitOfMeasure>
      <bIsWeighted>1</bIsWeighted>
      <QtyInPackage>לא ידוע</QtyInPackage>
      <ItemPrice>79.90</ItemPrice>
      <UnitOfMeasurePrice>79.9000</UnitOfMeasurePrice>
      <AllowDiscount>1</AllowDiscount>
      <ItemStatus>1</ItemStatus>
      <ItemId>78737</ItemId>
    </Item>
    <Item>
      <PriceUpdateDate>2025-11-25 13:43:36</PriceUpdateDate>
      <ItemCode>7290000400493</ItemCode>
      <ItemType>1</ItemType>
      <ItemName>ויסברטן עגל נקי חצוי</ItemName>
      <ManufacturerName>,</ManufacturerName>
      <ManufactureCountry>לא ידוע</ManufactureCountry>
      <ManufacturerItemDescription>ויסברטן עגל נקי חצוי</ManufacturerItemDescription>
      <UnitQty>קילוגרמים</UnitQty>
      <Quantity>1.00</Quantity>
      <UnitOfMeasure>ק"ג</UnitOfMeasure>
      <bIsWeighted>1</bIsWeighted>
      <QtyInPackage>לא ידוע</QtyInPackage>
      <ItemPrice>82.90</ItemPrice>
      <UnitOfMeasurePrice>82.9000</UnitOfMeasurePrice>
      <AllowDiscount>1</AllowDiscount>
      <ItemStatus>1</ItemStatus>
      <ItemId>78738</ItemId>
    </Item>
    <Item>
      <PriceUpdateDate>2023-12-31 12:51:19</PriceUpdateDate>
      <ItemCode>7290000400448</ItemCode>
      <ItemType>1</ItemType>
      <ItemName>צלי כתף טרי ארוז</ItemName>
      <ManufacturerName>,</ManufacturerName>
      <ManufactureCountry>לא ידוע</ManufactureCountry>
      <ManufacturerItemDescription>צלי כתף טרי ארוז</ManufacturerItemDescription>
      <UnitQty>קילוגרמים</UnitQty>
      <Quantity>1.00</Quantity>
      <UnitOfMeasure>ק"ג</UnitOfMeasure>
      <bIsWeighted>1</bIsWeighted>
      <QtyInPackage>לא ידוע</QtyInPackage>
      <ItemPrice>99.90</ItemPrice>
      <UnitOfMeasurePrice>99.9000</UnitOfMeasurePrice>
      <AllowDiscount>1</AllowDiscount>
      <ItemStatus>1</ItemStatus>
      <ItemId>78739</ItemId>
    </Item>
    <Item>
      <PriceUpdateDate>2025-10-28 16:59:45</PriceUpdateDate>
      <ItemCode>7290000776837</ItemCode>
      <ItemType>1</ItemType>
      <ItemName>שייטל לרוסטביף טרי א</ItemName>
      <ManufacturerName>,</ManufacturerName>
      <ManufactureCountry>לא ידוע</ManufactureCountry>
      <ManufacturerItemDescription>שייטל לרוסטביף טרי ארוז</ManufacturerItemDescription>
      <UnitQty>קילוגרמים</UnitQty>
      <Quantity>1.00</Quantity>
      <UnitOfMeasure>ק"ג</UnitOfMeasure>
      <bIsWeighted>1</bIsWeighted>
      <QtyInPackage>לא ידוע</QtyInPackage>
      <ItemPrice>109.90</ItemPrice>
      <UnitOfMeasurePrice>109.9000</UnitOfMeasurePrice>
      <AllowDiscount>1</AllowDiscount>
      <ItemStatus>1</ItemStatus>
      <ItemId>78745</ItemId>
    </Item>
    <Item>
      <PriceUpdateDate>2025-12-07 09:07:51</PriceUpdateDate>
      <ItemCode>7290000776127</ItemCode>
      <ItemType>1</ItemType>
      <ItemName>אוסובוקו עגל טרי ארו</ItemName>
      <ManufacturerName>,</ManufacturerName>
      <ManufactureCountry>לא ידוע</ManufactureCountry>
      <ManufacturerItemDescription>אוסובוקו עגל טרי ארוז</ManufacturerItemDescription>
      <UnitQty>קילוגרמים</UnitQty>
      <Quantity>1.00</Quantity>
      <UnitOfMeasure>ק"ג</UnitOfMeasure>
      <bIsWeighted>1</bIsWeighted>
      <QtyInPackage>לא ידוע</QtyInPackage>
      <ItemPrice>69.90</ItemPrice>
      <UnitOfMeasurePrice>69.9000</UnitOfMeasurePrice>
      <AllowDiscount>1</AllowDiscount>
      <ItemStatus>1</ItemStatus>
      <ItemId>78748</ItemId>
    </Item>
    <Item>
      <PriceUpdateDate>2025-07-24 08:02:30</PriceUpdateDate>
      <ItemCode>7290000400981</ItemCode>
      <ItemType>1</ItemType>
      <ItemName>פרוסות פיקניה טרי אר</ItemName>
      <ManufacturerName>,</ManufacturerName>
      <ManufactureCountry>לא ידוע</ManufactureCountry>
      <ManufacturerItemDescription>פרוסות פיקניה טרי ארוז</ManufacturerItemDescription>
      <UnitQty>קילוגרמים</UnitQty>
      <Quantity>1.00</Quantity>
      <UnitOfMeasure>ק"ג</UnitOfMeasure>
      <bIsWeighted>1</bIsWeighted>
      <QtyInPackage>לא ידוע</QtyInPackage>
      <ItemPrice>119.90</ItemPrice>
      <UnitOfMeasurePrice>119.9000</UnitOfMeasurePrice>
      <AllowDiscount>1</AllowDiscount>
      <ItemStatus>1</ItemStatus>
      <ItemId>78755</ItemId>
    </Item>
    <Item>
      <PriceUpdateDate>2023-12-31 12:51:20</PriceUpdateDate>
      <ItemCode>4840472020122</ItemCode>
      <ItemType>1</ItemType>
      <ItemName>יין מלבק דה פורקרי 7</ItemName>
      <ManufacturerName>,</ManufacturerName>
      <ManufactureCountry>לא ידוע</ManufactureCountry>
      <ManufacturerItemDescription>יין מלבק דה פורקרי 750 מל</ManufacturerItemDescription>
      <UnitQty>מיליליטרים</UnitQty>
      <Quantity>750.00</Quantity>
      <UnitOfMeasure>100 מ"ל</UnitOfMeasure>
      <bIsWeighted>0</bIsWeighted>
      <QtyInPackage>1</QtyInPackage>
      <ItemPrice>84.90</ItemPrice>
      <UnitOfMeasurePrice>11.3200</UnitOfMeasurePrice>
      <AllowDiscount>1</AllowDiscount>
      <ItemStatus>1</ItemStatus>
      <ItemId>79007</ItemId>
    </Item>
    <Item>
      <PriceUpdateDate>2024-08-08 18:00:39</PriceUpdateDate>
      <ItemCode>4840472020443</ItemCode>
      <ItemType>1</ItemType>
      <ItemName>יין פטאסקה נאגרה דה</ItemName>
      <ManufacturerName>,</ManufacturerName>
      <ManufactureCountry>מולדובה</ManufactureCountry>
      <ManufacturerItemDescription>יין פטאסקה נאגרה דה פורקרי 750 מל</ManufacturerItemDescription>
      <UnitQty>מיליליטרים</UnitQty>
      <Quantity>750.00</Quantity>
      <UnitOfMeasure>100 מ"ל</UnitOfMeasure>
      <bIsWeighted>0</bIsWeighted>
      <QtyInPackage>1</QtyInPackage>
      <ItemPrice>84.90</ItemPrice>
      <UnitOfMeasurePrice>11.3200</UnitOfMeasurePrice>
      <AllowDiscount>1</AllowDiscount>
      <ItemStatus>1</ItemStatus>
      <ItemId>79008</ItemId>
    </Item>
    <Item>
      <PriceUpdateDate>2025-03-06 19:02:10</PriceUpdateDate>
      <ItemCode>8722100023377</ItemCode>
      <ItemType>1</ItemType>
      <ItemName>מיונז הולנדי גאודס 8</ItemName>
      <ManufacturerName>גאוד'ס</ManufacturerName>
      <ManufactureCountry>לא ידוע</ManufactureCountry>
      <ManufacturerItemDescription>מיונז הולנדי גאודס 850 מל</ManufacturerItemDescription>
      <UnitQty>מיליליטרים</UnitQty>
      <Quantity>850.00</Quantity>
      <UnitOfMeasure>100 מ"ל</UnitOfMeasure>
      <bIsWeighted>0</bIsWeighted>
      <QtyInPackage>1</QtyInPackage>
      <ItemPrice>32.90</ItemPrice>
      <UnitOfMeasurePrice>3.8706</UnitOfMeasurePrice>
      <AllowDiscount>1</AllowDiscount>
      <ItemStatus>1</ItemStatus>
      <ItemId>79060</ItemId>
    </Item>
    <Item>
      <PriceUpdateDate>2024-07-25 08:46:36</PriceUpdateDate>
      <ItemCode>7804320746104</ItemCode>
      <ItemType>1</ItemType>
      <ItemName>יין קונצה אי טורו דא</ItemName>
      <ManufacturerName>,</ManufacturerName>
      <ManufactureCountry>לא ידוע</ManufactureCountry>
      <ManufacturerItemDescription>יין קונצה אי טורו דארק רד 750 מל</ManufacturerItemDescription>
      <UnitQty>מיליליטרים</UnitQty>
      <Quantity>750.00</Quantity>
      <UnitOfMeasure>100 מ"ל</UnitOfMeasure>
      <bIsWeighted>0</bIsWeighted>
      <QtyInPackage>1</QtyInPackage>
      <ItemPrice>74.90</ItemPrice>
      <UnitOfMeasurePrice>9.9867</UnitOfMeasurePrice>
      <AllowDiscount>1</AllowDiscount>
      <ItemStatus>1</ItemStatus>
      <ItemId>79202</ItemId>
    </Item>
    <Item>
      <PriceUpdateDate>2024-07-25 08:46:36</PriceUpdateDate>
      <ItemCode>7804320750552</ItemCode>
      <ItemType>1</ItemType>
      <ItemName>יין קונצה אי טורו קב</ItemName>
      <ManufacturerName>,</ManufacturerName>
      <ManufactureCountry>לא ידוע</ManufactureCountry>
      <ManufacturerItemDescription>יין קונצה אי טורו קברנה סוביניון 750 מל</ManufacturerItemDescription>
      <UnitQty>מיליליטרים</UnitQty>
      <Quantity>750.00</Quantity>
      <UnitOfMeasure>100 מ"ל</UnitOfMeasure>
      <bIsWeighted>0</bIsWeighted>
      <QtyInPackage>1</QtyInPackage>
      <ItemPrice>74.90</ItemPrice>
      <UnitOfMeasurePrice>9.9867</UnitOfMeasurePrice>
      <AllowDiscount>1</AllowDiscount>
      <ItemStatus>1</ItemStatus>
      <ItemId>79203</ItemId>
    </Item>
    <Item>
      <PriceUpdateDate>2024-03-03 08:49:10</PriceUpdateDate>
      <ItemCode>7290008670876</ItemCode>
      <ItemType>1</ItemType>
      <ItemName>יין רקנאטי פרנץ בלנד</ItemName>
      <ManufacturerName>,</ManufacturerName>
      <ManufactureCountry>לא ידוע</ManufactureCountry>
      <ManufacturerItemDescription>יין רקנאטי פרנץ בלנד 2021 750 מל</ManufacturerItemDescription>
      <UnitQty>מיליליטרים</UnitQty>
      <Quantity>750.00</Quantity>
      <UnitOfMeasure>100 מ"ל</UnitOfMeasure>
      <bIsWeighted>0</bIsWeighted>
      <QtyInPackage>1</QtyInPackage>
      <ItemPrice>79.90</ItemPrice>
      <UnitOfMeasurePrice>10.6533</UnitOfMeasurePrice>
      <AllowDiscount>1</AllowDiscount>
      <ItemStatus>1</ItemStatus>
      <ItemId>79205</ItemId>
    </Item>
    <Item>
      <PriceUpdateDate>2025-03-11 17:46:40</PriceUpdateDate>
      <ItemCode>7610400099776</ItemCode>
      <ItemType>1</ItemType>
      <ItemName>שוקולד לינדור מילק 1</ItemName>
      <ManufacturerName>,</ManufacturerName>
      <ManufactureCountry>לא ידוע</ManufactureCountry>
      <ManufacturerItemDescription>שוקולד לינדור מילק 100 גר</ManufacturerItemDescription>
      <UnitQty>גרמים</UnitQty>
      <Quantity>100.00</Quantity>
      <UnitOfMeasure>100 גרם</UnitOfMeasure>
      <bIsWeighted>0</bIsWeighted>
      <QtyInPackage>1</QtyInPackage>
      <ItemPrice>22.90</ItemPrice>
      <UnitOfMeasurePrice>22.9000</UnitOfMeasurePrice>
      <AllowDiscount>1</AllowDiscount>
      <ItemStatus>1</ItemStatus>
      <ItemId>97268</ItemId>
    </Item>
    <Item>
      <PriceUpdateDate>2023-12-31 12:51:22</PriceUpdateDate>
      <ItemCode>4760065708957</ItemCode>
      <ItemType>1</ItemType>
      <ItemName>עגבניות אדומות קלופו</ItemName>
      <ManufacturerName>BIZIM TARLA</ManufacturerName>
      <ManufactureCountry>לא ידוע</ManufactureCountry>
      <ManufacturerItemDescription>עגבניות אדומות קלופות במיץ עגבניות 680 ג</ManufacturerItemDescription>
      <UnitQty>גרמים</UnitQty>
      <Quantity>680.00</Quantity>
      <UnitOfMeasure>100 גרם</UnitOfMeasure>
      <bIsWeighted>0</bIsWeighted>
      <QtyInPackage>1</QtyInPackage>
      <ItemPrice>14.90</ItemPrice>
      <UnitOfMeasurePrice>2.1912</UnitOfMeasurePrice>
      <AllowDiscount>1</AllowDiscount>
      <ItemStatus>1</ItemStatus>
      <ItemId>79376</ItemId>
    </Item>
    <Item>
      <PriceUpdateDate>2023-12-31 12:51:23</PriceUpdateDate>
      <ItemCode>4680019562018</ItemCode>
      <ItemType>1</ItemType>
      <ItemName>משקה כוסמת 1 ל</ItemName>
      <ManufacturerName>,</ManufacturerName>
      <ManufactureCountry>לא ידוע</ManufactureCountry>
      <ManufacturerItemDescription>משקה כוסמת 1 ל</ManufacturerItemDescription>
      <UnitQty>ליטרים</UnitQty>
      <Quantity>1.00</Quantity>
      <UnitOfMeasure>ליטר    </UnitOfMeasure>
      <bIsWeighted>0</bIsWeighted>
      <QtyInPackage>1</QtyInPackage>
      <ItemPrice>12.90</ItemPrice>
      <UnitOfMeasurePrice>12.9000</UnitOfMeasurePrice>
      <AllowDiscount>1</AllowDiscount>
      <ItemStatus>1</ItemStatus>
      <ItemId>79441</ItemId>
    </Item>
    <Item>
      <PriceUpdateDate>2023-12-31 12:51:23</PriceUpdateDate>
      <ItemCode>4680019563350</ItemCode>
      <ItemType>1</ItemType>
      <ItemName>משקה שיבולת שועל וני</ItemName>
      <ManufacturerName>,</ManufacturerName>
      <ManufactureCountry>לא ידוע</ManufactureCountry>
      <ManufacturerItemDescription>משקה שיבולת שועל וניל 1 ל</ManufacturerItemDescription>
      <UnitQty>ליטרים</UnitQty>
      <Quantity>1.00</Quantity>
      <UnitOfMeasure>ליטר    </UnitOfMeasure>
      <bIsWeighted>0</bIsWeighted>
      <QtyInPackage>1</QtyInPackage>
      <ItemPrice>12.90</ItemPrice>
      <UnitOfMeasurePrice>12.9000</UnitOfMeasurePrice>
      <AllowDiscount>1</AllowDiscount>
      <ItemStatus>1</ItemStatus>
      <ItemId>79442</ItemId>
    </Item>
    <Item>
      <PriceUpdateDate>2023-12-31 12:51:23</PriceUpdateDate>
      <ItemCode>4680019560922</ItemCode>
      <ItemType>1</ItemType>
      <ItemName>משקה שיבולת שועל קלא</ItemName>
      <ManufacturerName>,</ManufacturerName>
      <ManufactureCountry>לא ידוע</ManufactureCountry>
      <ManufacturerItemDescription>משקה שיבולת שועל קלאסי 1 ל</ManufacturerItemDescription>
      <UnitQty>ליטרים</UnitQty>
      <Quantity>1.00</Quantity>
      <UnitOfMeasure>ליטר    </UnitOfMeasure>
      <bIsWeighted>0</bIsWeighted>
      <QtyInPackage>1</QtyInPackage>
      <ItemPrice>12.90</ItemPrice>
      <UnitOfMeasurePrice>12.9000</UnitOfMeasurePrice>
      <AllowDiscount>1</AllowDiscount>
      <ItemStatus>1</ItemStatus>
      <ItemId>79443</ItemId>
    </Item>
    <Item>
      <PriceUpdateDate>2023-12-31 12:51:23</PriceUpdateDate>
      <ItemCode>4680019563442</ItemCode>
      <ItemType>1</ItemType>
      <ItemName>משקה אורז 1 ל</ItemName>
      <ManufacturerName>,</ManufacturerName>
      <ManufactureCountry>לא ידוע</ManufactureCountry>
      <ManufacturerItemDescription>משקה אורז 1 ל</ManufacturerItemDescription>
      <UnitQty>ליטרים</UnitQty>
      <Quantity>1.00</Quantity>
      <UnitOfMeasure>ליטר    </UnitOfMeasure>
      <bIsWeighted>0</bIsWeighted>
      <QtyInPackage>1</QtyInPackage>
      <ItemPrice>12.90</ItemPrice>
      <UnitOfMeasurePrice>12.9000</UnitOfMeasurePrice>
      <AllowDiscount>1</AllowDiscount>
      <ItemStatus>1</ItemStatus>
      <ItemId>79446</ItemId>
    </Item>
    <Item>
      <PriceUpdateDate>2025-04-17 10:45:02</PriceUpdateDate>
      <ItemCode>4607084353150</ItemCode>
      <ItemType>1</ItemType>
      <ItemName>עוגיות שוקו פאי קרמל</ItemName>
      <ManufacturerName>,</ManufacturerName>
      <ManufactureCountry>לא ידוע</ManufactureCountry>
      <ManufacturerItemDescription>עוגיות שוקו פאי קרמל 360 גר</ManufacturerItemDescription>
      <UnitQty>גרמים</UnitQty>
      <Quantity>360.00</Quantity>
      <UnitOfMeasure>100 גרם</UnitOfMeasure>
      <bIsWeighted>0</bIsWeighted>
      <QtyInPackage>1</QtyInPackage>
      <ItemPrice>19.90</ItemPrice>
      <UnitOfMeasurePrice>5.5278</UnitOfMeasurePrice>
      <AllowDiscount>1</AllowDiscount>
      <ItemStatus>1</ItemStatus>
      <ItemId>79488</ItemId>
    </Item>
    <Item>
      <PriceUpdateDate>2023-12-31 12:51:23</PriceUpdateDate>
      <ItemCode>4602041012736</ItemCode>
      <ItemType>1</ItemType>
      <ItemName>מקלות תירס מתוקים 10</ItemName>
      <ManufacturerName>,</ManufacturerName>
      <ManufactureCountry>לא ידוע</ManufactureCountry>
      <ManufacturerItemDescription>מקלות תירס מתוקים 100 גר</ManufacturerItemDescription>
      <UnitQty>גרמים</UnitQty>
      <Quantity>100.00</Quantity>
      <UnitOfMeasure>100 גרם</UnitOfMeasure>
      <bIsWeighted>0</bIsWeighted>
      <QtyInPackage>1</QtyInPackage>
      <ItemPrice>8.90</ItemPrice>
      <UnitOfMeasurePrice>8.9000</UnitOfMeasurePrice>
      <AllowDiscount>1</AllowDiscount>
      <ItemStatus>1</ItemStatus>
      <ItemId>79489</ItemId>
    </Item>
    <Item>
      <PriceUpdateDate>2024-11-03 13:30:30</PriceUpdateDate>
      <ItemCode>4810168058982</ItemCode>
      <ItemType>1</ItemType>
      <ItemName>חתיכות פילה הרינג סק</ItemName>
      <ManufacturerName>,</ManufacturerName>
      <ManufactureCountry>לא ידוע</ManufactureCountry>
      <ManufacturerItemDescription>חתיכות פילה הרינג סקנדינבי בשמן 400 גר</ManufacturerItemDescription>
      <UnitQty>גרמים</UnitQty>
      <Quantity>400.00</Quantity>
      <UnitOfMeasure>100 גרם</UnitOfMeasure>
      <bIsWeighted>0</bIsWeighted>
      <QtyInPackage>1</QtyInPackage>
      <ItemPrice>32.90</ItemPrice>
      <UnitOfMeasurePrice>8.2250</UnitOfMeasurePrice>
      <AllowDiscount>1</AllowDiscount>
      <ItemStatus>1</ItemStatus>
      <ItemId>79511</ItemId>
    </Item>
    <Item>
      <PriceUpdateDate>2024-11-03 13:30:30</PriceUpdateDate>
      <ItemCode>4810168058975</ItemCode>
      <ItemType>1</ItemType>
      <ItemName>חתיכות פילה הרינג סק</ItemName>
      <ManufacturerName>,</ManufacturerName>
      <ManufactureCountry>לא ידוע</ManufactureCountry>
      <ManufacturerItemDescription>חתיכות פילה הרינג סקנדינבי מצונן 260 גר</ManufacturerItemDescription>
      <UnitQty>גרמים</UnitQty>
      <Quantity>260.00</Quantity>
      <UnitOfMeasure>100 גרם</UnitOfMeasure>
      <bIsWeighted>0</bIsWeighted>
      <QtyInPackage>1</QtyInPackage>
      <ItemPrice>21.90</ItemPrice>
      <UnitOfMeasurePrice>8.4231</UnitOfMeasurePrice>
      <AllowDiscount>1</AllowDiscount>
      <ItemStatus>1</ItemStatus>
      <ItemId>79512</ItemId>
    </Item>
    <Item>
      <PriceUpdateDate>2025-11-24 11:39:39</PriceUpdateDate>
      <ItemCode>7290013411785</ItemCode>
      <ItemType>1</ItemType>
      <ItemName>פטריות מסלייטה 500 ג</ItemName>
      <ManufacturerName>,</ManufacturerName>
      <ManufactureCountry>לא ידוע</ManufactureCountry>
      <ManufacturerItemDescription>פטריות מסלייטה 500 גר</ManufacturerItemDescription>
      <UnitQty>גרמים</UnitQty>
      <Quantity>500.00</Quantity>
      <UnitOfMeasure>100 גרם</UnitOfMeasure>
      <bIsWeighted>0</bIsWeighted>
      <QtyInPackage>1</QtyInPackage>
      <ItemPrice>29.90</ItemPrice>
      <UnitOfMeasurePrice>5.9800</UnitOfMeasurePrice>
      <AllowDiscount>1</AllowDiscount>
      <ItemStatus>1</ItemStatus>
      <ItemId>79571</ItemId>
    </Item>
    <Item>
      <PriceUpdateDate>2025-11-24 11:39:40</PriceUpdateDate>
      <ItemCode>7290013411754</ItemCode>
      <ItemType>1</ItemType>
      <ItemName>פטריות שיטאקי 500 גר</ItemName>
      <ManufacturerName>,</ManufacturerName>
      <ManufactureCountry>לא ידוע</ManufactureCountry>
      <ManufacturerItemDescription>פטריות שיטאקי 500 גר</ManufacturerItemDescription>
      <UnitQty>גרמים</UnitQty>
      <Quantity>500.00</Quantity>
      <UnitOfMeasure>100 גרם</UnitOfMeasure>
      <bIsWeighted>0</bIsWeighted>
      <QtyInPackage>1</QtyInPackage>
      <ItemPrice>29.90</ItemPrice>
      <UnitOfMeasurePrice>5.9800</UnitOfMeasurePrice>
      <AllowDiscount>1</AllowDiscount>
      <ItemStatus>1</ItemStatus>
      <ItemId>79574</ItemId>
    </Item>
    <Item>
      <PriceUpdateDate>2025-04-27 19:28:05</PriceUpdateDate>
      <ItemCode>8003740669362</ItemCode>
      <ItemType>1</ItemType>
      <ItemName>רוטב פטריות אריגי 32</ItemName>
      <ManufacturerName>,</ManufacturerName>
      <ManufactureCountry>לא ידוע</ManufactureCountry>
      <ManufacturerItemDescription>רוטב פטריות אריגי 320 גר</ManufacturerItemDescription>
      <UnitQty>גרמים</UnitQty>
      <Quantity>320.00</Quantity>
      <UnitOfMeasure>100 גרם</UnitOfMeasure>
      <bIsWeighted>0</bIsWeighted>
      <QtyInPackage>1</QtyInPackage>
      <ItemPrice>11.90</ItemPrice>
      <UnitOfMeasurePrice>3.7188</UnitOfMeasurePrice>
      <AllowDiscount>1</AllowDiscount>
      <ItemStatus>1</ItemStatus>
      <ItemId>79614</ItemId>
    </Item>
    <Item>
      <PriceUpdateDate>2023-12-31 12:51:24</PriceUpdateDate>
      <ItemCode>5010327399614</ItemCode>
      <ItemType>1</ItemType>
      <ItemName>ויסקי גלנפידיך 12 שנ</ItemName>
      <ManufacturerName>ויליאם גראנט</ManufacturerName>
      <ManufactureCountry>לא ידוע</ManufactureCountry>
      <ManufacturerItemDescription>ויסקי גלנפידיך 12 שנה אמריקן אוק 700 מל</ManufacturerItemDescription>
      <UnitQty>מיליליטרים</UnitQty>
      <Quantity>700.00</Quantity>
      <UnitOfMeasure>100 מ"ל</UnitOfMeasure>
      <bIsWeighted>0</bIsWeighted>
      <QtyInPackage>1</QtyInPackage>
      <ItemPrice>199.90</ItemPrice>
      <UnitOfMeasurePrice>28.5571</UnitOfMeasurePrice>
      <AllowDiscount>1</AllowDiscount>
      <ItemStatus>1</ItemStatus>
      <ItemId>79619</ItemId>
    </Item>
    <Item>
      <PriceUpdateDate>2025-09-01 14:12:14</PriceUpdateDate>
      <ItemCode>7290000499132</ItemCode>
      <ItemType>1</ItemType>
      <ItemName>635\\\נשנושי אסאדו א</ItemName>
      <ManufacturerName>,</ManufacturerName>
      <ManufactureCountry>לא ידוע</ManufactureCountry>
      <ManufacturerItemDescription>נשנושי אסאדו אנגוס ללא עצם</ManufacturerItemDescription>
      <UnitQty>קילוגרמים</UnitQty>
      <Quantity>1.00</Quantity>
      <UnitOfMeasure>ק"ג</UnitOfMeasure>
      <bIsWeighted>1</bIsWeighted>
      <QtyInPackage>לא ידוע</QtyInPackage>
      <ItemPrice>119.90</ItemPrice>
      <UnitOfMeasurePrice>119.9000</UnitOfMeasurePrice>
      <AllowDiscount>1</AllowDiscount>
      <ItemStatus>1</ItemStatus>
      <ItemId>79626</ItemId>
    </Item>
    <Item>
      <PriceUpdateDate>2025-09-01 14:12:14</PriceUpdateDate>
      <ItemCode>7290000461940</ItemCode>
      <ItemType>1</ItemType>
      <ItemName>דנוור סטייק אנגוס פר</ItemName>
      <ManufacturerName>,</ManufacturerName>
      <ManufactureCountry>לא ידוע</ManufactureCountry>
      <ManufacturerItemDescription>דנוור סטייק אנגוס פרוס מצונן בוואקום</ManufacturerItemDescription>
      <UnitQty>קילוגרמים</UnitQty>
      <Quantity>1.00</Quantity>
      <UnitOfMeasure>ק"ג</UnitOfMeasure>
      <bIsWeighted>1</bIsWeighted>
      <QtyInPackage>לא ידוע</QtyInPackage>
      <ItemPrice>189.90</ItemPrice>
      <UnitOfMeasurePrice>189.9000</UnitOfMeasurePrice>
      <AllowDiscount>1</AllowDiscount>
      <ItemStatus>1</ItemStatus>
      <ItemId>79629</ItemId>
    </Item>
    <Item>
      <PriceUpdateDate>2023-12-31 12:51:24</PriceUpdateDate>
      <ItemCode>7290015009485</ItemCode>
      <ItemType>1</ItemType>
      <ItemName>שימורי שעועית אפויה</ItemName>
      <ManufacturerName>,</ManufacturerName>
      <ManufactureCountry>לא ידוע</ManufactureCountry>
      <ManufacturerItemDescription>שימורי שעועית אפויה ברוטב עגבניות 400 גר</ManufacturerItemDescription>
      <UnitQty>גרמים</UnitQty>
      <Quantity>400.00</Quantity>
      <UnitOfMeasure>100 גרם</UnitOfMeasure>
      <bIsWeighted>0</bIsWeighted>
      <QtyInPackage>1</QtyInPackage>
      <ItemPrice>9.90</ItemPrice>
      <UnitOfMeasurePrice>2.4750</UnitOfMeasurePrice>
      <AllowDiscount>1</AllowDiscount>
      <ItemStatus>1</ItemStatus>
      <ItemId>79638</ItemId>
    </Item>
    <Item>
      <PriceUpdateDate>2023-12-31 12:51:24</PriceUpdateDate>
      <ItemCode>7290015009553</ItemCode>
      <ItemType>1</ItemType>
      <ItemName>רוטב אקסטרא חריף מפו</ItemName>
      <ManufacturerName>,</ManufacturerName>
      <ManufactureCountry>לא ידוע</ManufactureCountry>
      <ManufacturerItemDescription>רוטב אקסטרא חריף מפולפל קרולינה ריפר 148</ManufacturerItemDescription>
      <UnitQty>מיליליטרים</UnitQty>
      <Quantity>148.00</Quantity>
      <UnitOfMeasure>100 מ"ל</UnitOfMeasure>
      <bIsWeighted>0</bIsWeighted>
      <QtyInPackage>1</QtyInPackage>
      <ItemPrice>19.90</ItemPrice>
      <UnitOfMeasurePrice>13.4459</UnitOfMeasurePrice>
      <AllowDiscount>1</AllowDiscount>
      <ItemStatus>1</ItemStatus>
      <ItemId>79647</ItemId>
    </Item>
    <Item>
      <PriceUpdateDate>2023-12-31 12:51:24</PriceUpdateDate>
      <ItemCode>7290015009577</ItemCode>
      <ItemType>1</ItemType>
      <ItemName>רוטב חריף מפולפל הבנ</ItemName>
      <ManufacturerName>,</ManufacturerName>
      <ManufactureCountry>לא ידוע</ManufactureCountry>
      <ManufacturerItemDescription>רוטב חריף מפולפל הבנרו 148 מל</ManufacturerItemDescription>
      <UnitQty>מיליליטרים</UnitQty>
      <Quantity>148.00</Quantity>
      <UnitOfMeasure>100 מ"ל</UnitOfMeasure>
      <bIsWeighted>0</bIsWeighted>
      <QtyInPackage>1</QtyInPackage>
      <ItemPrice>19.90</ItemPrice>
      <UnitOfMeasurePrice>13.4459</UnitOfMeasurePrice>
      <AllowDiscount>1</AllowDiscount>
      <ItemStatus>1</ItemStatus>
      <ItemId>79649</ItemId>
    </Item>
    <Item>
      <PriceUpdateDate>2023-12-31 12:51:24</PriceUpdateDate>
      <ItemCode>7290015009607</ItemCode>
      <ItemType>1</ItemType>
      <ItemName>רוטב אקסטרא חריף מפו</ItemName>
      <ManufacturerName>,</ManufacturerName>
      <ManufactureCountry>לא ידוע</ManufactureCountry>
      <ManufacturerItemDescription>רוטב אקסטרא חריף מפולפל נגה גולוקיה 148</ManufacturerItemDescription>
      <UnitQty>מיליליטרים</UnitQty>
      <Quantity>148.00</Quantity>
      <UnitOfMeasure>100 מ"ל</UnitOfMeasure>
      <bIsWeighted>0</bIsWeighted>
      <QtyInPackage>1</QtyInPackage>
      <ItemPrice>19.90</ItemPrice>
      <UnitOfMeasurePrice>13.4459</UnitOfMeasurePrice>
      <AllowDiscount>1</AllowDiscount>
      <ItemStatus>1</ItemStatus>
      <ItemId>79652</ItemId>
    </Item>
    <Item>
      <PriceUpdateDate>2023-12-31 12:51:24</PriceUpdateDate>
      <ItemCode>7290015009621</ItemCode>
      <ItemType>1</ItemType>
      <ItemName>רוטב סויה עם שומשום</ItemName>
      <ManufacturerName>,</ManufacturerName>
      <ManufactureCountry>לא ידוע</ManufactureCountry>
      <ManufacturerItemDescription>רוטב סויה עם שומשום ודבש 355 מל</ManufacturerItemDescription>
      <UnitQty>מיליליטרים</UnitQty>
      <Quantity>355.00</Quantity>
      <UnitOfMeasure>100 מ"ל</UnitOfMeasure>
      <bIsWeighted>0</bIsWeighted>
      <QtyInPackage>1</QtyInPackage>
      <ItemPrice>26.90</ItemPrice>
      <UnitOfMeasurePrice>7.5775</UnitOfMeasurePrice>
      <AllowDiscount>1</AllowDiscount>
      <ItemStatus>1</ItemStatus>
      <ItemId>79654</ItemId>
    </Item>
    <Item>
      <PriceUpdateDate>2023-12-31 12:51:24</PriceUpdateDate>
      <ItemCode>7290015009638</ItemCode>
      <ItemType>1</ItemType>
      <ItemName>רוטב צילי מתוק עם פס</ItemName>
      <ManufacturerName>,</ManufacturerName>
      <ManufactureCountry>לא ידוע</ManufactureCountry>
      <ManufacturerItemDescription>רוטב צילי מתוק עם פסיפלורה 355 מל</ManufacturerItemDescription>
      <UnitQty>מיליליטרים</UnitQty>
      <Quantity>355.00</Quantity>
      <UnitOfMeasure>100 מ"ל</UnitOfMeasure>
      <bIsWeighted>0</bIsWeighted>
      <QtyInPackage>1</QtyInPackage>
      <ItemPrice>26.90</ItemPrice>
      <UnitOfMeasurePrice>7.5775</UnitOfMeasurePrice>
      <AllowDiscount>1</AllowDiscount>
      <ItemStatus>1</ItemStatus>
      <ItemId>79655</ItemId>
    </Item>
    <Item>
      <PriceUpdateDate>2023-12-31 12:51:24</PriceUpdateDate>
      <ItemCode>7290015009645</ItemCode>
      <ItemType>1</ItemType>
      <ItemName>רוטב פלפל הבנרו עם ח</ItemName>
      <ManufacturerName>,</ManufacturerName>
      <ManufactureCountry>לא ידוע</ManufactureCountry>
      <ManufacturerItemDescription>רוטב פלפל הבנרו עם חרדל ודבש 365 מל</ManufacturerItemDescription>
      <UnitQty>מיליליטרים</UnitQty>
      <Quantity>365.00</Quantity>
      <UnitOfMeasure>100 מ"ל</UnitOfMeasure>
      <bIsWeighted>0</bIsWeighted>
      <QtyInPackage>1</QtyInPackage>
      <ItemPrice>26.90</ItemPrice>
      <UnitOfMeasurePrice>7.3699</UnitOfMeasurePrice>
      <AllowDiscount>1</AllowDiscount>
      <ItemStatus>1</ItemStatus>
      <ItemId>79656</ItemId>
    </Item>
    <Item>
      <PriceUpdateDate>2023-12-31 12:51:25</PriceUpdateDate>
      <ItemCode>7290117261088</ItemCode>
      <ItemType>1</ItemType>
      <ItemName>גבינת מוצרלה בוראטה</ItemName>
      <ManufacturerName>,</ManufacturerName>
      <ManufactureCountry>לא ידוע</ManufactureCountry>
      <ManufacturerItemDescription>גבינת מוצרלה בוראטה רכה 125 גר</ManufacturerItemDescription>
      <UnitQty>גרמים</UnitQty>
      <Quantity>125.00</Quantity>
      <UnitOfMeasure>100 גרם</UnitOfMeasure>
      <bIsWeighted>0</bIsWeighted>
      <QtyInPackage>1</QtyInPackage>
      <ItemPrice>19.90</ItemPrice>
      <UnitOfMeasurePrice>15.9200</UnitOfMeasurePrice>
      <AllowDiscount>1</AllowDiscount>
      <ItemStatus>1</ItemStatus>
      <ItemId>79687</ItemId>
    </Item>
    <Item>
      <PriceUpdateDate>2025-02-25 14:20:54</PriceUpdateDate>
      <ItemCode>4000539280740</ItemCode>
      <ItemType>1</ItemType>
      <ItemName>שוקולד לינדט אקסלנס</ItemName>
      <ManufacturerName>,</ManufacturerName>
      <ManufactureCountry>לא ידוע</ManufactureCountry>
      <ManufacturerItemDescription>שוקולד לינדט אקסלנס 78% 100 גר</ManufacturerItemDescription>
      <UnitQty>גרמים</UnitQty>
      <Quantity>100.00</Quantity>
      <UnitOfMeasure>100 גרם</UnitOfMeasure>
      <bIsWeighted>0</bIsWeighted>
      <QtyInPackage>1</QtyInPackage>
      <ItemPrice>22.90</ItemPrice>
      <UnitOfMeasurePrice>22.9000</UnitOfMeasurePrice>
      <AllowDiscount>1</AllowDiscount>
      <ItemStatus>1</ItemStatus>
      <ItemId>79720</ItemId>
    </Item>
    <Item>
      <PriceUpdateDate>2025-03-11 17:46:40</PriceUpdateDate>
      <ItemCode>8003340806808</ItemCode>
      <ItemType>1</ItemType>
      <ItemName>שוקולד לינדור דארק 1</ItemName>
      <ManufacturerName>,</ManufacturerName>
      <ManufactureCountry>לא ידוע</ManufactureCountry>
      <ManufacturerItemDescription>שוקולד לינדור דארק 100 גר</ManufacturerItemDescription>
      <UnitQty>גרמים</UnitQty>
      <Quantity>100.00</Quantity>
      <UnitOfMeasure>100 גרם</UnitOfMeasure>
      <bIsWeighted>0</bIsWeighted>
      <QtyInPackage>1</QtyInPackage>
      <ItemPrice>22.90</ItemPrice>
      <UnitOfMeasurePrice>22.9000</UnitOfMeasurePrice>
      <AllowDiscount>1</AllowDiscount>
      <ItemStatus>1</ItemStatus>
      <ItemId>97269</ItemId>
    </Item>
    <Item>
      <PriceUpdateDate>2023-12-31 12:51:25</PriceUpdateDate>
      <ItemCode>7290110115890</ItemCode>
      <ItemType>1</ItemType>
      <ItemName>מים מינרליים נביעות</ItemName>
      <ManufacturerName>נביעות</ManufacturerName>
      <ManufactureCountry>לא ידוע</ManufactureCountry>
      <ManufacturerItemDescription>מים מינרליים נביעות 500 מל</ManufacturerItemDescription>
      <UnitQty>מיליליטרים</UnitQty>
      <Quantity>500.00</Quantity>
      <UnitOfMeasure>100 מ"ל</UnitOfMeasure>
      <bIsWeighted>0</bIsWeighted>
      <QtyInPackage>1</QtyInPackage>
      <ItemPrice>3.90</ItemPrice>
      <UnitOfMeasurePrice>0.7800</UnitOfMeasurePrice>
      <AllowDiscount>1</AllowDiscount>
      <ItemStatus>1</ItemStatus>
      <ItemId>79737</ItemId>
    </Item>
    <Item>
      <PriceUpdateDate>2025-04-14 13:00:31</PriceUpdateDate>
      <ItemCode>4860102001383</ItemCode>
      <ItemType>1</ItemType>
      <ItemName>רוטב פטל שחור 270 גר</ItemName>
      <ManufacturerName>,</ManufacturerName>
      <ManufactureCountry>ג'ורג'יה</ManufactureCountry>
      <ManufacturerItemDescription>רוטב פטל שחור 270 גר</ManufacturerItemDescription>
      <UnitQty>גרמים</UnitQty>
      <Quantity>270.00</Quantity>
      <UnitOfMeasure>100 גרם</UnitOfMeasure>
      <bIsWeighted>0</bIsWeighted>
      <QtyInPackage>6</QtyInPackage>
      <ItemPrice>10.90</ItemPrice>
      <UnitOfMeasurePrice>4.0370</UnitOfMeasurePrice>
      <AllowDiscount>1</AllowDiscount>
      <ItemStatus>1</ItemStatus>
      <ItemId>79763</ItemId>
    </Item>
    <Item>
      <PriceUpdateDate>2025-04-11 08:12:07</PriceUpdateDate>
      <ItemCode>8002793021196</ItemCode>
      <ItemType>1</ItemType>
      <ItemName>יין אדום חצי יבש פיצ</ItemName>
      <ManufacturerName>,</ManufacturerName>
      <ManufactureCountry>לא ידוע</ManufactureCountry>
      <ManufacturerItemDescription>יין אדום חצי יבש פיציני פינוקיו 750 מל</ManufacturerItemDescription>
      <UnitQty>מיליליטרים</UnitQty>
      <Quantity>750.00</Quantity>
      <UnitOfMeasure>100 מ"ל</UnitOfMeasure>
      <bIsWeighted>0</bIsWeighted>
      <QtyInPackage>1</QtyInPackage>
      <ItemPrice>54.90</ItemPrice>
      <UnitOfMeasurePrice>7.3200</UnitOfMeasurePrice>
      <AllowDiscount>1</AllowDiscount>
      <ItemStatus>1</ItemStatus>
      <ItemId>79886</ItemId>
    </Item>
    <Item>
      <PriceUpdateDate>2025-09-01 14:12:15</PriceUpdateDate>
      <ItemCode>7290000461117</ItemCode>
      <ItemType>1</ItemType>
      <ItemName>סטייק אנטריקוט אנגוס</ItemName>
      <ManufacturerName>,</ManufacturerName>
      <ManufactureCountry>לא ידוע</ManufactureCountry>
      <ManufacturerItemDescription>סטייק אנטריקוט אנגוס פרמיום זוג מצונן</ManufacturerItemDescription>
      <UnitQty>קילוגרמים</UnitQty>
      <Quantity>1.00</Quantity>
      <UnitOfMeasure>ק"ג</UnitOfMeasure>
      <bIsWeighted>1</bIsWeighted>
      <QtyInPackage>לא ידוע</QtyInPackage>
      <ItemPrice>259.90</ItemPrice>
      <UnitOfMeasurePrice>259.9000</UnitOfMeasurePrice>
      <AllowDiscount>1</AllowDiscount>
      <ItemStatus>1</ItemStatus>
      <ItemId>79897</ItemId>
    </Item>
    <Item>
      <PriceUpdateDate>2024-11-19 15:32:33</PriceUpdateDate>
      <ItemCode>4605246016691</ItemCode>
      <ItemType>1</ItemType>
      <ItemName>תה ירוק טס 20 שק</ItemName>
      <ManufacturerName>,</ManufacturerName>
      <ManufactureCountry>לא ידוע</ManufactureCountry>
      <ManufacturerItemDescription>תה ירוק טס 20 שק</ManufacturerItemDescription>
      <UnitQty>Unknown </UnitQty>
      <Quantity>0.00</Quantity>
      <UnitOfMeasure>Unknown </UnitOfMeasure>
      <bIsWeighted>0</bIsWeighted>
      <QtyInPackage>1</QtyInPackage>
      <ItemPrice>9.90</ItemPrice>
      <UnitOfMeasurePrice>0.0000</UnitOfMeasurePrice>
      <AllowDiscount>1</AllowDiscount>
      <ItemStatus>1</ItemStatus>
      <ItemId>79949</ItemId>
    </Item>
    <Item>
      <PriceUpdateDate>2023-12-31 12:51:27</PriceUpdateDate>
      <ItemCode>4820182746918</ItemCode>
      <ItemType>1</ItemType>
      <ItemName>קרוטונים פלינט בטעם</ItemName>
      <ManufacturerName>MALBI CHOCOLATE</ManufacturerName>
      <ManufactureCountry>לא ידוע</ManufactureCountry>
      <ManufacturerItemDescription>קרוטונים פלינט בטעם עגל עם אדזיקה 70 גר</ManufacturerItemDescription>
      <UnitQty>גרמים</UnitQty>
      <Quantity>70.00</Quantity>
      <UnitOfMeasure>100 גרם</UnitOfMeasure>
      <bIsWeighted>0</bIsWeighted>
      <QtyInPackage>1</QtyInPackage>
      <ItemPrice>3.90</ItemPrice>
      <UnitOfMeasurePrice>5.5714</UnitOfMeasurePrice>
      <AllowDiscount>1</AllowDiscount>
      <ItemStatus>1</ItemStatus>
      <ItemId>80048</ItemId>
    </Item>
    <Item>
      <PriceUpdateDate>2023-12-31 12:51:27</PriceUpdateDate>
      <ItemCode>4820182746932</ItemCode>
      <ItemType>1</ItemType>
      <ItemName>קרוטונים פלינט בטעם</ItemName>
      <ManufacturerName>MALBI CHOCOLATE</ManufacturerName>
      <ManufactureCountry>לא ידוע</ManufactureCountry>
      <ManufacturerItemDescription>קרוטונים פלינט בטעם עגבניות מתובלות 70 ג</ManufacturerItemDescription>
      <UnitQty>גרמים</UnitQty>
      <Quantity>70.00</Quantity>
      <UnitOfMeasure>100 גרם</UnitOfMeasure>
      <bIsWeighted>0</bIsWeighted>
      <QtyInPackage>1</QtyInPackage>
      <ItemPrice>3.90</ItemPrice>
      <UnitOfMeasurePrice>5.5714</UnitOfMeasurePrice>
      <AllowDiscount>1</AllowDiscount>
      <ItemStatus>1</ItemStatus>
      <ItemId>80049</ItemId>
    </Item>
    <Item>
      <PriceUpdateDate>2025-03-23 13:08:51</PriceUpdateDate>
      <ItemCode>4607163091584</ItemCode>
      <ItemType>1</ItemType>
      <ItemName>מיץ אפרסק ותפוע 1 ל</ItemName>
      <ManufacturerName>,</ManufacturerName>
      <ManufactureCountry>לא ידוע</ManufactureCountry>
      <ManufacturerItemDescription>מיץ אפרסק ותפוע 1 ל</ManufacturerItemDescription>
      <UnitQty>ליטרים</UnitQty>
      <Quantity>1.00</Quantity>
      <UnitOfMeasure>ליטר    </UnitOfMeasure>
      <bIsWeighted>0</bIsWeighted>
      <QtyInPackage>1</QtyInPackage>
      <ItemPrice>14.90</ItemPrice>
      <UnitOfMeasurePrice>14.9000</UnitOfMeasurePrice>
      <AllowDiscount>1</AllowDiscount>
      <ItemStatus>1</ItemStatus>
      <ItemId>80118</ItemId>
    </Item>
    <Item>
      <PriceUpdateDate>2023-12-31 12:51:27</PriceUpdateDate>
      <ItemCode>16677</ItemCode>
      <ItemType>0</ItemType>
      <ItemName>תפוח אדמה אפוי מתובל</ItemName>
      <ManufacturerName>,</ManufacturerName>
      <ManufactureCountry>לא ידוע</ManufactureCountry>
      <ManufacturerItemDescription>תפוח אדמה אפוי מתובל</ManufacturerItemDescription>
      <UnitQty>קילוגרמים</UnitQty>
      <Quantity>1.00</Quantity>
      <UnitOfMeasure>ק"ג</UnitOfMeasure>
      <bIsWeighted>1</bIsWeighted>
      <QtyInPackage>לא ידוע</QtyInPackage>
      <ItemPrice>49.00</ItemPrice>
      <UnitOfMeasurePrice>49.0000</UnitOfMeasurePrice>
      <AllowDiscount>1</AllowDiscount>
      <ItemStatus>1</ItemStatus>
      <ItemId>80143</ItemId>
    </Item>
    <Item>
      <PriceUpdateDate>2023-12-31 12:51:28</PriceUpdateDate>
      <ItemCode>4770190151832</ItemCode>
      <ItemType>1</ItemType>
      <ItemName>נקניק סורימי 500 גר</ItemName>
      <ManufacturerName>,</ManufacturerName>
      <ManufactureCountry>לא ידוע</ManufactureCountry>
      <ManufacturerItemDescription>נקניק סורימי 500 גר</ManufacturerItemDescription>
      <UnitQty>גרמים</UnitQty>
      <Quantity>500.00</Quantity>
      <UnitOfMeasure>100 גרם</UnitOfMeasure>
      <bIsWeighted>0</bIsWeighted>
      <QtyInPackage>1</QtyInPackage>
      <ItemPrice>36.90</ItemPrice>
      <UnitOfMeasurePrice>7.3800</UnitOfMeasurePrice>
      <AllowDiscount>1</AllowDiscount>
      <ItemStatus>1</ItemStatus>
      <ItemId>80304</ItemId>
    </Item>
    <Item>
      <PriceUpdateDate>2025-02-02 07:43:10</PriceUpdateDate>
      <ItemCode>7290018749210</ItemCode>
      <ItemType>1</ItemType>
      <ItemName>מיני כיסונים קלאסי 7</ItemName>
      <ManufacturerName>,</ManufacturerName>
      <ManufactureCountry>לא ידוע</ManufactureCountry>
      <ManufacturerItemDescription>מיני כיסונים קלאסי 700 גר</ManufacturerItemDescription>
      <UnitQty>גרמים</UnitQty>
      <Quantity>700.00</Quantity>
      <UnitOfMeasure>100 גרם</UnitOfMeasure>
      <bIsWeighted>0</bIsWeighted>
      <QtyInPackage>1</QtyInPackage>
      <ItemPrice>36.90</ItemPrice>
      <UnitOfMeasurePrice>5.2714</UnitOfMeasurePrice>
      <AllowDiscount>1</AllowDiscount>
      <ItemStatus>1</ItemStatus>
      <ItemId>80312</ItemId>
    </Item>
    <Item>
      <PriceUpdateDate>2023-12-31 12:51:29</PriceUpdateDate>
      <ItemCode>8003740662462</ItemCode>
      <ItemType>1</ItemType>
      <ItemName>עגבניות מרוסקות אריג</ItemName>
      <ManufacturerName>,</ManufacturerName>
      <ManufactureCountry>לא ידוע</ManufactureCountry>
      <ManufacturerItemDescription>עגבניות מרוסקות אריגי 680 גר</ManufacturerItemDescription>
      <UnitQty>גרמים</UnitQty>
      <Quantity>680.00</Quantity>
      <UnitOfMeasure>100 גרם</UnitOfMeasure>
      <bIsWeighted>0</bIsWeighted>
      <QtyInPackage>1</QtyInPackage>
      <ItemPrice>12.90</ItemPrice>
      <UnitOfMeasurePrice>1.8971</UnitOfMeasurePrice>
      <AllowDiscount>1</AllowDiscount>
      <ItemStatus>1</ItemStatus>
      <ItemId>80436</ItemId>
    </Item>
    <Item>
      <PriceUpdateDate>2023-12-31 12:51:29</PriceUpdateDate>
      <ItemCode>4101940141634</ItemCode>
      <ItemType>1</ItemType>
      <ItemName>בירה סטאמגסט לא מסונ</ItemName>
      <ManufacturerName>,</ManufacturerName>
      <ManufactureCountry>לא ידוע</ManufactureCountry>
      <ManufacturerItemDescription>בירה סטאמגסט לא מסוננת 5% פח 500 מל</ManufacturerItemDescription>
      <UnitQty>מיליליטרים</UnitQty>
      <Quantity>500.00</Quantity>
      <UnitOfMeasure>100 מ"ל</UnitOfMeasure>
      <bIsWeighted>0</bIsWeighted>
      <QtyInPackage>24</QtyInPackage>
      <ItemPrice>8.90</ItemPrice>
      <UnitOfMeasurePrice>1.7800</UnitOfMeasurePrice>
      <AllowDiscount>1</AllowDiscount>
      <ItemStatus>1</ItemStatus>
      <ItemId>80528</ItemId>
    </Item>
    <Item>
      <PriceUpdateDate>2023-12-31 12:51:31</PriceUpdateDate>
      <ItemCode>8002650007615</ItemCode>
      <ItemType>1</ItemType>
      <ItemName>קפסולות אספרסו סקאוו</ItemName>
      <ManufacturerName>,</ManufacturerName>
      <ManufactureCountry>לא ידוע</ManufactureCountry>
      <ManufacturerItemDescription>קפסולות אספרסו סקאוולה נטול קפאין 10 יח</ManufacturerItemDescription>
      <UnitQty>יחידה   </UnitQty>
      <Quantity>10.00</Quantity>
      <UnitOfMeasure>יחידה   </UnitOfMeasure>
      <bIsWeighted>0</bIsWeighted>
      <QtyInPackage>1</QtyInPackage>
      <ItemPrice>13.90</ItemPrice>
      <UnitOfMeasurePrice>1.3900</UnitOfMeasurePrice>
      <AllowDiscount>1</AllowDiscount>
      <ItemStatus>1</ItemStatus>
      <ItemId>80662</ItemId>
    </Item>
    <Item>
      <PriceUpdateDate>2023-12-31 12:51:31</PriceUpdateDate>
      <ItemCode>8002650007745</ItemCode>
      <ItemType>1</ItemType>
      <ItemName>קפסולות אספרסו סקאוו</ItemName>
      <ManufacturerName>,</ManufacturerName>
      <ManufactureCountry>לא ידוע</ManufactureCountry>
      <ManufacturerItemDescription>קפסולות אספרסו סקאוולה בלה קרמה 10 יח</ManufacturerItemDescription>
      <UnitQty>יחידה   </UnitQty>
      <Quantity>10.00</Quantity>
      <UnitOfMeasure>יחידה   </UnitOfMeasure>
      <bIsWeighted>0</bIsWeighted>
      <QtyInPackage>1</QtyInPackage>
      <ItemPrice>13.90</ItemPrice>
      <UnitOfMeasurePrice>1.3900</UnitOfMeasurePrice>
      <AllowDiscount>1</AllowDiscount>
      <ItemStatus>1</ItemStatus>
      <ItemId>80663</ItemId>
    </Item>
    <Item>
      <PriceUpdateDate>2023-12-31 12:51:31</PriceUpdateDate>
      <ItemCode>8002650007752</ItemCode>
      <ItemType>1</ItemType>
      <ItemName>קפסולות אספרסו סקאוו</ItemName>
      <ManufacturerName>,</ManufacturerName>
      <ManufactureCountry>לא ידוע</ManufactureCountry>
      <ManufacturerItemDescription>קפסולות אספרסו סקאוולה גראן קרו 10 יח</ManufacturerItemDescription>
      <UnitQty>יחידה   </UnitQty>
      <Quantity>10.00</Quantity>
      <UnitOfMeasure>יחידה   </UnitOfMeasure>
      <bIsWeighted>0</bIsWeighted>
      <QtyInPackage>1</QtyInPackage>
      <ItemPrice>13.90</ItemPrice>
      <UnitOfMeasurePrice>1.3900</UnitOfMeasurePrice>
      <AllowDiscount>1</AllowDiscount>
      <ItemStatus>1</ItemStatus>
      <ItemId>80664</ItemId>
    </Item>
    <Item>
      <PriceUpdateDate>2023-12-31 12:51:31</PriceUpdateDate>
      <ItemCode>8002650007738</ItemCode>
      <ItemType>1</ItemType>
      <ItemName>קפסולות אספרסו סקאוו</ItemName>
      <ManufacturerName>,</ManufacturerName>
      <ManufactureCountry>לא ידוע</ManufactureCountry>
      <ManufacturerItemDescription>קפסולות אספרסו סקאוולה איטנסו 10 יח</ManufacturerItemDescription>
      <UnitQty>יחידה   </UnitQty>
      <Quantity>10.00</Quantity>
      <UnitOfMeasure>יחידה   </UnitOfMeasure>
      <bIsWeighted>0</bIsWeighted>
      <QtyInPackage>1</QtyInPackage>
      <ItemPrice>13.90</ItemPrice>
      <UnitOfMeasurePrice>1.3900</UnitOfMeasurePrice>
      <AllowDiscount>1</AllowDiscount>
      <ItemStatus>1</ItemStatus>
      <ItemId>80665</ItemId>
    </Item>
    <Item>
      <PriceUpdateDate>2024-03-21 08:27:56</PriceUpdateDate>
      <ItemCode>8002650005093</ItemCode>
      <ItemType>1</ItemType>
      <ItemName>קפסולות אספרסו סקאוו</ItemName>
      <ManufacturerName>,</ManufacturerName>
      <ManufactureCountry>לא ידוע</ManufactureCountry>
      <ManufacturerItemDescription>קפסולות אספרסו סקאוולה בלה קרמה 30 יח</ManufacturerItemDescription>
      <UnitQty>יחידה   </UnitQty>
      <Quantity>30.00</Quantity>
      <UnitOfMeasure>יחידה   </UnitOfMeasure>
      <bIsWeighted>0</bIsWeighted>
      <QtyInPackage>1</QtyInPackage>
      <ItemPrice>34.90</ItemPrice>
      <UnitOfMeasurePrice>1.1633</UnitOfMeasurePrice>
      <AllowDiscount>1</AllowDiscount>
      <ItemStatus>1</ItemStatus>
      <ItemId>80666</ItemId>
    </Item>
    <Item>
      <PriceUpdateDate>2024-03-21 08:27:56</PriceUpdateDate>
      <ItemCode>8002650005109</ItemCode>
      <ItemType>1</ItemType>
      <ItemName>קפסולות אספרסו סקאוו</ItemName>
      <ManufacturerName>,</ManufacturerName>
      <ManufactureCountry>לא ידוע</ManufactureCountry>
      <ManufacturerItemDescription>קפסולות אספרסו סקאוולה גראן קרו 30 יח</ManufacturerItemDescription>
      <UnitQty>יחידה   </UnitQty>
      <Quantity>30.00</Quantity>
      <UnitOfMeasure>יחידה   </UnitOfMeasure>
      <bIsWeighted>0</bIsWeighted>
      <QtyInPackage>1</QtyInPackage>
      <ItemPrice>34.90</ItemPrice>
      <UnitOfMeasurePrice>1.1633</UnitOfMeasurePrice>
      <AllowDiscount>1</AllowDiscount>
      <ItemStatus>1</ItemStatus>
      <ItemId>80667</ItemId>
    </Item>
    <Item>
      <PriceUpdateDate>2024-03-21 08:27:56</PriceUpdateDate>
      <ItemCode>8002650005086</ItemCode>
      <ItemType>1</ItemType>
      <ItemName>קפסולות אספרסו סקאוו</ItemName>
      <ManufacturerName>,</ManufacturerName>
      <ManufactureCountry>לא ידוע</ManufactureCountry>
      <ManufacturerItemDescription>קפסולות אספרסו סקאוולה אינטנסו 30 יח</ManufacturerItemDescription>
      <UnitQty>יחידה   </UnitQty>
      <Quantity>30.00</Quantity>
      <UnitOfMeasure>יחידה   </UnitOfMeasure>
      <bIsWeighted>0</bIsWeighted>
      <QtyInPackage>1</QtyInPackage>
      <ItemPrice>34.90</ItemPrice>
      <UnitOfMeasurePrice>1.1633</UnitOfMeasurePrice>
      <AllowDiscount>1</AllowDiscount>
      <ItemStatus>1</ItemStatus>
      <ItemId>80668</ItemId>
    </Item>
    <Item>
      <PriceUpdateDate>2023-12-31 12:51:31</PriceUpdateDate>
      <ItemCode>9002859101021</ItemCode>
      <ItemType>1</ItemType>
      <ItemName>מקלות גונץ אפויים בט</ItemName>
      <ManufacturerName>GUNZ WARENHANDELS</ManufacturerName>
      <ManufactureCountry>לא ידוע</ManufactureCountry>
      <ManufacturerItemDescription>מקלות גונץ אפויים בטעם פיצה 250 גר</ManufacturerItemDescription>
      <UnitQty>גרמים</UnitQty>
      <Quantity>250.00</Quantity>
      <UnitOfMeasure>100 גרם</UnitOfMeasure>
      <bIsWeighted>0</bIsWeighted>
      <QtyInPackage>12</QtyInPackage>
      <ItemPrice>18.90</ItemPrice>
      <UnitOfMeasurePrice>7.5600</UnitOfMeasurePrice>
      <AllowDiscount>1</AllowDiscount>
      <ItemStatus>1</ItemStatus>
      <ItemId>80676</ItemId>
    </Item>
    <Item>
      <PriceUpdateDate>2023-12-31 12:51:31</PriceUpdateDate>
      <ItemCode>9002859072086</ItemCode>
      <ItemType>1</ItemType>
      <ItemName>מקלות גונץ אפויים עם</ItemName>
      <ManufacturerName>GUNZ WARENHANDELS</ManufacturerName>
      <ManufactureCountry>לא ידוע</ManufactureCountry>
      <ManufacturerItemDescription>מקלות גונץ אפויים עם רוזמרין 250 גר</ManufacturerItemDescription>
      <UnitQty>גרמים</UnitQty>
      <Quantity>250.00</Quantity>
      <UnitOfMeasure>100 גרם</UnitOfMeasure>
      <bIsWeighted>0</bIsWeighted>
      <QtyInPackage>12</QtyInPackage>
      <ItemPrice>18.90</ItemPrice>
      <UnitOfMeasurePrice>7.5600</UnitOfMeasurePrice>
      <AllowDiscount>1</AllowDiscount>
      <ItemStatus>1</ItemStatus>
      <ItemId>80677</ItemId>
    </Item>
    <Item>
      <PriceUpdateDate>2023-12-31 12:51:32</PriceUpdateDate>
      <ItemCode>4860102001475</ItemCode>
      <ItemType>1</ItemType>
      <ItemName>ריבת שזיפים גאורגי 5</ItemName>
      <ManufacturerName>,</ManufacturerName>
      <ManufactureCountry>לא ידוע</ManufactureCountry>
      <ManufacturerItemDescription>ריבת שזיפים גאורגי 540 גר</ManufacturerItemDescription>
      <UnitQty>גרמים</UnitQty>
      <Quantity>540.00</Quantity>
      <UnitOfMeasure>100 גרם</UnitOfMeasure>
      <bIsWeighted>0</bIsWeighted>
      <QtyInPackage>1</QtyInPackage>
      <ItemPrice>21.90</ItemPrice>
      <UnitOfMeasurePrice>4.0556</UnitOfMeasurePrice>
      <AllowDiscount>1</AllowDiscount>
      <ItemStatus>1</ItemStatus>
      <ItemId>80825</ItemId>
    </Item>
    <Item>
      <PriceUpdateDate>2023-12-31 12:51:32</PriceUpdateDate>
      <ItemCode>4860102001468</ItemCode>
      <ItemType>1</ItemType>
      <ItemName>ריבת פיגואה גאורגי 5</ItemName>
      <ManufacturerName>,</ManufacturerName>
      <ManufactureCountry>לא ידוע</ManufactureCountry>
      <ManufacturerItemDescription>ריבת פיגואה גאורגי 500 גר</ManufacturerItemDescription>
      <UnitQty>גרמים</UnitQty>
      <Quantity>500.00</Quantity>
      <UnitOfMeasure>100 גרם</UnitOfMeasure>
      <bIsWeighted>0</bIsWeighted>
      <QtyInPackage>1</QtyInPackage>
      <ItemPrice>21.90</ItemPrice>
      <UnitOfMeasurePrice>4.3800</UnitOfMeasurePrice>
      <AllowDiscount>1</AllowDiscount>
      <ItemStatus>1</ItemStatus>
      <ItemId>80826</ItemId>
    </Item>
    <Item>
      <PriceUpdateDate>2024-11-03 13:30:30</PriceUpdateDate>
      <ItemCode>4810168023478</ItemCode>
      <ItemType>1</ItemType>
      <ItemName>סלט אצות ים צוקה 150</ItemName>
      <ManufacturerName>,</ManufacturerName>
      <ManufactureCountry>לא ידוע</ManufactureCountry>
      <ManufacturerItemDescription>סלט אצות ים צוקה 150 גר</ManufacturerItemDescription>
      <UnitQty>גרמים</UnitQty>
      <Quantity>150.00</Quantity>
      <UnitOfMeasure>100 גרם</UnitOfMeasure>
      <bIsWeighted>0</bIsWeighted>
      <QtyInPackage>1</QtyInPackage>
      <ItemPrice>18.90</ItemPrice>
      <UnitOfMeasurePrice>12.6000</UnitOfMeasurePrice>
      <AllowDiscount>1</AllowDiscount>
      <ItemStatus>1</ItemStatus>
      <ItemId>80901</ItemId>
    </Item>
    <Item>
      <PriceUpdateDate>2024-06-16 09:48:08</PriceUpdateDate>
      <ItemCode>4850004381157</ItemCode>
      <ItemType>1</ItemType>
      <ItemName>מבחר ממתקי שוקולד לא</ItemName>
      <ManufacturerName>,</ManufacturerName>
      <ManufactureCountry>לא ידוע</ManufactureCountry>
      <ManufacturerItemDescription>מבחר ממתקי שוקולד לאונז 210 גר</ManufacturerItemDescription>
      <UnitQty>גרמים</UnitQty>
      <Quantity>210.00</Quantity>
      <UnitOfMeasure>100 גרם</UnitOfMeasure>
      <bIsWeighted>0</bIsWeighted>
      <QtyInPackage>1</QtyInPackage>
      <ItemPrice>34.90</ItemPrice>
      <UnitOfMeasurePrice>16.6190</UnitOfMeasurePrice>
      <AllowDiscount>1</AllowDiscount>
      <ItemStatus>1</ItemStatus>
      <ItemId>81000</ItemId>
    </Item>
    <Item>
      <PriceUpdateDate>2025-08-10 09:41:15</PriceUpdateDate>
      <ItemCode>4850004383304</ItemCode>
      <ItemType>1</ItemType>
      <ItemName>מבחר ממתקים אקסקלוסי</ItemName>
      <ManufacturerName>,</ManufacturerName>
      <ManufactureCountry>לא ידוע</ManufactureCountry>
      <ManufacturerItemDescription>מבחר ממתקים אקסקלוסיב 220 גר</ManufacturerItemDescription>
      <UnitQty>גרמים</UnitQty>
      <Quantity>220.00</Quantity>
      <UnitOfMeasure>100 גרם</UnitOfMeasure>
      <bIsWeighted>0</bIsWeighted>
      <QtyInPackage>1</QtyInPackage>
      <ItemPrice>54.90</ItemPrice>
      <UnitOfMeasurePrice>24.9545</UnitOfMeasurePrice>
      <AllowDiscount>1</AllowDiscount>
      <ItemStatus>1</ItemStatus>
      <ItemId>81006</ItemId>
    </Item>
    <Item>
      <PriceUpdateDate>2025-08-19 10:27:37</PriceUpdateDate>
      <ItemCode>4850004380037</ItemCode>
      <ItemType>1</ItemType>
      <ItemName>שוקולד מריר 72% 90 ג</ItemName>
      <ManufacturerName>,</ManufacturerName>
      <ManufactureCountry>לא ידוע</ManufactureCountry>
      <ManufacturerItemDescription>שוקולד מריר 72% 90 גר</ManufacturerItemDescription>
      <UnitQty>גרמים</UnitQty>
      <Quantity>90.00</Quantity>
      <UnitOfMeasure>100 גרם</UnitOfMeasure>
      <bIsWeighted>0</bIsWeighted>
      <QtyInPackage>1</QtyInPackage>
      <ItemPrice>15.90</ItemPrice>
      <UnitOfMeasurePrice>17.6667</UnitOfMeasurePrice>
      <AllowDiscount>1</AllowDiscount>
      <ItemStatus>1</ItemStatus>
      <ItemId>81017</ItemId>
    </Item>
    <Item>
      <PriceUpdateDate>2023-12-31 12:51:33</PriceUpdateDate>
      <ItemCode>4820029961313</ItemCode>
      <ItemType>1</ItemType>
      <ItemName>קונפיטורה פטל 1200 ג</ItemName>
      <ManufacturerName>טסומאן</ManufacturerName>
      <ManufactureCountry>לא ידוע</ManufactureCountry>
      <ManufacturerItemDescription>קונפיטורה פטל 1200 גר</ManufacturerItemDescription>
      <UnitQty>גרמים</UnitQty>
      <Quantity>1200.00</Quantity>
      <UnitOfMeasure>100 גרם</UnitOfMeasure>
      <bIsWeighted>0</bIsWeighted>
      <QtyInPackage>1</QtyInPackage>
      <ItemPrice>39.90</ItemPrice>
      <UnitOfMeasurePrice>3.3250</UnitOfMeasurePrice>
      <AllowDiscount>1</AllowDiscount>
      <ItemStatus>1</ItemStatus>
      <ItemId>81093</ItemId>
    </Item>
    <Item>
      <PriceUpdateDate>2023-12-31 12:51:34</PriceUpdateDate>
      <ItemCode>5900353618288</ItemCode>
      <ItemType>1</ItemType>
      <ItemName>בונ שרי 285 גר</ItemName>
      <ManufacturerName>,</ManufacturerName>
      <ManufactureCountry>לא ידוע</ManufactureCountry>
      <ManufacturerItemDescription>בונ שרי 285 גר</ManufacturerItemDescription>
      <UnitQty>גרמים</UnitQty>
      <Quantity>285.00</Quantity>
      <UnitOfMeasure>100 גרם</UnitOfMeasure>
      <bIsWeighted>0</bIsWeighted>
      <QtyInPackage>1</QtyInPackage>
      <ItemPrice>41.90</ItemPrice>
      <UnitOfMeasurePrice>14.7018</UnitOfMeasurePrice>
      <AllowDiscount>1</AllowDiscount>
      <ItemStatus>1</ItemStatus>
      <ItemId>81135</ItemId>
    </Item>
    <Item>
      <PriceUpdateDate>2023-12-31 12:51:34</PriceUpdateDate>
      <ItemCode>5901177157267</ItemCode>
      <ItemType>1</ItemType>
      <ItemName>בונ בית קריסמס עם ממ</ItemName>
      <ManufacturerName>,</ManufacturerName>
      <ManufactureCountry>לא ידוע</ManufactureCountry>
      <ManufacturerItemDescription>בונ בית קריסמס עם ממתקים 200 גר</ManufacturerItemDescription>
      <UnitQty>גרמים</UnitQty>
      <Quantity>200.00</Quantity>
      <UnitOfMeasure>100 גרם</UnitOfMeasure>
      <bIsWeighted>0</bIsWeighted>
      <QtyInPackage>1</QtyInPackage>
      <ItemPrice>19.90</ItemPrice>
      <UnitOfMeasurePrice>9.9500</UnitOfMeasurePrice>
      <AllowDiscount>1</AllowDiscount>
      <ItemStatus>1</ItemStatus>
      <ItemId>81141</ItemId>
    </Item>
    <Item>
      <PriceUpdateDate>2023-12-31 12:51:34</PriceUpdateDate>
      <ItemCode>5901177157274</ItemCode>
      <ItemType>1</ItemType>
      <ItemName>בונ ירוקה בצורת עץ ע</ItemName>
      <ManufacturerName>,</ManufacturerName>
      <ManufactureCountry>לא ידוע</ManufactureCountry>
      <ManufacturerItemDescription>בונ ירוקה בצורת עץ עם ממתקים 170 גר</ManufacturerItemDescription>
      <UnitQty>גרמים</UnitQty>
      <Quantity>170.00</Quantity>
      <UnitOfMeasure>100 גרם</UnitOfMeasure>
      <bIsWeighted>0</bIsWeighted>
      <QtyInPackage>1</QtyInPackage>
      <ItemPrice>19.90</ItemPrice>
      <UnitOfMeasurePrice>11.7059</UnitOfMeasurePrice>
      <AllowDiscount>1</AllowDiscount>
      <ItemStatus>1</ItemStatus>
      <ItemId>81142</ItemId>
    </Item>
    <Item>
      <PriceUpdateDate>2023-12-31 12:51:34</PriceUpdateDate>
      <ItemCode>5901177157281</ItemCode>
      <ItemType>1</ItemType>
      <ItemName>בונ זהב בצורת עץ עם</ItemName>
      <ManufacturerName>,</ManufacturerName>
      <ManufactureCountry>לא ידוע</ManufactureCountry>
      <ManufacturerItemDescription>בונ זהב בצורת עץ עם ממתקים 170 גר</ManufacturerItemDescription>
      <UnitQty>גרמים</UnitQty>
      <Quantity>170.00</Quantity>
      <UnitOfMeasure>100 גרם</UnitOfMeasure>
      <bIsWeighted>0</bIsWeighted>
      <QtyInPackage>1</QtyInPackage>
      <ItemPrice>19.90</ItemPrice>
      <UnitOfMeasurePrice>11.7059</UnitOfMeasurePrice>
      <AllowDiscount>1</AllowDiscount>
      <ItemStatus>1</ItemStatus>
      <ItemId>81143</ItemId>
    </Item>
    <Item>
      <PriceUpdateDate>2025-11-09 14:54:57</PriceUpdateDate>
      <ItemCode>8001720415848</ItemCode>
      <ItemType>1</ItemType>
      <ItemName>פנדורו קלאסיק 700 גר</ItemName>
      <ManufacturerName>,</ManufacturerName>
      <ManufactureCountry>לא ידוע</ManufactureCountry>
      <ManufacturerItemDescription>פנדורו קלאסיק 700 גר</ManufacturerItemDescription>
      <UnitQty>גרמים</UnitQty>
      <Quantity>700.00</Quantity>
      <UnitOfMeasure>100 גרם</UnitOfMeasure>
      <bIsWeighted>0</bIsWeighted>
      <QtyInPackage>16</QtyInPackage>
      <ItemPrice>64.90</ItemPrice>
      <UnitOfMeasurePrice>9.2714</UnitOfMeasurePrice>
      <AllowDiscount>1</AllowDiscount>
      <ItemStatus>1</ItemStatus>
      <ItemId>81150</ItemId>
    </Item>
    <Item>
      <PriceUpdateDate>2025-11-09 14:54:57</PriceUpdateDate>
      <ItemCode>8001720425847</ItemCode>
      <ItemType>1</ItemType>
      <ItemName>פנתוני קלאסיק 700 גר</ItemName>
      <ManufacturerName>BAULI</ManufacturerName>
      <ManufactureCountry>לא ידוע</ManufactureCountry>
      <ManufacturerItemDescription>פנתוני קלאסיק 700 גר</ManufacturerItemDescription>
      <UnitQty>גרמים</UnitQty>
      <Quantity>700.00</Quantity>
      <UnitOfMeasure>100 גרם</UnitOfMeasure>
      <bIsWeighted>0</bIsWeighted>
      <QtyInPackage>16</QtyInPackage>
      <ItemPrice>64.90</ItemPrice>
      <UnitOfMeasurePrice>9.2714</UnitOfMeasurePrice>
      <AllowDiscount>1</AllowDiscount>
      <ItemStatus>1</ItemStatus>
      <ItemId>81151</ItemId>
    </Item>
    <Item>
      <PriceUpdateDate>2023-12-31 12:51:34</PriceUpdateDate>
      <ItemCode>6515615151046</ItemCode>
      <ItemType>1</ItemType>
      <ItemName>גרלנדה במגוון צבעים</ItemName>
      <ManufacturerName>,</ManufacturerName>
      <ManufactureCountry>לא ידוע</ManufactureCountry>
      <ManufacturerItemDescription>גרלנדה במגוון צבעים</ManufacturerItemDescription>
      <UnitQty>Unknown </UnitQty>
      <Quantity>1.00</Quantity>
      <UnitOfMeasure>Unknown </UnitOfMeasure>
      <bIsWeighted>0</bIsWeighted>
      <QtyInPackage>1</QtyInPackage>
      <ItemPrice>3.90</ItemPrice>
      <UnitOfMeasurePrice>3.9000</UnitOfMeasurePrice>
      <AllowDiscount>1</AllowDiscount>
      <ItemStatus>1</ItemStatus>
      <ItemId>81181</ItemId>
    </Item>
    <Item>
      <PriceUpdateDate>2023-12-31 12:51:34</PriceUpdateDate>
      <ItemCode>6515615151053</ItemCode>
      <ItemType>1</ItemType>
      <ItemName>גרלנדה במגוון צבעים</ItemName>
      <ManufacturerName>,</ManufacturerName>
      <ManufactureCountry>לא ידוע</ManufactureCountry>
      <ManufacturerItemDescription>גרלנדה במגוון צבעים</ManufacturerItemDescription>
      <UnitQty>Unknown </UnitQty>
      <Quantity>1.00</Quantity>
      <UnitOfMeasure>Unknown </UnitOfMeasure>
      <bIsWeighted>0</bIsWeighted>
      <QtyInPackage>1</QtyInPackage>
      <ItemPrice>5.90</ItemPrice>
      <UnitOfMeasurePrice>5.9000</UnitOfMeasurePrice>
      <AllowDiscount>1</AllowDiscount>
      <ItemStatus>1</ItemStatus>
      <ItemId>81182</ItemId>
    </Item>
    <Item>
      <PriceUpdateDate>2023-12-31 12:51:34</PriceUpdateDate>
      <ItemCode>6515615151114</ItemCode>
      <ItemType>1</ItemType>
      <ItemName>גרלנדה עיגולים נוצצי</ItemName>
      <ManufacturerName>,</ManufacturerName>
      <ManufactureCountry>לא ידוע</ManufactureCountry>
      <ManufacturerItemDescription>גרלנדה עיגולים נוצצי</ManufacturerItemDescription>
      <UnitQty>Unknown </UnitQty>
      <Quantity>1.00</Quantity>
      <UnitOfMeasure>Unknown </UnitOfMeasure>
      <bIsWeighted>0</bIsWeighted>
      <QtyInPackage>1</QtyInPackage>
      <ItemPrice>5.90</ItemPrice>
      <UnitOfMeasurePrice>5.9000</UnitOfMeasurePrice>
      <AllowDiscount>1</AllowDiscount>
      <ItemStatus>1</ItemStatus>
      <ItemId>81188</ItemId>
    </Item>
    <Item>
      <PriceUpdateDate>2023-12-31 12:51:34</PriceUpdateDate>
      <ItemCode>6515615151121</ItemCode>
      <ItemType>1</ItemType>
      <ItemName>גרלנדה עם פתיתי שלג</ItemName>
      <ManufacturerName>,</ManufacturerName>
      <ManufactureCountry>לא ידוע</ManufactureCountry>
      <ManufacturerItemDescription>גרלנדה עם פתיתי שלג</ManufacturerItemDescription>
      <UnitQty>Unknown </UnitQty>
      <Quantity>1.00</Quantity>
      <UnitOfMeasure>Unknown </UnitOfMeasure>
      <bIsWeighted>0</bIsWeighted>
      <QtyInPackage>1</QtyInPackage>
      <ItemPrice>6.90</ItemPrice>
      <UnitOfMeasurePrice>6.9000</UnitOfMeasurePrice>
      <AllowDiscount>1</AllowDiscount>
      <ItemStatus>1</ItemStatus>
      <ItemId>81189</ItemId>
    </Item>
    <Item>
      <PriceUpdateDate>2023-12-31 12:51:34</PriceUpdateDate>
      <ItemCode>6515615151329</ItemCode>
      <ItemType>1</ItemType>
      <ItemName>גרלנדה צבעונית 9 סמ</ItemName>
      <ManufacturerName>,</ManufacturerName>
      <ManufactureCountry>לא ידוע</ManufactureCountry>
      <ManufacturerItemDescription>גרלנדה צבעונית 9 סמ</ManufacturerItemDescription>
      <UnitQty>Unknown </UnitQty>
      <Quantity>1.00</Quantity>
      <UnitOfMeasure>Unknown </UnitOfMeasure>
      <bIsWeighted>0</bIsWeighted>
      <QtyInPackage>1</QtyInPackage>
      <ItemPrice>5.90</ItemPrice>
      <UnitOfMeasurePrice>5.9000</UnitOfMeasurePrice>
      <AllowDiscount>1</AllowDiscount>
      <ItemStatus>1</ItemStatus>
      <ItemId>81209</ItemId>
    </Item>
    <Item>
      <PriceUpdateDate>2023-12-31 12:51:34</PriceUpdateDate>
      <ItemCode>6920207922223</ItemCode>
      <ItemType>1</ItemType>
      <ItemName>כדורים צבעוניים 8 סמ</ItemName>
      <ManufacturerName>,</ManufacturerName>
      <ManufactureCountry>לא ידוע</ManufactureCountry>
      <ManufacturerItemDescription>כדורים צבעוניים 8 סמ</ManufacturerItemDescription>
      <UnitQty>Unknown </UnitQty>
      <Quantity>1.00</Quantity>
      <UnitOfMeasure>Unknown </UnitOfMeasure>
      <bIsWeighted>0</bIsWeighted>
      <QtyInPackage>1</QtyInPackage>
      <ItemPrice>39.90</ItemPrice>
      <UnitOfMeasurePrice>39.9000</UnitOfMeasurePrice>
      <AllowDiscount>1</AllowDiscount>
      <ItemStatus>1</ItemStatus>
      <ItemId>81240</ItemId>
    </Item>
    <Item>
      <PriceUpdateDate>2023-12-31 12:51:35</PriceUpdateDate>
      <ItemCode>6900022000023</ItemCode>
      <ItemType>1</ItemType>
      <ItemName>שרשרת נורות לד 10 מט</ItemName>
      <ManufacturerName>,</ManufacturerName>
      <ManufactureCountry>לא ידוע</ManufactureCountry>
      <ManufacturerItemDescription>שרשרת נורות לד 10 מט</ManufacturerItemDescription>
      <UnitQty>Unknown </UnitQty>
      <Quantity>1.00</Quantity>
      <UnitOfMeasure>Unknown </UnitOfMeasure>
      <bIsWeighted>0</bIsWeighted>
      <QtyInPackage>1</QtyInPackage>
      <ItemPrice>49.90</ItemPrice>
      <UnitOfMeasurePrice>49.9000</UnitOfMeasurePrice>
      <AllowDiscount>1</AllowDiscount>
      <ItemStatus>1</ItemStatus>
      <ItemId>81328</ItemId>
    </Item>
    <Item>
      <PriceUpdateDate>2023-12-31 12:51:35</PriceUpdateDate>
      <ItemCode>6900022000030</ItemCode>
      <ItemType>1</ItemType>
      <ItemName>שרשרת נורות לד 10 מט</ItemName>
      <ManufacturerName>,</ManufacturerName>
      <ManufactureCountry>לא ידוע</ManufactureCountry>
      <ManufacturerItemDescription>שרשרת נורות לד 10 מט</ManufacturerItemDescription>
      <UnitQty>Unknown </UnitQty>
      <Quantity>1.00</Quantity>
      <UnitOfMeasure>Unknown </UnitOfMeasure>
      <bIsWeighted>0</bIsWeighted>
      <QtyInPackage>1</QtyInPackage>
      <ItemPrice>49.90</ItemPrice>
      <UnitOfMeasurePrice>49.9000</UnitOfMeasurePrice>
      <AllowDiscount>1</AllowDiscount>
      <ItemStatus>1</ItemStatus>
      <ItemId>81329</ItemId>
    </Item>
    <Item>
      <PriceUpdateDate>2023-12-31 12:51:35</PriceUpdateDate>
      <ItemCode>6900022000047</ItemCode>
      <ItemType>1</ItemType>
      <ItemName>שרשרת נורות לד 5 מטר</ItemName>
      <ManufacturerName>,</ManufacturerName>
      <ManufactureCountry>לא ידוע</ManufactureCountry>
      <ManufacturerItemDescription>שרשרת נורות לד 5 מטר</ManufacturerItemDescription>
      <UnitQty>Unknown </UnitQty>
      <Quantity>1.00</Quantity>
      <UnitOfMeasure>Unknown </UnitOfMeasure>
      <bIsWeighted>0</bIsWeighted>
      <QtyInPackage>1</QtyInPackage>
      <ItemPrice>39.90</ItemPrice>
      <UnitOfMeasurePrice>39.9000</UnitOfMeasurePrice>
      <AllowDiscount>1</AllowDiscount>
      <ItemStatus>1</ItemStatus>
      <ItemId>81330</ItemId>
    </Item>
    <Item>
      <PriceUpdateDate>2023-12-31 12:51:35</PriceUpdateDate>
      <ItemCode>6900022000054</ItemCode>
      <ItemType>1</ItemType>
      <ItemName>שרשרת נורות לד 5 מטר</ItemName>
      <ManufacturerName>,</ManufacturerName>
      <ManufactureCountry>לא ידוע</ManufactureCountry>
      <ManufacturerItemDescription>שרשרת נורות לד 5 מטר</ManufacturerItemDescription>
      <UnitQty>Unknown </UnitQty>
      <Quantity>1.00</Quantity>
      <UnitOfMeasure>Unknown </UnitOfMeasure>
      <bIsWeighted>0</bIsWeighted>
      <QtyInPackage>1</QtyInPackage>
      <ItemPrice>39.90</ItemPrice>
      <UnitOfMeasurePrice>39.9000</UnitOfMeasurePrice>
      <AllowDiscount>1</AllowDiscount>
      <ItemStatus>1</ItemStatus>
      <ItemId>81331</ItemId>
    </Item>
    <Item>
      <PriceUpdateDate>2025-11-09 14:54:19</PriceUpdateDate>
      <ItemCode>4101540773655</ItemCode>
      <ItemType>1</ItemType>
      <ItemName>עוגת שטולן מרציפן 18</ItemName>
      <ManufacturerName>,</ManufacturerName>
      <ManufactureCountry>לא ידוע</ManufactureCountry>
      <ManufacturerItemDescription>עוגת שטולן מרציפן 180 גר</ManufacturerItemDescription>
      <UnitQty>גרמים</UnitQty>
      <Quantity>180.00</Quantity>
      <UnitOfMeasure>100 גרם</UnitOfMeasure>
      <bIsWeighted>0</bIsWeighted>
      <QtyInPackage>1</QtyInPackage>
      <ItemPrice>17.90</ItemPrice>
      <UnitOfMeasurePrice>9.9444</UnitOfMeasurePrice>
      <AllowDiscount>1</AllowDiscount>
      <ItemStatus>1</ItemStatus>
      <ItemId>81479</ItemId>
    </Item>
    <Item>
      <PriceUpdateDate>2023-12-31 12:51:37</PriceUpdateDate>
      <ItemCode>7290112771414</ItemCode>
      <ItemType>0</ItemType>
      <ItemName>קובה סלק 400 גר</ItemName>
      <ManufacturerName>,</ManufacturerName>
      <ManufactureCountry>לא ידוע</ManufactureCountry>
      <ManufacturerItemDescription>קובה סלק 400 גר</ManufacturerItemDescription>
      <UnitQty>גרמים</UnitQty>
      <Quantity>400.00</Quantity>
      <UnitOfMeasure>100 גרם</UnitOfMeasure>
      <bIsWeighted>0</bIsWeighted>
      <QtyInPackage>לא ידוע</QtyInPackage>
      <ItemPrice>19.90</ItemPrice>
      <UnitOfMeasurePrice>4.9750</UnitOfMeasurePrice>
      <AllowDiscount>1</AllowDiscount>
      <ItemStatus>1</ItemStatus>
      <ItemId>81623</ItemId>
    </Item>
    <Item>
      <PriceUpdateDate>2023-12-31 12:51:37</PriceUpdateDate>
      <ItemCode>7290112771421</ItemCode>
      <ItemType>0</ItemType>
      <ItemName>קובה חמוסטה 400 גר</ItemName>
      <ManufacturerName>,</ManufacturerName>
      <ManufactureCountry>לא ידוע</ManufactureCountry>
      <ManufacturerItemDescription>קובה חמוסטה 400 גר</ManufacturerItemDescription>
      <UnitQty>גרמים</UnitQty>
      <Quantity>400.00</Quantity>
      <UnitOfMeasure>100 גרם</UnitOfMeasure>
      <bIsWeighted>0</bIsWeighted>
      <QtyInPackage>לא ידוע</QtyInPackage>
      <ItemPrice>19.90</ItemPrice>
      <UnitOfMeasurePrice>4.9750</UnitOfMeasurePrice>
      <AllowDiscount>1</AllowDiscount>
      <ItemStatus>1</ItemStatus>
      <ItemId>81624</ItemId>
    </Item>
    <Item>
      <PriceUpdateDate>2023-12-31 12:51:37</PriceUpdateDate>
      <ItemCode>5906013005900</ItemCode>
      <ItemType>1</ItemType>
      <ItemName>ריבה שזיפים עם שקדים</ItemName>
      <ManufacturerName>,</ManufacturerName>
      <ManufactureCountry>לא ידוע</ManufactureCountry>
      <ManufacturerItemDescription>ריבה שזיפים עם שקדים 300 גר</ManufacturerItemDescription>
      <UnitQty>גרמים</UnitQty>
      <Quantity>300.00</Quantity>
      <UnitOfMeasure>100 גרם</UnitOfMeasure>
      <bIsWeighted>0</bIsWeighted>
      <QtyInPackage>1</QtyInPackage>
      <ItemPrice>10.90</ItemPrice>
      <UnitOfMeasurePrice>3.6333</UnitOfMeasurePrice>
      <AllowDiscount>1</AllowDiscount>
      <ItemStatus>1</ItemStatus>
      <ItemId>81646</ItemId>
    </Item>
    <Item>
      <PriceUpdateDate>2024-11-19 15:35:07</PriceUpdateDate>
      <ItemCode>4810168062279</ItemCode>
      <ItemType>1</ItemType>
      <ItemName>לביבות גבינת טבורוג</ItemName>
      <ManufacturerName>,</ManufacturerName>
      <ManufactureCountry>לא ידוע</ManufactureCountry>
      <ManufacturerItemDescription>לביבות גבינת טבורוג מוקפא 450 גר</ManufacturerItemDescription>
      <UnitQty>גרמים</UnitQty>
      <Quantity>450.00</Quantity>
      <UnitOfMeasure>100 גרם</UnitOfMeasure>
      <bIsWeighted>0</bIsWeighted>
      <QtyInPackage>1</QtyInPackage>
      <ItemPrice>24.90</ItemPrice>
      <UnitOfMeasurePrice>5.5333</UnitOfMeasurePrice>
      <AllowDiscount>1</AllowDiscount>
      <ItemStatus>1</ItemStatus>
      <ItemId>81664</ItemId>
    </Item>
    <Item>
      <PriceUpdateDate>2024-11-19 15:35:07</PriceUpdateDate>
      <ItemCode>4810168062125</ItemCode>
      <ItemType>1</ItemType>
      <ItemName>כיסונים במילוי אוכמנ</ItemName>
      <ManufacturerName>,</ManufacturerName>
      <ManufactureCountry>לא ידוע</ManufactureCountry>
      <ManufacturerItemDescription>כיסונים במילוי אוכמניות כחולות 450 גר</ManufacturerItemDescription>
      <UnitQty>גרמים</UnitQty>
      <Quantity>450.00</Quantity>
      <UnitOfMeasure>100 גרם</UnitOfMeasure>
      <bIsWeighted>0</bIsWeighted>
      <QtyInPackage>1</QtyInPackage>
      <ItemPrice>24.90</ItemPrice>
      <UnitOfMeasurePrice>5.5333</UnitOfMeasurePrice>
      <AllowDiscount>1</AllowDiscount>
      <ItemStatus>1</ItemStatus>
      <ItemId>81668</ItemId>
    </Item>
    <Item>
      <PriceUpdateDate>2024-11-19 15:35:07</PriceUpdateDate>
      <ItemCode>4810168062149</ItemCode>
      <ItemType>1</ItemType>
      <ItemName>כיסונים במילוי דובדב</ItemName>
      <ManufacturerName>,</ManufacturerName>
      <ManufactureCountry>לא ידוע</ManufactureCountry>
      <ManufacturerItemDescription>כיסונים במילוי דובדבנים מוקפא 450 גר</ManufacturerItemDescription>
      <UnitQty>גרמים</UnitQty>
      <Quantity>450.00</Quantity>
      <UnitOfMeasure>100 גרם</UnitOfMeasure>
      <bIsWeighted>0</bIsWeighted>
      <QtyInPackage>1</QtyInPackage>
      <ItemPrice>24.90</ItemPrice>
      <UnitOfMeasurePrice>5.5333</UnitOfMeasurePrice>
      <AllowDiscount>1</AllowDiscount>
      <ItemStatus>1</ItemStatus>
      <ItemId>81669</ItemId>
    </Item>
    <Item>
      <PriceUpdateDate>2024-11-19 15:35:07</PriceUpdateDate>
      <ItemCode>4810168062163</ItemCode>
      <ItemType>1</ItemType>
      <ItemName>כיסונים במילוי תפוא</ItemName>
      <ManufacturerName>,</ManufacturerName>
      <ManufactureCountry>לא ידוע</ManufactureCountry>
      <ManufacturerItemDescription>כיסונים במילוי תפוא ופטריות 450 גר</ManufacturerItemDescription>
      <UnitQty>גרמים</UnitQty>
      <Quantity>450.00</Quantity>
      <UnitOfMeasure>100 גרם</UnitOfMeasure>
      <bIsWeighted>0</bIsWeighted>
      <QtyInPackage>1</QtyInPackage>
      <ItemPrice>15.90</ItemPrice>
      <UnitOfMeasurePrice>3.5333</UnitOfMeasurePrice>
      <AllowDiscount>1</AllowDiscount>
      <ItemStatus>1</ItemStatus>
      <ItemId>81673</ItemId>
    </Item>
    <Item>
      <PriceUpdateDate>2024-11-19 15:35:07</PriceUpdateDate>
      <ItemCode>4810168062170</ItemCode>
      <ItemType>1</ItemType>
      <ItemName>כיסונים במילוי תפוא</ItemName>
      <ManufacturerName>,</ManufacturerName>
      <ManufactureCountry>לא ידוע</ManufactureCountry>
      <ManufacturerItemDescription>כיסונים במילוי תפוא ובצל 450 גר</ManufacturerItemDescription>
      <UnitQty>גרמים</UnitQty>
      <Quantity>450.00</Quantity>
      <UnitOfMeasure>100 גרם</UnitOfMeasure>
      <bIsWeighted>0</bIsWeighted>
      <QtyInPackage>1</QtyInPackage>
      <ItemPrice>15.90</ItemPrice>
      <UnitOfMeasurePrice>3.5333</UnitOfMeasurePrice>
      <AllowDiscount>1</AllowDiscount>
      <ItemStatus>1</ItemStatus>
      <ItemId>81674</ItemId>
    </Item>
    <Item>
      <PriceUpdateDate>2024-11-19 15:35:07</PriceUpdateDate>
      <ItemCode>4810168062200</ItemCode>
      <ItemType>1</ItemType>
      <ItemName>בלינצס במילוי דובדבן</ItemName>
      <ManufacturerName>,</ManufacturerName>
      <ManufactureCountry>לא ידוע</ManufactureCountry>
      <ManufacturerItemDescription>בלינצס במילוי דובדבן מוקפא 360 גר</ManufacturerItemDescription>
      <UnitQty>גרמים</UnitQty>
      <Quantity>360.00</Quantity>
      <UnitOfMeasure>100 גרם</UnitOfMeasure>
      <bIsWeighted>0</bIsWeighted>
      <QtyInPackage>1</QtyInPackage>
      <ItemPrice>16.90</ItemPrice>
      <UnitOfMeasurePrice>4.6944</UnitOfMeasurePrice>
      <AllowDiscount>1</AllowDiscount>
      <ItemStatus>1</ItemStatus>
      <ItemId>81677</ItemId>
    </Item>
    <Item>
      <PriceUpdateDate>2024-11-19 15:35:07</PriceUpdateDate>
      <ItemCode>4810168062194</ItemCode>
      <ItemType>1</ItemType>
      <ItemName>בלינצס במילוי גבינת</ItemName>
      <ManufacturerName>,</ManufacturerName>
      <ManufactureCountry>לא ידוע</ManufactureCountry>
      <ManufacturerItemDescription>בלינצס במילוי גבינת טבורוג מוקפא 360 גר</ManufacturerItemDescription>
      <UnitQty>גרמים</UnitQty>
      <Quantity>360.00</Quantity>
      <UnitOfMeasure>100 גרם</UnitOfMeasure>
      <bIsWeighted>0</bIsWeighted>
      <QtyInPackage>1</QtyInPackage>
      <ItemPrice>16.90</ItemPrice>
      <UnitOfMeasurePrice>4.6944</UnitOfMeasurePrice>
      <AllowDiscount>1</AllowDiscount>
      <ItemStatus>1</ItemStatus>
      <ItemId>81678</ItemId>
    </Item>
    <Item>
      <PriceUpdateDate>2024-11-19 15:35:07</PriceUpdateDate>
      <ItemCode>4810168062224</ItemCode>
      <ItemType>1</ItemType>
      <ItemName>בלינצס במילוי ממרח ק</ItemName>
      <ManufacturerName>,</ManufacturerName>
      <ManufactureCountry>לא ידוע</ManufactureCountry>
      <ManufacturerItemDescription>בלינצס במילוי ממרח קקאו אגוזי לוז 360 גר</ManufacturerItemDescription>
      <UnitQty>גרמים</UnitQty>
      <Quantity>360.00</Quantity>
      <UnitOfMeasure>100 גרם</UnitOfMeasure>
      <bIsWeighted>0</bIsWeighted>
      <QtyInPackage>6</QtyInPackage>
      <ItemPrice>16.90</ItemPrice>
      <UnitOfMeasurePrice>4.6944</UnitOfMeasurePrice>
      <AllowDiscount>1</AllowDiscount>
      <ItemStatus>1</ItemStatus>
      <ItemId>81680</ItemId>
    </Item>
    <Item>
      <PriceUpdateDate>2023-12-31 12:51:37</PriceUpdateDate>
      <ItemCode>4810168062231</ItemCode>
      <ItemType>1</ItemType>
      <ItemName>עלי בלינצס מוקפאים 3</ItemName>
      <ManufacturerName>,</ManufacturerName>
      <ManufactureCountry>לא ידוע</ManufactureCountry>
      <ManufacturerItemDescription>עלי בלינצס מוקפאים 320 גר</ManufacturerItemDescription>
      <UnitQty>גרמים</UnitQty>
      <Quantity>320.00</Quantity>
      <UnitOfMeasure>100 גרם</UnitOfMeasure>
      <bIsWeighted>0</bIsWeighted>
      <QtyInPackage>1</QtyInPackage>
      <ItemPrice>11.90</ItemPrice>
      <UnitOfMeasurePrice>3.7188</UnitOfMeasurePrice>
      <AllowDiscount>1</AllowDiscount>
      <ItemStatus>1</ItemStatus>
      <ItemId>81681</ItemId>
    </Item>
    <Item>
      <PriceUpdateDate>2023-12-31 12:51:38</PriceUpdateDate>
      <ItemCode>6911241401416</ItemCode>
      <ItemType>1</ItemType>
      <ItemName>כדורים לבן-זהוב 8 סמ</ItemName>
      <ManufacturerName>,</ManufacturerName>
      <ManufactureCountry>לא ידוע</ManufactureCountry>
      <ManufacturerItemDescription>כדורים לבן-זהוב 8 סמ</ManufacturerItemDescription>
      <UnitQty>Unknown </UnitQty>
      <Quantity>1.00</Quantity>
      <UnitOfMeasure>Unknown </UnitOfMeasure>
      <bIsWeighted>0</bIsWeighted>
      <QtyInPackage>1</QtyInPackage>
      <ItemPrice>29.90</ItemPrice>
      <UnitOfMeasurePrice>29.9000</UnitOfMeasurePrice>
      <AllowDiscount>1</AllowDiscount>
      <ItemStatus>1</ItemStatus>
      <ItemId>81716</ItemId>
    </Item>
    <Item>
      <PriceUpdateDate>2023-12-31 12:51:38</PriceUpdateDate>
      <ItemCode>6958901122229</ItemCode>
      <ItemType>1</ItemType>
      <ItemName>כדורים 6 סמ</ItemName>
      <ManufacturerName>,</ManufacturerName>
      <ManufactureCountry>לא ידוע</ManufactureCountry>
      <ManufacturerItemDescription>כדורים 6 סמ</ManufacturerItemDescription>
      <UnitQty>Unknown </UnitQty>
      <Quantity>1.00</Quantity>
      <UnitOfMeasure>Unknown </UnitOfMeasure>
      <bIsWeighted>0</bIsWeighted>
      <QtyInPackage>1</QtyInPackage>
      <ItemPrice>29.90</ItemPrice>
      <UnitOfMeasurePrice>29.9000</UnitOfMeasurePrice>
      <AllowDiscount>1</AllowDiscount>
      <ItemStatus>1</ItemStatus>
      <ItemId>81726</ItemId>
    </Item>
    <Item>
      <PriceUpdateDate>2025-12-09 17:38:32</PriceUpdateDate>
      <ItemCode>4101540710919</ItemCode>
      <ItemType>1</ItemType>
      <ItemName>עוגת שטולן מרציפן 50</ItemName>
      <ManufacturerName>,</ManufacturerName>
      <ManufactureCountry>לא ידוע</ManufactureCountry>
      <ManufacturerItemDescription>עוגת שטולן מרציפן 500 גר</ManufacturerItemDescription>
      <UnitQty>גרמים</UnitQty>
      <Quantity>500.00</Quantity>
      <UnitOfMeasure>100 גרם</UnitOfMeasure>
      <bIsWeighted>0</bIsWeighted>
      <QtyInPackage>1</QtyInPackage>
      <ItemPrice>31.90</ItemPrice>
      <UnitOfMeasurePrice>6.3800</UnitOfMeasurePrice>
      <AllowDiscount>1</AllowDiscount>
      <ItemStatus>1</ItemStatus>
      <ItemId>81734</ItemId>
    </Item>
    <Item>
      <PriceUpdateDate>2025-12-09 17:38:33</PriceUpdateDate>
      <ItemCode>4101540707353</ItemCode>
      <ItemType>1</ItemType>
      <ItemName>עוגת שטולן  500 גר</ItemName>
      <ManufacturerName>,</ManufacturerName>
      <ManufactureCountry>לא ידוע</ManufactureCountry>
      <ManufacturerItemDescription>עוגת שטולן 500 גר</ManufacturerItemDescription>
      <UnitQty>גרמים</UnitQty>
      <Quantity>500.00</Quantity>
      <UnitOfMeasure>100 גרם</UnitOfMeasure>
      <bIsWeighted>0</bIsWeighted>
      <QtyInPackage>1</QtyInPackage>
      <ItemPrice>31.90</ItemPrice>
      <UnitOfMeasurePrice>6.3800</UnitOfMeasurePrice>
      <AllowDiscount>1</AllowDiscount>
      <ItemStatus>1</ItemStatus>
      <ItemId>81735</ItemId>
    </Item>
    <Item>
      <PriceUpdateDate>2023-12-31 12:51:39</PriceUpdateDate>
      <ItemCode>4820198874599</ItemCode>
      <ItemType>1</ItemType>
      <ItemName>תה שחור פירות יער וע</ItemName>
      <ManufacturerName>,</ManufacturerName>
      <ManufactureCountry>לא ידוע</ManufactureCountry>
      <ManufacturerItemDescription>תה שחור פירות יער ועלי כותרת 24 גר</ManufacturerItemDescription>
      <UnitQty>גרמים</UnitQty>
      <Quantity>24.00</Quantity>
      <UnitOfMeasure>100 גרם</UnitOfMeasure>
      <bIsWeighted>0</bIsWeighted>
      <QtyInPackage>1</QtyInPackage>
      <ItemPrice>9.90</ItemPrice>
      <UnitOfMeasurePrice>41.2500</UnitOfMeasurePrice>
      <AllowDiscount>1</AllowDiscount>
      <ItemStatus>1</ItemStatus>
      <ItemId>81966</ItemId>
    </Item>
    <Item>
      <PriceUpdateDate>2025-04-14 13:00:31</PriceUpdateDate>
      <ItemCode>4860009300145</ItemCode>
      <ItemType>1</ItemType>
      <ItemName>נקטר גזר 1 ל</ItemName>
      <ManufacturerName>,</ManufacturerName>
      <ManufactureCountry>לא ידוע</ManufactureCountry>
      <ManufacturerItemDescription>נקטר גזר 1 ל</ManufacturerItemDescription>
      <UnitQty>ליטרים</UnitQty>
      <Quantity>1.00</Quantity>
      <UnitOfMeasure>ליטר    </UnitOfMeasure>
      <bIsWeighted>0</bIsWeighted>
      <QtyInPackage>1</QtyInPackage>
      <ItemPrice>16.90</ItemPrice>
      <UnitOfMeasurePrice>16.9000</UnitOfMeasurePrice>
      <AllowDiscount>1</AllowDiscount>
      <ItemStatus>1</ItemStatus>
      <ItemId>82147</ItemId>
    </Item>
    <Item>
      <PriceUpdateDate>2023-12-31 12:51:40</PriceUpdateDate>
      <ItemCode>3263286344269</ItemCode>
      <ItemType>1</ItemType>
      <ItemName>יין אדום יבש ויקטור</ItemName>
      <ManufacturerName>,</ManufacturerName>
      <ManufactureCountry>לא ידוע</ManufactureCountry>
      <ManufacturerItemDescription>יין אדום יבש ויקטור ברארד קוט דה רון 750</ManufacturerItemDescription>
      <UnitQty>מיליליטרים</UnitQty>
      <Quantity>750.00</Quantity>
      <UnitOfMeasure>100 מ"ל</UnitOfMeasure>
      <bIsWeighted>0</bIsWeighted>
      <QtyInPackage>1</QtyInPackage>
      <ItemPrice>64.90</ItemPrice>
      <UnitOfMeasurePrice>8.6533</UnitOfMeasurePrice>
      <AllowDiscount>1</AllowDiscount>
      <ItemStatus>1</ItemStatus>
      <ItemId>82189</ItemId>
    </Item>
    <Item>
      <PriceUpdateDate>2024-11-06 16:48:30</PriceUpdateDate>
      <ItemCode>4820209113211</ItemCode>
      <ItemType>1</ItemType>
      <ItemName>משקה קל מוגז טרחון 2</ItemName>
      <ManufacturerName>ביולה-ארלן</ManufacturerName>
      <ManufactureCountry>אוקראינה</ManufactureCountry>
      <ManufacturerItemDescription>משקה קל מוגז טרחון 2 ל</ManufacturerItemDescription>
      <UnitQty>ליטרים</UnitQty>
      <Quantity>2.00</Quantity>
      <UnitOfMeasure>ליטר    </UnitOfMeasure>
      <bIsWeighted>0</bIsWeighted>
      <QtyInPackage>6</QtyInPackage>
      <ItemPrice>15.90</ItemPrice>
      <UnitOfMeasurePrice>7.9500</UnitOfMeasurePrice>
      <AllowDiscount>1</AllowDiscount>
      <ItemStatus>1</ItemStatus>
      <ItemId>82194</ItemId>
    </Item>
    <Item>
      <PriceUpdateDate>2025-11-06 09:07:21</PriceUpdateDate>
      <ItemCode>9002859131707</ItemCode>
      <ItemType>1</ItemType>
      <ItemName>גונץ אנשי שלג משוקול</ItemName>
      <ManufacturerName>,</ManufacturerName>
      <ManufactureCountry>לא ידוע</ManufactureCountry>
      <ManufacturerItemDescription>גונץ אנשי שלג משוקולד עם קרם חלב ברשת 80</ManufacturerItemDescription>
      <UnitQty>גרמים</UnitQty>
      <Quantity>85.00</Quantity>
      <UnitOfMeasure>100 גרם</UnitOfMeasure>
      <bIsWeighted>0</bIsWeighted>
      <QtyInPackage>1</QtyInPackage>
      <ItemPrice>13.90</ItemPrice>
      <UnitOfMeasurePrice>16.3529</UnitOfMeasurePrice>
      <AllowDiscount>1</AllowDiscount>
      <ItemStatus>1</ItemStatus>
      <ItemId>102592</ItemId>
    </Item>
    <Item>
      <PriceUpdateDate>2023-12-31 12:51:41</PriceUpdateDate>
      <ItemCode>7794450088383</ItemCode>
      <ItemType>1</ItemType>
      <ItemName>יין אלאמוס סוביניון</ItemName>
      <ManufacturerName>קאטנה זפאטה</ManufacturerName>
      <ManufactureCountry>לא ידוע</ManufactureCountry>
      <ManufacturerItemDescription>יין אלאמוס סוביניון בלאן 750 מל</ManufacturerItemDescription>
      <UnitQty>מיליליטרים</UnitQty>
      <Quantity>750.00</Quantity>
      <UnitOfMeasure>100 מ"ל</UnitOfMeasure>
      <bIsWeighted>0</bIsWeighted>
      <QtyInPackage>1</QtyInPackage>
      <ItemPrice>47.90</ItemPrice>
      <UnitOfMeasurePrice>6.3867</UnitOfMeasurePrice>
      <AllowDiscount>1</AllowDiscount>
      <ItemStatus>1</ItemStatus>
      <ItemId>82311</ItemId>
    </Item>
    <Item>
      <PriceUpdateDate>2025-11-13 09:18:12</PriceUpdateDate>
      <ItemCode>17418</ItemCode>
      <ItemType>0</ItemType>
      <ItemName>שוק טלה ללא אוסובוקו</ItemName>
      <ManufacturerName>,</ManufacturerName>
      <ManufactureCountry>לא ידוע</ManufactureCountry>
      <ManufacturerItemDescription>שוק טלה ללא אוסובוקו טרי</ManufacturerItemDescription>
      <UnitQty>קילוגרמים</UnitQty>
      <Quantity>1.00</Quantity>
      <UnitOfMeasure>ק"ג</UnitOfMeasure>
      <bIsWeighted>1</bIsWeighted>
      <QtyInPackage>לא ידוע</QtyInPackage>
      <ItemPrice>99.90</ItemPrice>
      <UnitOfMeasurePrice>99.9000</UnitOfMeasurePrice>
      <AllowDiscount>1</AllowDiscount>
      <ItemStatus>1</ItemStatus>
      <ItemId>82444</ItemId>
    </Item>
    <Item>
      <PriceUpdateDate>2023-12-31 12:51:42</PriceUpdateDate>
      <ItemCode>8710448595847</ItemCode>
      <ItemType>1</ItemType>
      <ItemName>רוטב בלו ציז 250 גר</ItemName>
      <ManufacturerName>,</ManufacturerName>
      <ManufactureCountry>לא ידוע</ManufactureCountry>
      <ManufacturerItemDescription>רוטב בלו ציז 250 גר</ManufacturerItemDescription>
      <UnitQty>גרמים</UnitQty>
      <Quantity>250.00</Quantity>
      <UnitOfMeasure>100 גרם</UnitOfMeasure>
      <bIsWeighted>0</bIsWeighted>
      <QtyInPackage>1</QtyInPackage>
      <ItemPrice>14.90</ItemPrice>
      <UnitOfMeasurePrice>5.9600</UnitOfMeasurePrice>
      <AllowDiscount>1</AllowDiscount>
      <ItemStatus>1</ItemStatus>
      <ItemId>82512</ItemId>
    </Item>
    <Item>
      <PriceUpdateDate>2025-10-19 19:55:11</PriceUpdateDate>
      <ItemCode>8710296166688</ItemCode>
      <ItemType>1</ItemType>
      <ItemName>ברוסקטה עגבניות 160</ItemName>
      <ManufacturerName>,</ManufacturerName>
      <ManufactureCountry>לא ידוע</ManufactureCountry>
      <ManufacturerItemDescription>ברוסקטה עגבניות 160 גר</ManufacturerItemDescription>
      <UnitQty>גרמים</UnitQty>
      <Quantity>160.00</Quantity>
      <UnitOfMeasure>100 גרם</UnitOfMeasure>
      <bIsWeighted>0</bIsWeighted>
      <QtyInPackage>1</QtyInPackage>
      <ItemPrice>12.90</ItemPrice>
      <UnitOfMeasurePrice>8.0625</UnitOfMeasurePrice>
      <AllowDiscount>1</AllowDiscount>
      <ItemStatus>1</ItemStatus>
      <ItemId>82517</ItemId>
    </Item>
    <Item>
      <PriceUpdateDate>2025-03-06 18:27:26</PriceUpdateDate>
      <ItemCode>4823097811849</ItemCode>
      <ItemType>1</ItemType>
      <ItemName>גלידת שמנת אסקימוס ו</ItemName>
      <ManufacturerName>ז'יטומרסקי זאבוד</ManufacturerName>
      <ManufactureCountry>לא ידוע</ManufactureCountry>
      <ManufacturerItemDescription>גלידת שמנת אסקימוס וניל אגוזים 70 גר</ManufacturerItemDescription>
      <UnitQty>גרמים</UnitQty>
      <Quantity>70.00</Quantity>
      <UnitOfMeasure>100 גרם</UnitOfMeasure>
      <bIsWeighted>0</bIsWeighted>
      <QtyInPackage>36</QtyInPackage>
      <ItemPrice>6.90</ItemPrice>
      <UnitOfMeasurePrice>9.8571</UnitOfMeasurePrice>
      <AllowDiscount>1</AllowDiscount>
      <ItemStatus>1</ItemStatus>
      <ItemId>82527</ItemId>
    </Item>
    <Item>
      <PriceUpdateDate>2025-03-06 18:27:26</PriceUpdateDate>
      <ItemCode>4823097811887</ItemCode>
      <ItemType>1</ItemType>
      <ItemName>גלידת שמנת אסקימוס ר</ItemName>
      <ManufacturerName>ז'יטומרסקי זאבוד</ManufacturerName>
      <ManufactureCountry>לא ידוע</ManufactureCountry>
      <ManufacturerItemDescription>גלידת שמנת אסקימוס ריפל קרמל על מקל 70 ג</ManufacturerItemDescription>
      <UnitQty>גרמים</UnitQty>
      <Quantity>70.00</Quantity>
      <UnitOfMeasure>100 גרם</UnitOfMeasure>
      <bIsWeighted>0</bIsWeighted>
      <QtyInPackage>36</QtyInPackage>
      <ItemPrice>6.90</ItemPrice>
      <UnitOfMeasurePrice>9.8571</UnitOfMeasurePrice>
      <AllowDiscount>1</AllowDiscount>
      <ItemStatus>1</ItemStatus>
      <ItemId>82528</ItemId>
    </Item>
    <Item>
      <PriceUpdateDate>2023-12-31 12:51:44</PriceUpdateDate>
      <ItemCode>4840472021174</ItemCode>
      <ItemType>1</ItemType>
      <ItemName>יין ספראבי פורקרי 75</ItemName>
      <ManufacturerName>,</ManufacturerName>
      <ManufactureCountry>מולדובה</ManufactureCountry>
      <ManufacturerItemDescription>יין ספראבי פורקרי 750 מל</ManufacturerItemDescription>
      <UnitQty>מיליליטרים</UnitQty>
      <Quantity>750.00</Quantity>
      <UnitOfMeasure>100 מ"ל</UnitOfMeasure>
      <bIsWeighted>0</bIsWeighted>
      <QtyInPackage>1</QtyInPackage>
      <ItemPrice>84.90</ItemPrice>
      <UnitOfMeasurePrice>11.3200</UnitOfMeasurePrice>
      <AllowDiscount>1</AllowDiscount>
      <ItemStatus>1</ItemStatus>
      <ItemId>82736</ItemId>
    </Item>
    <Item>
      <PriceUpdateDate>2023-12-31 12:51:44</PriceUpdateDate>
      <ItemCode>4751004061967</ItemCode>
      <ItemType>1</ItemType>
      <ItemName>ממרח שמנת לטבייסקי כ</ItemName>
      <ManufacturerName>,</ManufacturerName>
      <ManufactureCountry>לא ידוע</ManufactureCountry>
      <ManufacturerItemDescription>ממרח שמנת לטבייסקי כחול 350 גר</ManufacturerItemDescription>
      <UnitQty>גרמים</UnitQty>
      <Quantity>350.00</Quantity>
      <UnitOfMeasure>100 גרם</UnitOfMeasure>
      <bIsWeighted>0</bIsWeighted>
      <QtyInPackage>1</QtyInPackage>
      <ItemPrice>11.90</ItemPrice>
      <UnitOfMeasurePrice>3.4000</UnitOfMeasurePrice>
      <AllowDiscount>1</AllowDiscount>
      <ItemStatus>1</ItemStatus>
      <ItemId>82745</ItemId>
    </Item>
    <Item>
      <PriceUpdateDate>2023-12-31 12:51:45</PriceUpdateDate>
      <ItemCode>5601228115832</ItemCode>
      <ItemType>1</ItemType>
      <ItemName>אורז לסושי קושיהיקאר</ItemName>
      <ManufacturerName>,</ManufacturerName>
      <ManufactureCountry>לא ידוע</ManufactureCountry>
      <ManufacturerItemDescription>אורז לסושי קושיהיקארי 1 קג</ManufacturerItemDescription>
      <UnitQty>קילוגרמים</UnitQty>
      <Quantity>1.00</Quantity>
      <UnitOfMeasure>ק"ג     </UnitOfMeasure>
      <bIsWeighted>0</bIsWeighted>
      <QtyInPackage>1</QtyInPackage>
      <ItemPrice>14.90</ItemPrice>
      <UnitOfMeasurePrice>14.9000</UnitOfMeasurePrice>
      <AllowDiscount>1</AllowDiscount>
      <ItemStatus>1</ItemStatus>
      <ItemId>82899</ItemId>
    </Item>
    <Item>
      <PriceUpdateDate>2024-11-03 14:19:36</PriceUpdateDate>
      <ItemCode>7290115110036</ItemCode>
      <ItemType>1</ItemType>
      <ItemName>נקניקיות וינר בוואקו</ItemName>
      <ManufacturerName>,</ManufacturerName>
      <ManufactureCountry>לא ידוע</ManufactureCountry>
      <ManufacturerItemDescription>נקניקיות וינר בוואקום 500 גר</ManufacturerItemDescription>
      <UnitQty>גרמים</UnitQty>
      <Quantity>500.00</Quantity>
      <UnitOfMeasure>100 גרם</UnitOfMeasure>
      <bIsWeighted>0</bIsWeighted>
      <QtyInPackage>1</QtyInPackage>
      <ItemPrice>36.90</ItemPrice>
      <UnitOfMeasurePrice>7.3800</UnitOfMeasurePrice>
      <AllowDiscount>1</AllowDiscount>
      <ItemStatus>1</ItemStatus>
      <ItemId>82900</ItemId>
    </Item>
    <Item>
      <PriceUpdateDate>2024-11-03 14:19:36</PriceUpdateDate>
      <ItemCode>7290115115000</ItemCode>
      <ItemType>1</ItemType>
      <ItemName>נקניקיות קוקטייל 500</ItemName>
      <ManufacturerName>,</ManufacturerName>
      <ManufactureCountry>לא ידוע</ManufactureCountry>
      <ManufacturerItemDescription>נקניקיות קוקטייל 500 גר</ManufacturerItemDescription>
      <UnitQty>גרמים</UnitQty>
      <Quantity>500.00</Quantity>
      <UnitOfMeasure>100 גרם</UnitOfMeasure>
      <bIsWeighted>0</bIsWeighted>
      <QtyInPackage>1</QtyInPackage>
      <ItemPrice>37.90</ItemPrice>
      <UnitOfMeasurePrice>7.5800</UnitOfMeasurePrice>
      <AllowDiscount>1</AllowDiscount>
      <ItemStatus>1</ItemStatus>
      <ItemId>82901</ItemId>
    </Item>
    <Item>
      <PriceUpdateDate>2024-11-03 14:19:36</PriceUpdateDate>
      <ItemCode>7290115110067</ItemCode>
      <ItemType>1</ItemType>
      <ItemName>קנקרס בוואקום 500 גר</ItemName>
      <ManufacturerName>,</ManufacturerName>
      <ManufactureCountry>לא ידוע</ManufactureCountry>
      <ManufacturerItemDescription>קנקרס בוואקום 500 גר</ManufacturerItemDescription>
      <UnitQty>גרמים</UnitQty>
      <Quantity>500.00</Quantity>
      <UnitOfMeasure>100 גרם</UnitOfMeasure>
      <bIsWeighted>0</bIsWeighted>
      <QtyInPackage>1</QtyInPackage>
      <ItemPrice>36.90</ItemPrice>
      <UnitOfMeasurePrice>7.3800</UnitOfMeasurePrice>
      <AllowDiscount>1</AllowDiscount>
      <ItemStatus>1</ItemStatus>
      <ItemId>82902</ItemId>
    </Item>
    <Item>
      <PriceUpdateDate>2024-11-03 14:19:37</PriceUpdateDate>
      <ItemCode>7290115110104</ItemCode>
      <ItemType>1</ItemType>
      <ItemName>נקניקיות פרנקפורטר ד</ItemName>
      <ManufacturerName>,</ManufacturerName>
      <ManufactureCountry>לא ידוע</ManufactureCountry>
      <ManufacturerItemDescription>נקניקיות פרנקפורטר דק בוואקום 500 גר</ManufacturerItemDescription>
      <UnitQty>גרמים</UnitQty>
      <Quantity>500.00</Quantity>
      <UnitOfMeasure>100 גרם</UnitOfMeasure>
      <bIsWeighted>0</bIsWeighted>
      <QtyInPackage>1</QtyInPackage>
      <ItemPrice>36.90</ItemPrice>
      <UnitOfMeasurePrice>7.3800</UnitOfMeasurePrice>
      <AllowDiscount>1</AllowDiscount>
      <ItemStatus>1</ItemStatus>
      <ItemId>82903</ItemId>
    </Item>
    <Item>
      <PriceUpdateDate>2024-11-03 14:19:37</PriceUpdateDate>
      <ItemCode>7290115110203</ItemCode>
      <ItemType>1</ItemType>
      <ItemName>נקניקיות פרנקפורטר ע</ItemName>
      <ManufacturerName>,</ManufacturerName>
      <ManufactureCountry>לא ידוע</ManufactureCountry>
      <ManufacturerItemDescription>נקניקיות פרנקפורטר עבה בוואקום 500 גר</ManufacturerItemDescription>
      <UnitQty>גרמים</UnitQty>
      <Quantity>500.00</Quantity>
      <UnitOfMeasure>100 גרם</UnitOfMeasure>
      <bIsWeighted>0</bIsWeighted>
      <QtyInPackage>1</QtyInPackage>
      <ItemPrice>36.90</ItemPrice>
      <UnitOfMeasurePrice>7.3800</UnitOfMeasurePrice>
      <AllowDiscount>1</AllowDiscount>
      <ItemStatus>1</ItemStatus>
      <ItemId>82904</ItemId>
    </Item>
    <Item>
      <PriceUpdateDate>2024-11-03 14:19:37</PriceUpdateDate>
      <ItemCode>7290115113587</ItemCode>
      <ItemType>1</ItemType>
      <ItemName>נקניקיות סוצי בוואקו</ItemName>
      <ManufacturerName>,</ManufacturerName>
      <ManufactureCountry>לא ידוע</ManufactureCountry>
      <ManufacturerItemDescription>נקניקיות סוצי בוואקום 500 גר</ManufacturerItemDescription>
      <UnitQty>גרמים</UnitQty>
      <Quantity>500.00</Quantity>
      <UnitOfMeasure>100 גרם</UnitOfMeasure>
      <bIsWeighted>0</bIsWeighted>
      <QtyInPackage>1</QtyInPackage>
      <ItemPrice>44.90</ItemPrice>
      <UnitOfMeasurePrice>8.9800</UnitOfMeasurePrice>
      <AllowDiscount>1</AllowDiscount>
      <ItemStatus>1</ItemStatus>
      <ItemId>82905</ItemId>
    </Item>
    <Item>
      <PriceUpdateDate>2023-12-31 12:51:46</PriceUpdateDate>
      <ItemCode>7290108509755</ItemCode>
      <ItemType>1</ItemType>
      <ItemName>גבינת חלומי 23% 250</ItemName>
      <ManufacturerName>,</ManufacturerName>
      <ManufactureCountry>לא ידוע</ManufactureCountry>
      <ManufacturerItemDescription>גבינת חלומי 23% 250 גר</ManufacturerItemDescription>
      <UnitQty>גרמים</UnitQty>
      <Quantity>250.00</Quantity>
      <UnitOfMeasure>100 גרם</UnitOfMeasure>
      <bIsWeighted>0</bIsWeighted>
      <QtyInPackage>1</QtyInPackage>
      <ItemPrice>21.90</ItemPrice>
      <UnitOfMeasurePrice>8.7600</UnitOfMeasurePrice>
      <AllowDiscount>1</AllowDiscount>
      <ItemStatus>1</ItemStatus>
      <ItemId>82999</ItemId>
    </Item>
    <Item>
      <PriceUpdateDate>2024-02-26 09:06:31</PriceUpdateDate>
      <ItemCode>9002975393843</ItemCode>
      <ItemType>1</ItemType>
      <ItemName>הריבו גולדברס 70 גר</ItemName>
      <ManufacturerName>,</ManufacturerName>
      <ManufactureCountry>לא ידוע</ManufactureCountry>
      <ManufacturerItemDescription>הריבו גולדברס 70 גר</ManufacturerItemDescription>
      <UnitQty>גרמים</UnitQty>
      <Quantity>70.00</Quantity>
      <UnitOfMeasure>100 גרם</UnitOfMeasure>
      <bIsWeighted>0</bIsWeighted>
      <QtyInPackage>1</QtyInPackage>
      <ItemPrice>8.90</ItemPrice>
      <UnitOfMeasurePrice>12.7143</UnitOfMeasurePrice>
      <AllowDiscount>1</AllowDiscount>
      <ItemStatus>1</ItemStatus>
      <ItemId>83015</ItemId>
    </Item>
    <Item>
      <PriceUpdateDate>2024-02-26 09:06:31</PriceUpdateDate>
      <ItemCode>9002975393836</ItemCode>
      <ItemType>1</ItemType>
      <ItemName>הריבו האפי קולה 70 ג</ItemName>
      <ManufacturerName>,</ManufacturerName>
      <ManufactureCountry>לא ידוע</ManufactureCountry>
      <ManufacturerItemDescription>הריבו האפי קולה 70 גר</ManufacturerItemDescription>
      <UnitQty>גרמים</UnitQty>
      <Quantity>70.00</Quantity>
      <UnitOfMeasure>100 גרם</UnitOfMeasure>
      <bIsWeighted>0</bIsWeighted>
      <QtyInPackage>1</QtyInPackage>
      <ItemPrice>8.90</ItemPrice>
      <UnitOfMeasurePrice>12.7143</UnitOfMeasurePrice>
      <AllowDiscount>1</AllowDiscount>
      <ItemStatus>1</ItemStatus>
      <ItemId>83016</ItemId>
    </Item>
    <Item>
      <PriceUpdateDate>2024-02-26 09:06:31</PriceUpdateDate>
      <ItemCode>9002975393850</ItemCode>
      <ItemType>1</ItemType>
      <ItemName>הריבו וורמס 70 גר</ItemName>
      <ManufacturerName>,</ManufacturerName>
      <ManufactureCountry>לא ידוע</ManufactureCountry>
      <ManufacturerItemDescription>הריבו וורמס 70 גר</ManufacturerItemDescription>
      <UnitQty>גרמים</UnitQty>
      <Quantity>70.00</Quantity>
      <UnitOfMeasure>100 גרם</UnitOfMeasure>
      <bIsWeighted>0</bIsWeighted>
      <QtyInPackage>1</QtyInPackage>
      <ItemPrice>8.90</ItemPrice>
      <UnitOfMeasurePrice>12.7143</UnitOfMeasurePrice>
      <AllowDiscount>1</AllowDiscount>
      <ItemStatus>1</ItemStatus>
      <ItemId>83017</ItemId>
    </Item>
    <Item>
      <PriceUpdateDate>2023-12-31 12:51:46</PriceUpdateDate>
      <ItemCode>813724023756</ItemCode>
      <ItemType>1</ItemType>
      <ItemName>ווטקינס וניל אפיה 59</ItemName>
      <ManufacturerName>,</ManufacturerName>
      <ManufactureCountry>לא ידוע</ManufactureCountry>
      <ManufacturerItemDescription>ווטקינס וניל אפיה 59 מל</ManufacturerItemDescription>
      <UnitQty>מיליליטרים</UnitQty>
      <Quantity>59.00</Quantity>
      <UnitOfMeasure>100 מ"ל</UnitOfMeasure>
      <bIsWeighted>0</bIsWeighted>
      <QtyInPackage>1</QtyInPackage>
      <ItemPrice>29.90</ItemPrice>
      <UnitOfMeasurePrice>50.6780</UnitOfMeasurePrice>
      <AllowDiscount>1</AllowDiscount>
      <ItemStatus>1</ItemStatus>
      <ItemId>83018</ItemId>
    </Item>
    <Item>
      <PriceUpdateDate>2024-11-03 13:30:30</PriceUpdateDate>
      <ItemCode>4810168059897</ItemCode>
      <ItemType>1</ItemType>
      <ItemName>חתיכות פילה דג הרינג</ItemName>
      <ManufacturerName>,</ManufacturerName>
      <ManufactureCountry>לא ידוע</ManufactureCountry>
      <ManufacturerItemDescription>חתיכות פילה דג הרינג מומלח בשמן 290 גר</ManufacturerItemDescription>
      <UnitQty>גרמים</UnitQty>
      <Quantity>290.00</Quantity>
      <UnitOfMeasure>100 גרם</UnitOfMeasure>
      <bIsWeighted>0</bIsWeighted>
      <QtyInPackage>1</QtyInPackage>
      <ItemPrice>21.90</ItemPrice>
      <UnitOfMeasurePrice>7.5517</UnitOfMeasurePrice>
      <AllowDiscount>1</AllowDiscount>
      <ItemStatus>1</ItemStatus>
      <ItemId>83113</ItemId>
    </Item>
    <Item>
      <PriceUpdateDate>2024-11-03 13:30:30</PriceUpdateDate>
      <ItemCode>4810168062002</ItemCode>
      <ItemType>1</ItemType>
      <ItemName>חתיכות פילה הרינג מו</ItemName>
      <ManufacturerName>,</ManufacturerName>
      <ManufactureCountry>לא ידוע</ManufactureCountry>
      <ManufacturerItemDescription>חתיכות פילה הרינג מומלח עם תבלין 290 גר</ManufacturerItemDescription>
      <UnitQty>גרמים</UnitQty>
      <Quantity>290.00</Quantity>
      <UnitOfMeasure>100 גרם</UnitOfMeasure>
      <bIsWeighted>0</bIsWeighted>
      <QtyInPackage>1</QtyInPackage>
      <ItemPrice>21.90</ItemPrice>
      <UnitOfMeasurePrice>7.5517</UnitOfMeasurePrice>
      <AllowDiscount>1</AllowDiscount>
      <ItemStatus>1</ItemStatus>
      <ItemId>83115</ItemId>
    </Item>
    <Item>
      <PriceUpdateDate>2024-11-03 13:30:30</PriceUpdateDate>
      <ItemCode>4810168024031</ItemCode>
      <ItemType>1</ItemType>
      <ItemName>פילה דג הרינג מומלח</ItemName>
      <ManufacturerName>,</ManufacturerName>
      <ManufactureCountry>לא ידוע</ManufactureCountry>
      <ManufacturerItemDescription>פילה דג הרינג מומלח 300 גר</ManufacturerItemDescription>
      <UnitQty>גרמים</UnitQty>
      <Quantity>300.00</Quantity>
      <UnitOfMeasure>100 גרם</UnitOfMeasure>
      <bIsWeighted>0</bIsWeighted>
      <QtyInPackage>1</QtyInPackage>
      <ItemPrice>22.90</ItemPrice>
      <UnitOfMeasurePrice>7.6333</UnitOfMeasurePrice>
      <AllowDiscount>1</AllowDiscount>
      <ItemStatus>1</ItemStatus>
      <ItemId>83117</ItemId>
    </Item>
    <Item>
      <PriceUpdateDate>2024-11-03 13:30:30</PriceUpdateDate>
      <ItemCode>4810168061487</ItemCode>
      <ItemType>1</ItemType>
      <ItemName>פילה דג הרינג מומלח</ItemName>
      <ManufacturerName>,</ManufacturerName>
      <ManufactureCountry>לא ידוע</ManufactureCountry>
      <ManufacturerItemDescription>פילה דג הרינג מומלח בשמן 400 גר</ManufacturerItemDescription>
      <UnitQty>גרמים</UnitQty>
      <Quantity>400.00</Quantity>
      <UnitOfMeasure>100 גרם</UnitOfMeasure>
      <bIsWeighted>0</bIsWeighted>
      <QtyInPackage>1</QtyInPackage>
      <ItemPrice>19.90</ItemPrice>
      <UnitOfMeasurePrice>4.9750</UnitOfMeasurePrice>
      <AllowDiscount>1</AllowDiscount>
      <ItemStatus>1</ItemStatus>
      <ItemId>83125</ItemId>
    </Item>
    <Item>
      <PriceUpdateDate>2024-11-03 13:30:31</PriceUpdateDate>
      <ItemCode>4810168060190</ItemCode>
      <ItemType>1</ItemType>
      <ItemName>חתיכות פילה הרינג מו</ItemName>
      <ManufacturerName>,</ManufacturerName>
      <ManufactureCountry>לא ידוע</ManufactureCountry>
      <ManufacturerItemDescription>חתיכות פילה הרינג מומלח בשמן 150 גר</ManufacturerItemDescription>
      <UnitQty>גרמים</UnitQty>
      <Quantity>150.00</Quantity>
      <UnitOfMeasure>100 גרם</UnitOfMeasure>
      <bIsWeighted>0</bIsWeighted>
      <QtyInPackage>1</QtyInPackage>
      <ItemPrice>9.90</ItemPrice>
      <UnitOfMeasurePrice>6.6000</UnitOfMeasurePrice>
      <AllowDiscount>1</AllowDiscount>
      <ItemStatus>1</ItemStatus>
      <ItemId>83158</ItemId>
    </Item>
    <Item>
      <PriceUpdateDate>2023-12-31 12:51:47</PriceUpdateDate>
      <ItemCode>7290019635031</ItemCode>
      <ItemType>1</ItemType>
      <ItemName>בוראטה 125 גר</ItemName>
      <ManufacturerName>,</ManufacturerName>
      <ManufactureCountry>לא ידוע</ManufactureCountry>
      <ManufacturerItemDescription>בוראטה 125 גר</ManufacturerItemDescription>
      <UnitQty>גרמים</UnitQty>
      <Quantity>125.00</Quantity>
      <UnitOfMeasure>100 גרם</UnitOfMeasure>
      <bIsWeighted>0</bIsWeighted>
      <QtyInPackage>1</QtyInPackage>
      <ItemPrice>19.90</ItemPrice>
      <UnitOfMeasurePrice>15.9200</UnitOfMeasurePrice>
      <AllowDiscount>1</AllowDiscount>
      <ItemStatus>1</ItemStatus>
      <ItemId>83195</ItemId>
    </Item>
    <Item>
      <PriceUpdateDate>2023-12-31 12:51:47</PriceUpdateDate>
      <ItemCode>4606598016131</ItemCode>
      <ItemType>1</ItemType>
      <ItemName>מלח בסגנון אדיגי 110</ItemName>
      <ManufacturerName>,</ManufacturerName>
      <ManufactureCountry>לא ידוע</ManufactureCountry>
      <ManufacturerItemDescription>מלח בסגנון אדיגי 110 גר</ManufacturerItemDescription>
      <UnitQty>גרמים</UnitQty>
      <Quantity>110.00</Quantity>
      <UnitOfMeasure>100 גרם</UnitOfMeasure>
      <bIsWeighted>0</bIsWeighted>
      <QtyInPackage>1</QtyInPackage>
      <ItemPrice>9.90</ItemPrice>
      <UnitOfMeasurePrice>9.0000</UnitOfMeasurePrice>
      <AllowDiscount>1</AllowDiscount>
      <ItemStatus>1</ItemStatus>
      <ItemId>83289</ItemId>
    </Item>
    <Item>
      <PriceUpdateDate>2023-12-31 12:51:47</PriceUpdateDate>
      <ItemCode>4670033813425</ItemCode>
      <ItemType>1</ItemType>
      <ItemName>מלח מעושן 110 גר</ItemName>
      <ManufacturerName>,</ManufacturerName>
      <ManufactureCountry>לא ידוע</ManufactureCountry>
      <ManufacturerItemDescription>מלח מעושן 110 גר</ManufacturerItemDescription>
      <UnitQty>גרמים</UnitQty>
      <Quantity>110.00</Quantity>
      <UnitOfMeasure>100 גרם</UnitOfMeasure>
      <bIsWeighted>0</bIsWeighted>
      <QtyInPackage>1</QtyInPackage>
      <ItemPrice>9.90</ItemPrice>
      <UnitOfMeasurePrice>9.0000</UnitOfMeasurePrice>
      <AllowDiscount>1</AllowDiscount>
      <ItemStatus>1</ItemStatus>
      <ItemId>83291</ItemId>
    </Item>
    <Item>
      <PriceUpdateDate>2023-12-31 12:51:48</PriceUpdateDate>
      <ItemCode>3838471048842</ItemCode>
      <ItemType>1</ItemType>
      <ItemName>פטה ארגטה סרדינים ומ</ItemName>
      <ManufacturerName>,</ManufacturerName>
      <ManufactureCountry>לא ידוע</ManufactureCountry>
      <ManufacturerItemDescription>פטה ארגטה סרדינים ומקרל 95 גר</ManufacturerItemDescription>
      <UnitQty>גרמים</UnitQty>
      <Quantity>95.00</Quantity>
      <UnitOfMeasure>100 גרם</UnitOfMeasure>
      <bIsWeighted>0</bIsWeighted>
      <QtyInPackage>1</QtyInPackage>
      <ItemPrice>7.90</ItemPrice>
      <UnitOfMeasurePrice>8.3158</UnitOfMeasurePrice>
      <AllowDiscount>1</AllowDiscount>
      <ItemStatus>1</ItemStatus>
      <ItemId>83374</ItemId>
    </Item>
    <Item>
      <PriceUpdateDate>2023-12-31 12:51:48</PriceUpdateDate>
      <ItemCode>3838471048828</ItemCode>
      <ItemType>1</ItemType>
      <ItemName>פטה ארגטה סרדינים 95</ItemName>
      <ManufacturerName>,</ManufacturerName>
      <ManufactureCountry>לא ידוע</ManufactureCountry>
      <ManufacturerItemDescription>פטה ארגטה סרדינים 95 גר</ManufacturerItemDescription>
      <UnitQty>גרמים</UnitQty>
      <Quantity>95.00</Quantity>
      <UnitOfMeasure>100 גרם</UnitOfMeasure>
      <bIsWeighted>0</bIsWeighted>
      <QtyInPackage>1</QtyInPackage>
      <ItemPrice>7.90</ItemPrice>
      <UnitOfMeasurePrice>8.3158</UnitOfMeasurePrice>
      <AllowDiscount>1</AllowDiscount>
      <ItemStatus>1</ItemStatus>
      <ItemId>83375</ItemId>
    </Item>
    <Item>
      <PriceUpdateDate>2024-11-11 15:01:11</PriceUpdateDate>
      <ItemCode>4813538004268</ItemCode>
      <ItemType>1</ItemType>
      <ItemName>נקטר סוצני תפוזים 1.</ItemName>
      <ManufacturerName>OASIS GROUP</ManufacturerName>
      <ManufactureCountry>לא ידוע</ManufactureCountry>
      <ManufacturerItemDescription>נקטר סוצני תפוזים 1.95 ל</ManufacturerItemDescription>
      <UnitQty>ליטרים</UnitQty>
      <Quantity>1.95</Quantity>
      <UnitOfMeasure>ליטר    </UnitOfMeasure>
      <bIsWeighted>0</bIsWeighted>
      <QtyInPackage>1</QtyInPackage>
      <ItemPrice>22.90</ItemPrice>
      <UnitOfMeasurePrice>11.7436</UnitOfMeasurePrice>
      <AllowDiscount>1</AllowDiscount>
      <ItemStatus>1</ItemStatus>
      <ItemId>83379</ItemId>
    </Item>
    <Item>
      <PriceUpdateDate>2024-03-03 08:54:26</PriceUpdateDate>
      <ItemCode>8002793006605</ItemCode>
      <ItemType>1</ItemType>
      <ItemName>יין מבעבע פיציני לבן</ItemName>
      <ManufacturerName>,</ManufacturerName>
      <ManufactureCountry>לא ידוע</ManufactureCountry>
      <ManufacturerItemDescription>יין מבעבע פיציני לבן 750 מל</ManufacturerItemDescription>
      <UnitQty>מיליליטרים</UnitQty>
      <Quantity>750.00</Quantity>
      <UnitOfMeasure>100 מ"ל</UnitOfMeasure>
      <bIsWeighted>0</bIsWeighted>
      <QtyInPackage>1</QtyInPackage>
      <ItemPrice>49.90</ItemPrice>
      <UnitOfMeasurePrice>6.6533</UnitOfMeasurePrice>
      <AllowDiscount>1</AllowDiscount>
      <ItemStatus>1</ItemStatus>
      <ItemId>83576</ItemId>
    </Item>
    <Item>
      <PriceUpdateDate>2025-09-01 14:08:10</PriceUpdateDate>
      <ItemCode>4823006806522</ItemCode>
      <ItemType>1</ItemType>
      <ItemName>עגבניות ומלפפונים בת</ItemName>
      <ManufacturerName>,</ManufacturerName>
      <ManufactureCountry>לא ידוע</ManufactureCountry>
      <ManufacturerItemDescription>עגבניות ומלפפונים בתחמיץ 450 גר</ManufacturerItemDescription>
      <UnitQty>גרמים</UnitQty>
      <Quantity>450.00</Quantity>
      <UnitOfMeasure>100 גרם</UnitOfMeasure>
      <bIsWeighted>0</bIsWeighted>
      <QtyInPackage>1</QtyInPackage>
      <ItemPrice>18.90</ItemPrice>
      <UnitOfMeasurePrice>4.2000</UnitOfMeasurePrice>
      <AllowDiscount>1</AllowDiscount>
      <ItemStatus>1</ItemStatus>
      <ItemId>83598</ItemId>
    </Item>
    <Item>
      <PriceUpdateDate>2025-09-07 16:47:48</PriceUpdateDate>
      <ItemCode>4850004384547</ItemCode>
      <ItemType>1</ItemType>
      <ItemName>אסורטי פירות יבשים ו</ItemName>
      <ManufacturerName>,</ManufacturerName>
      <ManufactureCountry>לא ידוע</ManufactureCountry>
      <ManufacturerItemDescription>אסורטי פירות יבשים ואגוזים 270 גר</ManufacturerItemDescription>
      <UnitQty>גרמים</UnitQty>
      <Quantity>270.00</Quantity>
      <UnitOfMeasure>100 גרם</UnitOfMeasure>
      <bIsWeighted>0</bIsWeighted>
      <QtyInPackage>1</QtyInPackage>
      <ItemPrice>74.90</ItemPrice>
      <UnitOfMeasurePrice>27.7407</UnitOfMeasurePrice>
      <AllowDiscount>1</AllowDiscount>
      <ItemStatus>1</ItemStatus>
      <ItemId>83599</ItemId>
    </Item>
    <Item>
      <PriceUpdateDate>2025-01-07 18:46:01</PriceUpdateDate>
      <ItemCode>4770350023856</ItemCode>
      <ItemType>1</ItemType>
      <ItemName>פת פריכה כהה בטעם פט</ItemName>
      <ManufacturerName>,</ManufacturerName>
      <ManufactureCountry>לא ידוע</ManufactureCountry>
      <ManufacturerItemDescription>פת פריכה כהה בטעם פטריות 120 גר</ManufacturerItemDescription>
      <UnitQty>גרמים</UnitQty>
      <Quantity>120.00</Quantity>
      <UnitOfMeasure>100 גרם</UnitOfMeasure>
      <bIsWeighted>0</bIsWeighted>
      <QtyInPackage>21</QtyInPackage>
      <ItemPrice>10.90</ItemPrice>
      <UnitOfMeasurePrice>9.0833</UnitOfMeasurePrice>
      <AllowDiscount>1</AllowDiscount>
      <ItemStatus>1</ItemStatus>
      <ItemId>83613</ItemId>
    </Item>
    <Item>
      <PriceUpdateDate>2025-02-02 07:39:57</PriceUpdateDate>
      <ItemCode>16693</ItemCode>
      <ItemType>0</ItemType>
      <ItemName>בקר בנוסח סצואן ארוז</ItemName>
      <ManufacturerName>,</ManufacturerName>
      <ManufactureCountry>לא ידוע</ManufactureCountry>
      <ManufacturerItemDescription>בקר בנוסח סצואן ארוז</ManufacturerItemDescription>
      <UnitQty>קילוגרמים</UnitQty>
      <Quantity>1.00</Quantity>
      <UnitOfMeasure>ק"ג</UnitOfMeasure>
      <bIsWeighted>1</bIsWeighted>
      <QtyInPackage>לא ידוע</QtyInPackage>
      <ItemPrice>129.00</ItemPrice>
      <UnitOfMeasurePrice>129.0000</UnitOfMeasurePrice>
      <AllowDiscount>1</AllowDiscount>
      <ItemStatus>1</ItemStatus>
      <ItemId>83622</ItemId>
    </Item>
    <Item>
      <PriceUpdateDate>2024-09-02 11:09:08</PriceUpdateDate>
      <ItemCode>16695</ItemCode>
      <ItemType>0</ItemType>
      <ItemName>צלי בקר ביין ארוז</ItemName>
      <ManufacturerName>,</ManufacturerName>
      <ManufactureCountry>לא ידוע</ManufactureCountry>
      <ManufacturerItemDescription>צלי בקר ביין ארוז</ManufacturerItemDescription>
      <UnitQty>קילוגרמים</UnitQty>
      <Quantity>1.00</Quantity>
      <UnitOfMeasure>ק"ג</UnitOfMeasure>
      <bIsWeighted>1</bIsWeighted>
      <QtyInPackage>לא ידוע</QtyInPackage>
      <ItemPrice>149.00</ItemPrice>
      <UnitOfMeasurePrice>149.0000</UnitOfMeasurePrice>
      <AllowDiscount>1</AllowDiscount>
      <ItemStatus>1</ItemStatus>
      <ItemId>83624</ItemId>
    </Item>
    <Item>
      <PriceUpdateDate>2024-09-02 11:09:08</PriceUpdateDate>
      <ItemCode>16696</ItemCode>
      <ItemType>0</ItemType>
      <ItemName>לשון עגל עם פטריות א</ItemName>
      <ManufacturerName>,</ManufacturerName>
      <ManufactureCountry>לא ידוע</ManufactureCountry>
      <ManufacturerItemDescription>לשון עגל עם פטריות ארוז</ManufacturerItemDescription>
      <UnitQty>קילוגרמים</UnitQty>
      <Quantity>1.00</Quantity>
      <UnitOfMeasure>ק"ג</UnitOfMeasure>
      <bIsWeighted>1</bIsWeighted>
      <QtyInPackage>לא ידוע</QtyInPackage>
      <ItemPrice>129.00</ItemPrice>
      <UnitOfMeasurePrice>129.0000</UnitOfMeasurePrice>
      <AllowDiscount>1</AllowDiscount>
      <ItemStatus>1</ItemStatus>
      <ItemId>83625</ItemId>
    </Item>
    <Item>
      <PriceUpdateDate>2023-12-31 12:51:50</PriceUpdateDate>
      <ItemCode>16697</ItemCode>
      <ItemType>0</ItemType>
      <ItemName>קציצות עוף מטוגנות א</ItemName>
      <ManufacturerName>,</ManufacturerName>
      <ManufactureCountry>לא ידוע</ManufactureCountry>
      <ManufacturerItemDescription>קציצות עוף מטוגנות ארוז</ManufacturerItemDescription>
      <UnitQty>קילוגרמים</UnitQty>
      <Quantity>1.00</Quantity>
      <UnitOfMeasure>ק"ג</UnitOfMeasure>
      <bIsWeighted>1</bIsWeighted>
      <QtyInPackage>לא ידוע</QtyInPackage>
      <ItemPrice>89.00</ItemPrice>
      <UnitOfMeasurePrice>89.0000</UnitOfMeasurePrice>
      <AllowDiscount>1</AllowDiscount>
      <ItemStatus>1</ItemStatus>
      <ItemId>83626</ItemId>
    </Item>
    <Item>
      <PriceUpdateDate>2025-02-02 07:39:57</PriceUpdateDate>
      <ItemCode>16698</ItemCode>
      <ItemType>0</ItemType>
      <ItemName>כרוב ממולא ארוז</ItemName>
      <ManufacturerName>,</ManufacturerName>
      <ManufactureCountry>לא ידוע</ManufactureCountry>
      <ManufacturerItemDescription>כרוב ממולא ארוז</ManufacturerItemDescription>
      <UnitQty>קילוגרמים</UnitQty>
      <Quantity>1.00</Quantity>
      <UnitOfMeasure>ק"ג</UnitOfMeasure>
      <bIsWeighted>1</bIsWeighted>
      <QtyInPackage>לא ידוע</QtyInPackage>
      <ItemPrice>79.00</ItemPrice>
      <UnitOfMeasurePrice>79.0000</UnitOfMeasurePrice>
      <AllowDiscount>1</AllowDiscount>
      <ItemStatus>1</ItemStatus>
      <ItemId>83627</ItemId>
    </Item>
    <Item>
      <PriceUpdateDate>2025-01-13 08:35:09</PriceUpdateDate>
      <ItemCode>8720182557452</ItemCode>
      <ItemType>1</ItemType>
      <ItemName>חרדל גרגירים 360 גר</ItemName>
      <ManufacturerName>,</ManufacturerName>
      <ManufactureCountry>לא ידוע</ManufactureCountry>
      <ManufacturerItemDescription>חרדל גרגירים 360 גר</ManufacturerItemDescription>
      <UnitQty>גרמים</UnitQty>
      <Quantity>360.00</Quantity>
      <UnitOfMeasure>100 גרם</UnitOfMeasure>
      <bIsWeighted>0</bIsWeighted>
      <QtyInPackage>1</QtyInPackage>
      <ItemPrice>26.90</ItemPrice>
      <UnitOfMeasurePrice>7.4722</UnitOfMeasurePrice>
      <AllowDiscount>1</AllowDiscount>
      <ItemStatus>1</ItemStatus>
      <ItemId>83801</ItemId>
    </Item>
    <Item>
      <PriceUpdateDate>2025-01-13 08:35:09</PriceUpdateDate>
      <ItemCode>8720182556738</ItemCode>
      <ItemType>1</ItemType>
      <ItemName>חרדל דיזון 360 גר</ItemName>
      <ManufacturerName>,</ManufacturerName>
      <ManufactureCountry>לא ידוע</ManufactureCountry>
      <ManufacturerItemDescription>חרדל דיזון 360 גר</ManufacturerItemDescription>
      <UnitQty>גרמים</UnitQty>
      <Quantity>360.00</Quantity>
      <UnitOfMeasure>100 גרם</UnitOfMeasure>
      <bIsWeighted>0</bIsWeighted>
      <QtyInPackage>1</QtyInPackage>
      <ItemPrice>21.90</ItemPrice>
      <UnitOfMeasurePrice>6.0833</UnitOfMeasurePrice>
      <AllowDiscount>1</AllowDiscount>
      <ItemStatus>1</ItemStatus>
      <ItemId>83802</ItemId>
    </Item>
    <Item>
      <PriceUpdateDate>2023-12-31 12:51:51</PriceUpdateDate>
      <ItemCode>4005686001095</ItemCode>
      <ItemType>1</ItemType>
      <ItemName>בירה חופברוי אוריגינ</ItemName>
      <ManufacturerName>,</ManufacturerName>
      <ManufactureCountry>לא ידוע</ManufactureCountry>
      <ManufacturerItemDescription>בירה חופברוי אוריגינל 500 מל</ManufacturerItemDescription>
      <UnitQty>מיליליטרים</UnitQty>
      <Quantity>500.00</Quantity>
      <UnitOfMeasure>100 מ"ל</UnitOfMeasure>
      <bIsWeighted>0</bIsWeighted>
      <QtyInPackage>1</QtyInPackage>
      <ItemPrice>13.90</ItemPrice>
      <UnitOfMeasurePrice>2.7800</UnitOfMeasurePrice>
      <AllowDiscount>1</AllowDiscount>
      <ItemStatus>1</ItemStatus>
      <ItemId>83817</ItemId>
    </Item>
    <Item>
      <PriceUpdateDate>2024-11-03 14:19:37</PriceUpdateDate>
      <ItemCode>7290115110647</ItemCode>
      <ItemType>0</ItemType>
      <ItemName>פריזר ילדים 400 גר</ItemName>
      <ManufacturerName>זילבר תעשיות מוצרי ב</ManufacturerName>
      <ManufactureCountry>לא ידוע</ManufactureCountry>
      <ManufacturerItemDescription>פריזר ילדים 400 גר</ManufacturerItemDescription>
      <UnitQty>גרמים</UnitQty>
      <Quantity>400.00</Quantity>
      <UnitOfMeasure>100 גרם</UnitOfMeasure>
      <bIsWeighted>0</bIsWeighted>
      <QtyInPackage>לא ידוע</QtyInPackage>
      <ItemPrice>34.90</ItemPrice>
      <UnitOfMeasurePrice>8.7250</UnitOfMeasurePrice>
      <AllowDiscount>1</AllowDiscount>
      <ItemStatus>1</ItemStatus>
      <ItemId>83829</ItemId>
    </Item>
    <Item>
      <PriceUpdateDate>2025-04-14 13:00:32</PriceUpdateDate>
      <ItemCode>4860009312735</ItemCode>
      <ItemType>1</ItemType>
      <ItemName>נקטר דלעת 1 ל</ItemName>
      <ManufacturerName>,</ManufacturerName>
      <ManufactureCountry>לא ידוע</ManufactureCountry>
      <ManufacturerItemDescription>נקטר דלעת 1 ל</ManufacturerItemDescription>
      <UnitQty>ליטרים</UnitQty>
      <Quantity>1.00</Quantity>
      <UnitOfMeasure>ליטר    </UnitOfMeasure>
      <bIsWeighted>0</bIsWeighted>
      <QtyInPackage>1</QtyInPackage>
      <ItemPrice>16.90</ItemPrice>
      <UnitOfMeasurePrice>16.9000</UnitOfMeasurePrice>
      <AllowDiscount>1</AllowDiscount>
      <ItemStatus>1</ItemStatus>
      <ItemId>83871</ItemId>
    </Item>
    <Item>
      <PriceUpdateDate>2023-12-31 12:51:52</PriceUpdateDate>
      <ItemCode>4860009121245</ItemCode>
      <ItemType>1</ItemType>
      <ItemName>מיץ עגבניות 100% 750</ItemName>
      <ManufacturerName>,</ManufacturerName>
      <ManufactureCountry>לא ידוע</ManufactureCountry>
      <ManufacturerItemDescription>מיץ עגבניות 100% 750 מל</ManufacturerItemDescription>
      <UnitQty>מיליליטרים</UnitQty>
      <Quantity>750.00</Quantity>
      <UnitOfMeasure>100 מ"ל</UnitOfMeasure>
      <bIsWeighted>0</bIsWeighted>
      <QtyInPackage>1</QtyInPackage>
      <ItemPrice>15.90</ItemPrice>
      <UnitOfMeasurePrice>2.1200</UnitOfMeasurePrice>
      <AllowDiscount>1</AllowDiscount>
      <ItemStatus>1</ItemStatus>
      <ItemId>83886</ItemId>
    </Item>
    <Item>
      <PriceUpdateDate>2023-12-31 12:51:52</PriceUpdateDate>
      <ItemCode>4860009121184</ItemCode>
      <ItemType>1</ItemType>
      <ItemName>מיץ תפוזים 100% 750</ItemName>
      <ManufacturerName>,</ManufacturerName>
      <ManufactureCountry>לא ידוע</ManufactureCountry>
      <ManufacturerItemDescription>מיץ תפוזים 100% 750 מל</ManufacturerItemDescription>
      <UnitQty>מיליליטרים</UnitQty>
      <Quantity>750.00</Quantity>
      <UnitOfMeasure>100 מ"ל</UnitOfMeasure>
      <bIsWeighted>0</bIsWeighted>
      <QtyInPackage>1</QtyInPackage>
      <ItemPrice>15.90</ItemPrice>
      <UnitOfMeasurePrice>2.1200</UnitOfMeasurePrice>
      <AllowDiscount>1</AllowDiscount>
      <ItemStatus>1</ItemStatus>
      <ItemId>83888</ItemId>
    </Item>
    <Item>
      <PriceUpdateDate>2025-03-06 18:27:26</PriceUpdateDate>
      <ItemCode>4823097814086</ItemCode>
      <ItemType>1</ItemType>
      <ItemName>גלידת שמנת אסקימוס ש</ItemName>
      <ManufacturerName>ז'יטומרסקי זאבוד</ManufacturerName>
      <ManufactureCountry>לא ידוע</ManufactureCountry>
      <ManufacturerItemDescription>גלידת שמנת אסקימוס שלגון עגול וניל 70 גר</ManufacturerItemDescription>
      <UnitQty>גרמים</UnitQty>
      <Quantity>70.00</Quantity>
      <UnitOfMeasure>100 גרם</UnitOfMeasure>
      <bIsWeighted>0</bIsWeighted>
      <QtyInPackage>1</QtyInPackage>
      <ItemPrice>6.90</ItemPrice>
      <UnitOfMeasurePrice>9.8571</UnitOfMeasurePrice>
      <AllowDiscount>1</AllowDiscount>
      <ItemStatus>1</ItemStatus>
      <ItemId>83889</ItemId>
    </Item>
    <Item>
      <PriceUpdateDate>2025-03-06 18:27:26</PriceUpdateDate>
      <ItemCode>4823097814093</ItemCode>
      <ItemType>1</ItemType>
      <ItemName>גלידת שמנת אסקימוס ש</ItemName>
      <ManufacturerName>ז'יטומרסקי זאבוד</ManufacturerName>
      <ManufactureCountry>לא ידוע</ManufactureCountry>
      <ManufacturerItemDescription>גלידת שמנת אסקימוס שלגון עגול שוקולד 70</ManufacturerItemDescription>
      <UnitQty>גרמים</UnitQty>
      <Quantity>70.00</Quantity>
      <UnitOfMeasure>100 גרם</UnitOfMeasure>
      <bIsWeighted>0</bIsWeighted>
      <QtyInPackage>1</QtyInPackage>
      <ItemPrice>6.90</ItemPrice>
      <UnitOfMeasurePrice>9.8571</UnitOfMeasurePrice>
      <AllowDiscount>1</AllowDiscount>
      <ItemStatus>1</ItemStatus>
      <ItemId>83890</ItemId>
    </Item>
    <Item>
      <PriceUpdateDate>2024-05-28 08:59:08</PriceUpdateDate>
      <ItemCode>4740036011606</ItemCode>
      <ItemType>1</ItemType>
      <ItemName>חמאה ללא לקטוז 200 ג</ItemName>
      <ManufacturerName>,</ManufacturerName>
      <ManufactureCountry>לא ידוע</ManufactureCountry>
      <ManufacturerItemDescription>חמאה ללא לקטוז 200 גר</ManufacturerItemDescription>
      <UnitQty>גרמים</UnitQty>
      <Quantity>200.00</Quantity>
      <UnitOfMeasure>100 גרם</UnitOfMeasure>
      <bIsWeighted>0</bIsWeighted>
      <QtyInPackage>1</QtyInPackage>
      <ItemPrice>17.90</ItemPrice>
      <UnitOfMeasurePrice>8.9500</UnitOfMeasurePrice>
      <AllowDiscount>1</AllowDiscount>
      <ItemStatus>1</ItemStatus>
      <ItemId>83905</ItemId>
    </Item>
    <Item>
      <PriceUpdateDate>2023-12-31 12:51:52</PriceUpdateDate>
      <ItemCode>4605246017865</ItemCode>
      <ItemType>1</ItemType>
      <ItemName>חליטת תה לימון גינגר</ItemName>
      <ManufacturerName>,</ManufacturerName>
      <ManufactureCountry>לא ידוע</ManufactureCountry>
      <ManufacturerItemDescription>חליטת תה לימון גינגר גרינפילד נטורל 40 ג</ManufacturerItemDescription>
      <UnitQty>גרמים</UnitQty>
      <Quantity>40.00</Quantity>
      <UnitOfMeasure>100 גרם</UnitOfMeasure>
      <bIsWeighted>0</bIsWeighted>
      <QtyInPackage>1</QtyInPackage>
      <ItemPrice>11.90</ItemPrice>
      <UnitOfMeasurePrice>29.7500</UnitOfMeasurePrice>
      <AllowDiscount>1</AllowDiscount>
      <ItemStatus>1</ItemStatus>
      <ItemId>84007</ItemId>
    </Item>
    <Item>
      <PriceUpdateDate>2025-03-11 17:33:26</PriceUpdateDate>
      <ItemCode>3296180000160</ItemCode>
      <ItemType>1</ItemType>
      <ItemName>פרין קוט דו רון רזרב</ItemName>
      <ManufacturerName>,</ManufacturerName>
      <ManufactureCountry>לא ידוע</ManufactureCountry>
      <ManufacturerItemDescription>פרין קוט דו רון רזרב אדום 750 מל</ManufacturerItemDescription>
      <UnitQty>מיליליטרים</UnitQty>
      <Quantity>750.00</Quantity>
      <UnitOfMeasure>100 מ"ל</UnitOfMeasure>
      <bIsWeighted>0</bIsWeighted>
      <QtyInPackage>1</QtyInPackage>
      <ItemPrice>69.90</ItemPrice>
      <UnitOfMeasurePrice>9.3200</UnitOfMeasurePrice>
      <AllowDiscount>1</AllowDiscount>
      <ItemStatus>1</ItemStatus>
      <ItemId>84020</ItemId>
    </Item>
    <Item>
      <PriceUpdateDate>2024-05-06 19:50:16</PriceUpdateDate>
      <ItemCode>7312220016277</ItemCode>
      <ItemType>1</ItemType>
      <ItemName>עוגיות דקות בטעם שקד</ItemName>
      <ManufacturerName>,</ManufacturerName>
      <ManufactureCountry>לא ידוע</ManufactureCountry>
      <ManufacturerItemDescription>עוגיות דקות בטעם שקדים 150 גר</ManufacturerItemDescription>
      <UnitQty>גרמים</UnitQty>
      <Quantity>150.00</Quantity>
      <UnitOfMeasure>100 גרם</UnitOfMeasure>
      <bIsWeighted>0</bIsWeighted>
      <QtyInPackage>1</QtyInPackage>
      <ItemPrice>14.90</ItemPrice>
      <UnitOfMeasurePrice>9.9333</UnitOfMeasurePrice>
      <AllowDiscount>1</AllowDiscount>
      <ItemStatus>1</ItemStatus>
      <ItemId>84073</ItemId>
    </Item>
    <Item>
      <PriceUpdateDate>2024-05-06 19:50:16</PriceUpdateDate>
      <ItemCode>7312220035735</ItemCode>
      <ItemType>1</ItemType>
      <ItemName>עוגיות דקות בטעם תפו</ItemName>
      <ManufacturerName>,</ManufacturerName>
      <ManufactureCountry>לא ידוע</ManufactureCountry>
      <ManufacturerItemDescription>עוגיות דקות בטעם תפוז 150 גר</ManufacturerItemDescription>
      <UnitQty>גרמים</UnitQty>
      <Quantity>150.00</Quantity>
      <UnitOfMeasure>100 גרם</UnitOfMeasure>
      <bIsWeighted>0</bIsWeighted>
      <QtyInPackage>1</QtyInPackage>
      <ItemPrice>14.90</ItemPrice>
      <UnitOfMeasurePrice>9.9333</UnitOfMeasurePrice>
      <AllowDiscount>1</AllowDiscount>
      <ItemStatus>1</ItemStatus>
      <ItemId>84074</ItemId>
    </Item>
    <Item>
      <PriceUpdateDate>2024-05-06 19:50:16</PriceUpdateDate>
      <ItemCode>7312220023398</ItemCode>
      <ItemType>1</ItemType>
      <ItemName>עוגיות דקות בטעם קפו</ItemName>
      <ManufacturerName>,</ManufacturerName>
      <ManufactureCountry>לא ידוע</ManufactureCountry>
      <ManufacturerItemDescription>עוגיות דקות בטעם קפוצינו 150 גר</ManufacturerItemDescription>
      <UnitQty>גרמים</UnitQty>
      <Quantity>150.00</Quantity>
      <UnitOfMeasure>100 גרם</UnitOfMeasure>
      <bIsWeighted>0</bIsWeighted>
      <QtyInPackage>1</QtyInPackage>
      <ItemPrice>14.90</ItemPrice>
      <UnitOfMeasurePrice>9.9333</UnitOfMeasurePrice>
      <AllowDiscount>1</AllowDiscount>
      <ItemStatus>1</ItemStatus>
      <ItemId>84076</ItemId>
    </Item>
    <Item>
      <PriceUpdateDate>2023-12-31 12:51:53</PriceUpdateDate>
      <ItemCode>6903478120055</ItemCode>
      <ItemType>1</ItemType>
      <ItemName>פטריות שיטאקי שלמות</ItemName>
      <ManufacturerName>,</ManufacturerName>
      <ManufactureCountry>לא ידוע</ManufactureCountry>
      <ManufacturerItemDescription>פטריות שיטאקי שלמות מוחמצות 530 גר</ManufacturerItemDescription>
      <UnitQty>גרמים</UnitQty>
      <Quantity>530.00</Quantity>
      <UnitOfMeasure>100 גרם</UnitOfMeasure>
      <bIsWeighted>0</bIsWeighted>
      <QtyInPackage>1</QtyInPackage>
      <ItemPrice>14.90</ItemPrice>
      <UnitOfMeasurePrice>2.8113</UnitOfMeasurePrice>
      <AllowDiscount>1</AllowDiscount>
      <ItemStatus>1</ItemStatus>
      <ItemId>84118</ItemId>
    </Item>
    <Item>
      <PriceUpdateDate>2023-12-31 12:51:53</PriceUpdateDate>
      <ItemCode>6903478120031</ItemCode>
      <ItemType>1</ItemType>
      <ItemName>פטריות אוייסטר שלמות</ItemName>
      <ManufacturerName>,</ManufacturerName>
      <ManufactureCountry>לא ידוע</ManufactureCountry>
      <ManufacturerItemDescription>פטריות אוייסטר שלמות מוחמצות 530 גר</ManufacturerItemDescription>
      <UnitQty>גרמים</UnitQty>
      <Quantity>530.00</Quantity>
      <UnitOfMeasure>100 גרם</UnitOfMeasure>
      <bIsWeighted>0</bIsWeighted>
      <QtyInPackage>1</QtyInPackage>
      <ItemPrice>14.90</ItemPrice>
      <UnitOfMeasurePrice>2.8113</UnitOfMeasurePrice>
      <AllowDiscount>1</AllowDiscount>
      <ItemStatus>1</ItemStatus>
      <ItemId>84120</ItemId>
    </Item>
    <Item>
      <PriceUpdateDate>2023-12-31 12:51:53</PriceUpdateDate>
      <ItemCode>6903478120116</ItemCode>
      <ItemType>1</ItemType>
      <ItemName>פטריות אורנייה שלמות</ItemName>
      <ManufacturerName>,</ManufacturerName>
      <ManufactureCountry>לא ידוע</ManufactureCountry>
      <ManufacturerItemDescription>פטריות אורנייה שלמות במי מלח 530 גר</ManufacturerItemDescription>
      <UnitQty>גרמים</UnitQty>
      <Quantity>530.00</Quantity>
      <UnitOfMeasure>100 גרם</UnitOfMeasure>
      <bIsWeighted>0</bIsWeighted>
      <QtyInPackage>1</QtyInPackage>
      <ItemPrice>14.90</ItemPrice>
      <UnitOfMeasurePrice>2.8113</UnitOfMeasurePrice>
      <AllowDiscount>1</AllowDiscount>
      <ItemStatus>1</ItemStatus>
      <ItemId>84127</ItemId>
    </Item>
    <Item>
      <PriceUpdateDate>2025-03-23 13:08:52</PriceUpdateDate>
      <ItemCode>5413121361366</ItemCode>
      <ItemType>1</ItemType>
      <ItemName>שוקולד בלגי מריר 50%</ItemName>
      <ManufacturerName>BCG</ManufacturerName>
      <ManufactureCountry>לא ידוע</ManufactureCountry>
      <ManufacturerItemDescription>שוקולד בלגי מריר 50% בלגיאן 100 גר</ManufacturerItemDescription>
      <UnitQty>גרמים</UnitQty>
      <Quantity>100.00</Quantity>
      <UnitOfMeasure>100 גרם</UnitOfMeasure>
      <bIsWeighted>0</bIsWeighted>
      <QtyInPackage>1</QtyInPackage>
      <ItemPrice>17.90</ItemPrice>
      <UnitOfMeasurePrice>17.9000</UnitOfMeasurePrice>
      <AllowDiscount>1</AllowDiscount>
      <ItemStatus>1</ItemStatus>
      <ItemId>97437</ItemId>
    </Item>
    <Item>
      <PriceUpdateDate>2024-05-29 16:31:54</PriceUpdateDate>
      <ItemCode>7290110116248</ItemCode>
      <ItemType>1</ItemType>
      <ItemName>משקה על בסיס מים מינ</ItemName>
      <ManufacturerName>נביעות</ManufacturerName>
      <ManufactureCountry>לא ידוע</ManufactureCountry>
      <ManufacturerItemDescription>משקה על בסיס מים מינרליים נענע ליצי 500</ManufacturerItemDescription>
      <UnitQty>מיליליטרים</UnitQty>
      <Quantity>500.00</Quantity>
      <UnitOfMeasure>100 מ"ל</UnitOfMeasure>
      <bIsWeighted>0</bIsWeighted>
      <QtyInPackage>1</QtyInPackage>
      <ItemPrice>6.90</ItemPrice>
      <UnitOfMeasurePrice>1.3800</UnitOfMeasurePrice>
      <AllowDiscount>1</AllowDiscount>
      <ItemStatus>1</ItemStatus>
      <ItemId>84273</ItemId>
    </Item>
    <Item>
      <PriceUpdateDate>2023-12-31 12:51:55</PriceUpdateDate>
      <ItemCode>7393714645500</ItemCode>
      <ItemType>1</ItemType>
      <ItemName>גין קוקטייל קופרברג</ItemName>
      <ManufacturerName>,</ManufacturerName>
      <ManufactureCountry>לא ידוע</ManufactureCountry>
      <ManufacturerItemDescription>גין קוקטייל קופרברג מיקס פירות 250 מל</ManufacturerItemDescription>
      <UnitQty>מיליליטרים</UnitQty>
      <Quantity>250.00</Quantity>
      <UnitOfMeasure>100 מ"ל</UnitOfMeasure>
      <bIsWeighted>0</bIsWeighted>
      <QtyInPackage>1</QtyInPackage>
      <ItemPrice>11.90</ItemPrice>
      <UnitOfMeasurePrice>4.7600</UnitOfMeasurePrice>
      <AllowDiscount>1</AllowDiscount>
      <ItemStatus>1</ItemStatus>
      <ItemId>84363</ItemId>
    </Item>
    <Item>
      <PriceUpdateDate>2023-12-31 12:51:55</PriceUpdateDate>
      <ItemCode>7290001441213</ItemCode>
      <ItemType>1</ItemType>
      <ItemName>סולוגוני 400 גר</ItemName>
      <ManufacturerName>,</ManufacturerName>
      <ManufactureCountry>לא ידוע</ManufactureCountry>
      <ManufacturerItemDescription>סולוגוני 400 גר</ManufacturerItemDescription>
      <UnitQty>גרמים</UnitQty>
      <Quantity>400.00</Quantity>
      <UnitOfMeasure>100 גרם</UnitOfMeasure>
      <bIsWeighted>0</bIsWeighted>
      <QtyInPackage>1</QtyInPackage>
      <ItemPrice>29.90</ItemPrice>
      <UnitOfMeasurePrice>7.4750</UnitOfMeasurePrice>
      <AllowDiscount>1</AllowDiscount>
      <ItemStatus>1</ItemStatus>
      <ItemId>84366</ItemId>
    </Item>
    <Item>
      <PriceUpdateDate>2023-12-31 12:51:55</PriceUpdateDate>
      <ItemCode>4751004060625</ItemCode>
      <ItemType>1</ItemType>
      <ItemName>טבורוג 5% 275 גר</ItemName>
      <ManufacturerName>,</ManufacturerName>
      <ManufactureCountry>לא ידוע</ManufactureCountry>
      <ManufacturerItemDescription>טבורוג 5% 275 גר</ManufacturerItemDescription>
      <UnitQty>גרמים</UnitQty>
      <Quantity>275.00</Quantity>
      <UnitOfMeasure>100 גרם</UnitOfMeasure>
      <bIsWeighted>0</bIsWeighted>
      <QtyInPackage>1</QtyInPackage>
      <ItemPrice>12.90</ItemPrice>
      <UnitOfMeasurePrice>4.6909</UnitOfMeasurePrice>
      <AllowDiscount>1</AllowDiscount>
      <ItemStatus>1</ItemStatus>
      <ItemId>84367</ItemId>
    </Item>
    <Item>
      <PriceUpdateDate>2023-12-31 12:51:55</PriceUpdateDate>
      <ItemCode>5900820014537</ItemCode>
      <ItemType>1</ItemType>
      <ItemName>ממרח קרם גבינה 150 ג</ItemName>
      <ManufacturerName>,</ManufacturerName>
      <ManufactureCountry>לא ידוע</ManufactureCountry>
      <ManufacturerItemDescription>ממרח קרם גבינה 150 גר</ManufacturerItemDescription>
      <UnitQty>גרמים</UnitQty>
      <Quantity>150.00</Quantity>
      <UnitOfMeasure>100 גרם</UnitOfMeasure>
      <bIsWeighted>0</bIsWeighted>
      <QtyInPackage>1</QtyInPackage>
      <ItemPrice>14.90</ItemPrice>
      <UnitOfMeasurePrice>9.9333</UnitOfMeasurePrice>
      <AllowDiscount>1</AllowDiscount>
      <ItemStatus>1</ItemStatus>
      <ItemId>84373</ItemId>
    </Item>
    <Item>
      <PriceUpdateDate>2024-11-06 16:48:26</PriceUpdateDate>
      <ItemCode>4780032051015</ItemCode>
      <ItemType>1</ItemType>
      <ItemName>מיץ ויקו עגבניות 1 ל</ItemName>
      <ManufacturerName>,</ManufacturerName>
      <ManufactureCountry>לא ידוע</ManufactureCountry>
      <ManufacturerItemDescription>מיץ ויקו עגבניות 1 ל</ManufacturerItemDescription>
      <UnitQty>ליטרים</UnitQty>
      <Quantity>1.00</Quantity>
      <UnitOfMeasure>ליטר    </UnitOfMeasure>
      <bIsWeighted>0</bIsWeighted>
      <QtyInPackage>1</QtyInPackage>
      <ItemPrice>13.90</ItemPrice>
      <UnitOfMeasurePrice>13.9000</UnitOfMeasurePrice>
      <AllowDiscount>1</AllowDiscount>
      <ItemStatus>1</ItemStatus>
      <ItemId>84545</ItemId>
    </Item>
    <Item>
      <PriceUpdateDate>2024-11-06 16:48:27</PriceUpdateDate>
      <ItemCode>4780032052616</ItemCode>
      <ItemType>1</ItemType>
      <ItemName>נקטר ויקו פירות יער</ItemName>
      <ManufacturerName>,</ManufacturerName>
      <ManufactureCountry>לא ידוע</ManufactureCountry>
      <ManufacturerItemDescription>נקטר ויקו פירות יער ותפוע 1 ל</ManufacturerItemDescription>
      <UnitQty>ליטרים</UnitQty>
      <Quantity>1.00</Quantity>
      <UnitOfMeasure>ליטר    </UnitOfMeasure>
      <bIsWeighted>0</bIsWeighted>
      <QtyInPackage>1</QtyInPackage>
      <ItemPrice>13.90</ItemPrice>
      <UnitOfMeasurePrice>13.9000</UnitOfMeasurePrice>
      <AllowDiscount>1</AllowDiscount>
      <ItemStatus>1</ItemStatus>
      <ItemId>84548</ItemId>
    </Item>
    <Item>
      <PriceUpdateDate>2023-12-31 12:51:57</PriceUpdateDate>
      <ItemCode>7290018749609</ItemCode>
      <ItemType>1</ItemType>
      <ItemName>בלינצס במילוי גבינה</ItemName>
      <ManufacturerName>,</ManufacturerName>
      <ManufactureCountry>לא ידוע</ManufactureCountry>
      <ManufacturerItemDescription>בלינצס במילוי גבינה 400 גר</ManufacturerItemDescription>
      <UnitQty>גרמים</UnitQty>
      <Quantity>400.00</Quantity>
      <UnitOfMeasure>100 גרם</UnitOfMeasure>
      <bIsWeighted>0</bIsWeighted>
      <QtyInPackage>1</QtyInPackage>
      <ItemPrice>27.90</ItemPrice>
      <UnitOfMeasurePrice>6.9750</UnitOfMeasurePrice>
      <AllowDiscount>1</AllowDiscount>
      <ItemStatus>1</ItemStatus>
      <ItemId>84599</ItemId>
    </Item>
    <Item>
      <PriceUpdateDate>2024-06-07 08:33:46</PriceUpdateDate>
      <ItemCode>3451491750962</ItemCode>
      <ItemType>1</ItemType>
      <ItemName>יין שאבלי פטי 750 מל</ItemName>
      <ManufacturerName>,</ManufacturerName>
      <ManufactureCountry>לא ידוע</ManufactureCountry>
      <ManufacturerItemDescription>יין שאבלי פטי 750 מל</ManufacturerItemDescription>
      <UnitQty>מיליליטרים</UnitQty>
      <Quantity>750.00</Quantity>
      <UnitOfMeasure>100 מ"ל</UnitOfMeasure>
      <bIsWeighted>0</bIsWeighted>
      <QtyInPackage>1</QtyInPackage>
      <ItemPrice>94.90</ItemPrice>
      <UnitOfMeasurePrice>12.6533</UnitOfMeasurePrice>
      <AllowDiscount>1</AllowDiscount>
      <ItemStatus>1</ItemStatus>
      <ItemId>84611</ItemId>
    </Item>
    <Item>
      <PriceUpdateDate>2023-12-31 12:51:57</PriceUpdateDate>
      <ItemCode>4101940141641</ItemCode>
      <ItemType>1</ItemType>
      <ItemName>בירה סטאמגסט לאגר 5%</ItemName>
      <ManufacturerName>,</ManufacturerName>
      <ManufactureCountry>לא ידוע</ManufactureCountry>
      <ManufacturerItemDescription>בירה סטאמגסט לאגר 5% פח 500 מל</ManufacturerItemDescription>
      <UnitQty>מיליליטרים</UnitQty>
      <Quantity>500.00</Quantity>
      <UnitOfMeasure>100 מ"ל</UnitOfMeasure>
      <bIsWeighted>0</bIsWeighted>
      <QtyInPackage>24</QtyInPackage>
      <ItemPrice>8.90</ItemPrice>
      <UnitOfMeasurePrice>1.7800</UnitOfMeasurePrice>
      <AllowDiscount>1</AllowDiscount>
      <ItemStatus>1</ItemStatus>
      <ItemId>84622</ItemId>
    </Item>
    <Item>
      <PriceUpdateDate>2025-04-14 13:00:32</PriceUpdateDate>
      <ItemCode>4860009319161</ItemCode>
      <ItemType>1</ItemType>
      <ItemName>רוטב טקמלי פיקנטי 57</ItemName>
      <ManufacturerName>,</ManufacturerName>
      <ManufactureCountry>לא ידוע</ManufactureCountry>
      <ManufacturerItemDescription>רוטב טקמלי פיקנטי 570 גר</ManufacturerItemDescription>
      <UnitQty>גרמים</UnitQty>
      <Quantity>570.00</Quantity>
      <UnitOfMeasure>100 גרם</UnitOfMeasure>
      <bIsWeighted>0</bIsWeighted>
      <QtyInPackage>1</QtyInPackage>
      <ItemPrice>16.90</ItemPrice>
      <UnitOfMeasurePrice>2.9649</UnitOfMeasurePrice>
      <AllowDiscount>1</AllowDiscount>
      <ItemStatus>1</ItemStatus>
      <ItemId>84694</ItemId>
    </Item>
    <Item>
      <PriceUpdateDate>2023-12-31 12:51:58</PriceUpdateDate>
      <ItemCode>8412289003740</ItemCode>
      <ItemType>0</ItemType>
      <ItemName>טפאס פלטת גבינות ספר</ItemName>
      <ManufacturerName>,</ManufacturerName>
      <ManufactureCountry>לא ידוע</ManufactureCountry>
      <ManufacturerItemDescription>טפאס פלטת גבינות ספרדי 150 גר</ManufacturerItemDescription>
      <UnitQty>גרמים</UnitQty>
      <Quantity>150.00</Quantity>
      <UnitOfMeasure>100 גרם</UnitOfMeasure>
      <bIsWeighted>0</bIsWeighted>
      <QtyInPackage>לא ידוע</QtyInPackage>
      <ItemPrice>38.90</ItemPrice>
      <UnitOfMeasurePrice>25.9333</UnitOfMeasurePrice>
      <AllowDiscount>1</AllowDiscount>
      <ItemStatus>1</ItemStatus>
      <ItemId>84707</ItemId>
    </Item>
    <Item>
      <PriceUpdateDate>2023-12-31 12:51:58</PriceUpdateDate>
      <ItemCode>4607025283386</ItemCode>
      <ItemType>1</ItemType>
      <ItemName>קמח חיטה למאה 950 גר</ItemName>
      <ManufacturerName>,</ManufacturerName>
      <ManufactureCountry>לא ידוע</ManufactureCountry>
      <ManufacturerItemDescription>קמח חיטה למאה 950 גר</ManufacturerItemDescription>
      <UnitQty>גרמים</UnitQty>
      <Quantity>950.00</Quantity>
      <UnitOfMeasure>100 גרם</UnitOfMeasure>
      <bIsWeighted>0</bIsWeighted>
      <QtyInPackage>לא ידוע</QtyInPackage>
      <ItemPrice>9.90</ItemPrice>
      <UnitOfMeasurePrice>1.0421</UnitOfMeasurePrice>
      <AllowDiscount>1</AllowDiscount>
      <ItemStatus>1</ItemStatus>
      <ItemId>84819</ItemId>
    </Item>
    <Item>
      <PriceUpdateDate>2023-12-31 12:51:58</PriceUpdateDate>
      <ItemCode>4792252945159</ItemCode>
      <ItemType>1</ItemType>
      <ItemName>תה לבן ורד ואפרסק 10</ItemName>
      <ManufacturerName>,</ManufacturerName>
      <ManufactureCountry>לא ידוע</ManufactureCountry>
      <ManufacturerItemDescription>תה לבן ורד ואפרסק 100 גר</ManufacturerItemDescription>
      <UnitQty>גרמים</UnitQty>
      <Quantity>100.00</Quantity>
      <UnitOfMeasure>100 גרם</UnitOfMeasure>
      <bIsWeighted>0</bIsWeighted>
      <QtyInPackage>לא ידוע</QtyInPackage>
      <ItemPrice>22.90</ItemPrice>
      <UnitOfMeasurePrice>22.9000</UnitOfMeasurePrice>
      <AllowDiscount>1</AllowDiscount>
      <ItemStatus>1</ItemStatus>
      <ItemId>84830</ItemId>
    </Item>
    <Item>
      <PriceUpdateDate>2025-09-15 16:33:02</PriceUpdateDate>
      <ItemCode>4823097814062</ItemCode>
      <ItemType>1</ItemType>
      <ItemName>גלידת שמנת אסקימוס פ</ItemName>
      <ManufacturerName>,</ManufacturerName>
      <ManufactureCountry>לא ידוע</ManufactureCountry>
      <ManufacturerItemDescription>גלידת שמנת אסקימוס פיסטוק שוקולד לבן 75 גר</ManufacturerItemDescription>
      <UnitQty>גרמים</UnitQty>
      <Quantity>75.00</Quantity>
      <UnitOfMeasure>100 גרם</UnitOfMeasure>
      <bIsWeighted>0</bIsWeighted>
      <QtyInPackage>1</QtyInPackage>
      <ItemPrice>6.90</ItemPrice>
      <UnitOfMeasurePrice>9.2000</UnitOfMeasurePrice>
      <AllowDiscount>1</AllowDiscount>
      <ItemStatus>1</ItemStatus>
      <ItemId>84837</ItemId>
    </Item>
    <Item>
      <PriceUpdateDate>2025-03-06 18:27:26</PriceUpdateDate>
      <ItemCode>4820077161673</ItemCode>
      <ItemType>1</ItemType>
      <ItemName>גלידת שמנת סנדוויץ 8</ItemName>
      <ManufacturerName>,</ManufacturerName>
      <ManufactureCountry>לא ידוע</ManufactureCountry>
      <ManufacturerItemDescription>גלידת שמנת סנדוויץ 80 גר</ManufacturerItemDescription>
      <UnitQty>גרמים</UnitQty>
      <Quantity>80.00</Quantity>
      <UnitOfMeasure>100 גרם</UnitOfMeasure>
      <bIsWeighted>0</bIsWeighted>
      <QtyInPackage>1</QtyInPackage>
      <ItemPrice>8.90</ItemPrice>
      <UnitOfMeasurePrice>11.1250</UnitOfMeasurePrice>
      <AllowDiscount>1</AllowDiscount>
      <ItemStatus>1</ItemStatus>
      <ItemId>84840</ItemId>
    </Item>
    <Item>
      <PriceUpdateDate>2023-12-31 12:51:59</PriceUpdateDate>
      <ItemCode>5201955150030</ItemCode>
      <ItemType>1</ItemType>
      <ItemName>זיתים ירוקים עם אורג</ItemName>
      <ManufacturerName>,</ManufacturerName>
      <ManufactureCountry>לא ידוע</ManufactureCountry>
      <ManufacturerItemDescription>זיתים ירוקים עם אורגנו 150 גר</ManufacturerItemDescription>
      <UnitQty>גרמים</UnitQty>
      <Quantity>150.00</Quantity>
      <UnitOfMeasure>100 גרם</UnitOfMeasure>
      <bIsWeighted>0</bIsWeighted>
      <QtyInPackage>1</QtyInPackage>
      <ItemPrice>10.90</ItemPrice>
      <UnitOfMeasurePrice>7.2667</UnitOfMeasurePrice>
      <AllowDiscount>1</AllowDiscount>
      <ItemStatus>1</ItemStatus>
      <ItemId>84909</ItemId>
    </Item>
    <Item>
      <PriceUpdateDate>2023-12-31 12:51:59</PriceUpdateDate>
      <ItemCode>5201955150047</ItemCode>
      <ItemType>1</ItemType>
      <ItemName>זיתים ירוקים ושחורים</ItemName>
      <ManufacturerName>,</ManufacturerName>
      <ManufactureCountry>לא ידוע</ManufactureCountry>
      <ManufacturerItemDescription>זיתים ירוקים ושחורים עם פלפלים 150 גר</ManufacturerItemDescription>
      <UnitQty>גרמים</UnitQty>
      <Quantity>150.00</Quantity>
      <UnitOfMeasure>100 גרם</UnitOfMeasure>
      <bIsWeighted>0</bIsWeighted>
      <QtyInPackage>1</QtyInPackage>
      <ItemPrice>10.90</ItemPrice>
      <UnitOfMeasurePrice>7.2667</UnitOfMeasurePrice>
      <AllowDiscount>1</AllowDiscount>
      <ItemStatus>1</ItemStatus>
      <ItemId>84911</ItemId>
    </Item>
    <Item>
      <PriceUpdateDate>2023-12-31 12:51:59</PriceUpdateDate>
      <ItemCode>16701</ItemCode>
      <ItemType>0</ItemType>
      <ItemName>שרימפס ברוטב שמנת אר</ItemName>
      <ManufacturerName>,</ManufacturerName>
      <ManufactureCountry>לא ידוע</ManufactureCountry>
      <ManufacturerItemDescription>שרימפס ברוטב שמנת ארוז</ManufacturerItemDescription>
      <UnitQty>קילוגרמים</UnitQty>
      <Quantity>1.00</Quantity>
      <UnitOfMeasure>ק"ג</UnitOfMeasure>
      <bIsWeighted>1</bIsWeighted>
      <QtyInPackage>לא ידוע</QtyInPackage>
      <ItemPrice>159.00</ItemPrice>
      <UnitOfMeasurePrice>159.0000</UnitOfMeasurePrice>
      <AllowDiscount>1</AllowDiscount>
      <ItemStatus>1</ItemStatus>
      <ItemId>84948</ItemId>
    </Item>
    <Item>
      <PriceUpdateDate>2025-02-02 07:39:57</PriceUpdateDate>
      <ItemCode>16703</ItemCode>
      <ItemType>0</ItemType>
      <ItemName>רולדת סלמון ארוז</ItemName>
      <ManufacturerName>,</ManufacturerName>
      <ManufactureCountry>לא ידוע</ManufactureCountry>
      <ManufacturerItemDescription>רולדת סלמון ארוז</ManufacturerItemDescription>
      <UnitQty>קילוגרמים</UnitQty>
      <Quantity>1.00</Quantity>
      <UnitOfMeasure>ק"ג</UnitOfMeasure>
      <bIsWeighted>1</bIsWeighted>
      <QtyInPackage>לא ידוע</QtyInPackage>
      <ItemPrice>149.00</ItemPrice>
      <UnitOfMeasurePrice>149.0000</UnitOfMeasurePrice>
      <AllowDiscount>1</AllowDiscount>
      <ItemStatus>1</ItemStatus>
      <ItemId>84950</ItemId>
    </Item>
    <Item>
      <PriceUpdateDate>2023-12-31 12:51:59</PriceUpdateDate>
      <ItemCode>4740553692661</ItemCode>
      <ItemType>1</ItemType>
      <ItemName>ממרח ויאולה בטעם פרמ</ItemName>
      <ManufacturerName>,</ManufacturerName>
      <ManufactureCountry>לא ידוע</ManufactureCountry>
      <ManufacturerItemDescription>ממרח ויאולה בטעם פרמזן 185 גר</ManufacturerItemDescription>
      <UnitQty>גרמים</UnitQty>
      <Quantity>185.00</Quantity>
      <UnitOfMeasure>100 גרם</UnitOfMeasure>
      <bIsWeighted>0</bIsWeighted>
      <QtyInPackage>1</QtyInPackage>
      <ItemPrice>15.90</ItemPrice>
      <UnitOfMeasurePrice>8.5946</UnitOfMeasurePrice>
      <AllowDiscount>1</AllowDiscount>
      <ItemStatus>1</ItemStatus>
      <ItemId>84962</ItemId>
    </Item>
    <Item>
      <PriceUpdateDate>2023-12-31 12:51:59</PriceUpdateDate>
      <ItemCode>4740553692630</ItemCode>
      <ItemType>1</ItemType>
      <ItemName>ממרח ויאולה בטעם פטר</ItemName>
      <ManufacturerName>,</ManufacturerName>
      <ManufactureCountry>לא ידוע</ManufactureCountry>
      <ManufacturerItemDescription>ממרח ויאולה בטעם פטריות 185 גר</ManufacturerItemDescription>
      <UnitQty>גרמים</UnitQty>
      <Quantity>185.00</Quantity>
      <UnitOfMeasure>100 גרם</UnitOfMeasure>
      <bIsWeighted>0</bIsWeighted>
      <QtyInPackage>1</QtyInPackage>
      <ItemPrice>15.90</ItemPrice>
      <UnitOfMeasurePrice>8.5946</UnitOfMeasurePrice>
      <AllowDiscount>1</AllowDiscount>
      <ItemStatus>1</ItemStatus>
      <ItemId>84963</ItemId>
    </Item>
    <Item>
      <PriceUpdateDate>2023-12-31 12:51:59</PriceUpdateDate>
      <ItemCode>4602481802041</ItemCode>
      <ItemType>1</ItemType>
      <ItemName>אטריות כוסמת סובה 40</ItemName>
      <ManufacturerName>,</ManufacturerName>
      <ManufactureCountry>לא ידוע</ManufactureCountry>
      <ManufacturerItemDescription>אטריות כוסמת סובה 400 גר</ManufacturerItemDescription>
      <UnitQty>גרמים</UnitQty>
      <Quantity>400.00</Quantity>
      <UnitOfMeasure>100 גרם</UnitOfMeasure>
      <bIsWeighted>0</bIsWeighted>
      <QtyInPackage>1</QtyInPackage>
      <ItemPrice>8.90</ItemPrice>
      <UnitOfMeasurePrice>2.2250</UnitOfMeasurePrice>
      <AllowDiscount>1</AllowDiscount>
      <ItemStatus>1</ItemStatus>
      <ItemId>84968</ItemId>
    </Item>
    <Item>
      <PriceUpdateDate>2023-12-31 12:51:59</PriceUpdateDate>
      <ItemCode>850022601941</ItemCode>
      <ItemType>1</ItemType>
      <ItemName>מלפפון ועגבניות שרי</ItemName>
      <ManufacturerName>,</ManufacturerName>
      <ManufactureCountry>לא ידוע</ManufactureCountry>
      <ManufacturerItemDescription>מלפפון ועגבניות שרי מוחמצים 680 גר</ManufacturerItemDescription>
      <UnitQty>גרמים</UnitQty>
      <Quantity>680.00</Quantity>
      <UnitOfMeasure>100 גרם</UnitOfMeasure>
      <bIsWeighted>0</bIsWeighted>
      <QtyInPackage>1</QtyInPackage>
      <ItemPrice>11.90</ItemPrice>
      <UnitOfMeasurePrice>1.7500</UnitOfMeasurePrice>
      <AllowDiscount>1</AllowDiscount>
      <ItemStatus>1</ItemStatus>
      <ItemId>84973</ItemId>
    </Item>
    <Item>
      <PriceUpdateDate>2023-12-31 12:51:59</PriceUpdateDate>
      <ItemCode>850022601897</ItemCode>
      <ItemType>1</ItemType>
      <ItemName>מלפפונים שלמים מוחמצ</ItemName>
      <ManufacturerName>,</ManufacturerName>
      <ManufactureCountry>לא ידוע</ManufactureCountry>
      <ManufacturerItemDescription>מלפפונים שלמים מוחמצים 680 גר</ManufacturerItemDescription>
      <UnitQty>גרמים</UnitQty>
      <Quantity>680.00</Quantity>
      <UnitOfMeasure>100 גרם</UnitOfMeasure>
      <bIsWeighted>0</bIsWeighted>
      <QtyInPackage>1</QtyInPackage>
      <ItemPrice>11.90</ItemPrice>
      <UnitOfMeasurePrice>1.7500</UnitOfMeasurePrice>
      <AllowDiscount>1</AllowDiscount>
      <ItemStatus>1</ItemStatus>
      <ItemId>84975</ItemId>
    </Item>
    <Item>
      <PriceUpdateDate>2023-12-31 12:51:59</PriceUpdateDate>
      <ItemCode>850022601958</ItemCode>
      <ItemType>1</ItemType>
      <ItemName>עגבניות שלמות מוחמצו</ItemName>
      <ManufacturerName>,</ManufacturerName>
      <ManufactureCountry>לא ידוע</ManufactureCountry>
      <ManufacturerItemDescription>עגבניות שלמות מוחמצות 680 גר</ManufacturerItemDescription>
      <UnitQty>גרמים</UnitQty>
      <Quantity>680.00</Quantity>
      <UnitOfMeasure>100 גרם</UnitOfMeasure>
      <bIsWeighted>0</bIsWeighted>
      <QtyInPackage>1</QtyInPackage>
      <ItemPrice>11.90</ItemPrice>
      <UnitOfMeasurePrice>1.7500</UnitOfMeasurePrice>
      <AllowDiscount>1</AllowDiscount>
      <ItemStatus>1</ItemStatus>
      <ItemId>84976</ItemId>
    </Item>
    <Item>
      <PriceUpdateDate>2023-12-31 12:51:59</PriceUpdateDate>
      <ItemCode>4750022056153</ItemCode>
      <ItemType>1</ItemType>
      <ItemName>סלט מלפפון חרדל 390</ItemName>
      <ManufacturerName>,</ManufacturerName>
      <ManufactureCountry>לטביה</ManufactureCountry>
      <ManufacturerItemDescription>סלט מלפפון חרדל 390 גר</ManufacturerItemDescription>
      <UnitQty>גרמים</UnitQty>
      <Quantity>390.00</Quantity>
      <UnitOfMeasure>100 גרם</UnitOfMeasure>
      <bIsWeighted>0</bIsWeighted>
      <QtyInPackage>1</QtyInPackage>
      <ItemPrice>19.90</ItemPrice>
      <UnitOfMeasurePrice>5.1026</UnitOfMeasurePrice>
      <AllowDiscount>1</AllowDiscount>
      <ItemStatus>1</ItemStatus>
      <ItemId>85006</ItemId>
    </Item>
    <Item>
      <PriceUpdateDate>2025-02-02 09:45:26</PriceUpdateDate>
      <ItemCode>743434015034</ItemCode>
      <ItemType>1</ItemType>
      <ItemName>שוקולד לינדור דאבל ש</ItemName>
      <ManufacturerName>,</ManufacturerName>
      <ManufactureCountry>לא ידוע</ManufactureCountry>
      <ManufacturerItemDescription>שוקולד לינדור דאבל שוקו 100 גר</ManufacturerItemDescription>
      <UnitQty>גרמים</UnitQty>
      <Quantity>100.00</Quantity>
      <UnitOfMeasure>100 גרם</UnitOfMeasure>
      <bIsWeighted>0</bIsWeighted>
      <QtyInPackage>1</QtyInPackage>
      <ItemPrice>22.90</ItemPrice>
      <UnitOfMeasurePrice>22.9000</UnitOfMeasurePrice>
      <AllowDiscount>1</AllowDiscount>
      <ItemStatus>1</ItemStatus>
      <ItemId>85148</ItemId>
    </Item>
    <Item>
      <PriceUpdateDate>2025-06-03 08:36:02</PriceUpdateDate>
      <ItemCode>7290112771490</ItemCode>
      <ItemType>0</ItemType>
      <ItemName>סלט חציל יווני 400 ג</ItemName>
      <ManufacturerName>,</ManufacturerName>
      <ManufactureCountry>לא ידוע</ManufactureCountry>
      <ManufacturerItemDescription>סלט חציל יווני 400 גרם</ManufacturerItemDescription>
      <UnitQty>גרמים</UnitQty>
      <Quantity>400.00</Quantity>
      <UnitOfMeasure>100 גרם</UnitOfMeasure>
      <bIsWeighted>0</bIsWeighted>
      <QtyInPackage>1</QtyInPackage>
      <ItemPrice>15.90</ItemPrice>
      <UnitOfMeasurePrice>3.9750</UnitOfMeasurePrice>
      <AllowDiscount>1</AllowDiscount>
      <ItemStatus>1</ItemStatus>
      <ItemId>85152</ItemId>
    </Item>
    <Item>
      <PriceUpdateDate>2025-08-10 17:39:44</PriceUpdateDate>
      <ItemCode>4604386030253</ItemCode>
      <ItemType>1</ItemType>
      <ItemName>וופל וינאי בטעם שמנת</ItemName>
      <ManufacturerName>,</ManufacturerName>
      <ManufactureCountry>לא ידוע</ManufactureCountry>
      <ManufacturerItemDescription>וופל וינאי בטעם שמנת 190 גר</ManufacturerItemDescription>
      <UnitQty>גרמים</UnitQty>
      <Quantity>190.00</Quantity>
      <UnitOfMeasure>100 גרם</UnitOfMeasure>
      <bIsWeighted>0</bIsWeighted>
      <QtyInPackage>1</QtyInPackage>
      <ItemPrice>10.90</ItemPrice>
      <UnitOfMeasurePrice>5.7368</UnitOfMeasurePrice>
      <AllowDiscount>1</AllowDiscount>
      <ItemStatus>1</ItemStatus>
      <ItemId>85171</ItemId>
    </Item>
    <Item>
      <PriceUpdateDate>2023-12-31 12:52:01</PriceUpdateDate>
      <ItemCode>7290008961592</ItemCode>
      <ItemType>1</ItemType>
      <ItemName>כוסמת קלויה 700 גר</ItemName>
      <ManufacturerName>,</ManufacturerName>
      <ManufactureCountry>לא ידוע</ManufactureCountry>
      <ManufacturerItemDescription>כוסמת קלויה 700 גר</ManufacturerItemDescription>
      <UnitQty>גרמים</UnitQty>
      <Quantity>700.00</Quantity>
      <UnitOfMeasure>100 גרם</UnitOfMeasure>
      <bIsWeighted>0</bIsWeighted>
      <QtyInPackage>1</QtyInPackage>
      <ItemPrice>9.90</ItemPrice>
      <UnitOfMeasurePrice>1.4143</UnitOfMeasurePrice>
      <AllowDiscount>1</AllowDiscount>
      <ItemStatus>1</ItemStatus>
      <ItemId>85210</ItemId>
    </Item>
    <Item>
      <PriceUpdateDate>2025-10-17 09:42:26</PriceUpdateDate>
      <ItemCode>8710448641889</ItemCode>
      <ItemType>1</ItemType>
      <ItemName>רוטב לסלט בוטניקה מנ</ItemName>
      <ManufacturerName>,</ManufacturerName>
      <ManufactureCountry>לא ידוע</ManufactureCountry>
      <ManufacturerItemDescription>רוטב לסלט בוטניקה מנגו גינגר 300 מל</ManufacturerItemDescription>
      <UnitQty>מיליליטרים</UnitQty>
      <Quantity>300.00</Quantity>
      <UnitOfMeasure>100 מ"ל</UnitOfMeasure>
      <bIsWeighted>0</bIsWeighted>
      <QtyInPackage>1</QtyInPackage>
      <ItemPrice>17.90</ItemPrice>
      <UnitOfMeasurePrice>5.9667</UnitOfMeasurePrice>
      <AllowDiscount>1</AllowDiscount>
      <ItemStatus>1</ItemStatus>
      <ItemId>102214</ItemId>
    </Item>
    <Item>
      <PriceUpdateDate>2025-02-09 10:58:50</PriceUpdateDate>
      <ItemCode>7290010701926</ItemCode>
      <ItemType>1</ItemType>
      <ItemName>סרדלקי כפרי 1 קג</ItemName>
      <ManufacturerName>,</ManufacturerName>
      <ManufactureCountry>לא ידוע</ManufactureCountry>
      <ManufacturerItemDescription>סרדלקי כפרי 1 קג</ManufacturerItemDescription>
      <UnitQty>קילוגרמים</UnitQty>
      <Quantity>1.00</Quantity>
      <UnitOfMeasure>ק"ג     </UnitOfMeasure>
      <bIsWeighted>0</bIsWeighted>
      <QtyInPackage>1</QtyInPackage>
      <ItemPrice>37.90</ItemPrice>
      <UnitOfMeasurePrice>37.9000</UnitOfMeasurePrice>
      <AllowDiscount>1</AllowDiscount>
      <ItemStatus>1</ItemStatus>
      <ItemId>85281</ItemId>
    </Item>
    <Item>
      <PriceUpdateDate>2023-12-31 12:52:01</PriceUpdateDate>
      <ItemCode>6416453072763</ItemCode>
      <ItemType>1</ItemType>
      <ItemName>פייזר שוקולד חלב קרמ</ItemName>
      <ManufacturerName>,</ManufacturerName>
      <ManufactureCountry>לא ידוע</ManufactureCountry>
      <ManufacturerItemDescription>פייזר שוקולד חלב קרמל מלוח גיישה 150 גר</ManufacturerItemDescription>
      <UnitQty>גרמים</UnitQty>
      <Quantity>150.00</Quantity>
      <UnitOfMeasure>100 גרם</UnitOfMeasure>
      <bIsWeighted>0</bIsWeighted>
      <QtyInPackage>12</QtyInPackage>
      <ItemPrice>19.90</ItemPrice>
      <UnitOfMeasurePrice>13.2667</UnitOfMeasurePrice>
      <AllowDiscount>1</AllowDiscount>
      <ItemStatus>1</ItemStatus>
      <ItemId>85292</ItemId>
    </Item>
    <Item>
      <PriceUpdateDate>2023-12-31 12:52:01</PriceUpdateDate>
      <ItemCode>6416453072633</ItemCode>
      <ItemType>1</ItemType>
      <ItemName>פייזר פרליני  שוקולד</ItemName>
      <ManufacturerName>,</ManufacturerName>
      <ManufactureCountry>לא ידוע</ManufactureCountry>
      <ManufacturerItemDescription>פייזר פרליני  שוקולד 70% מריר 150 גר</ManufacturerItemDescription>
      <UnitQty>גרמים</UnitQty>
      <Quantity>150.00</Quantity>
      <UnitOfMeasure>100 גרם</UnitOfMeasure>
      <bIsWeighted>0</bIsWeighted>
      <QtyInPackage>12</QtyInPackage>
      <ItemPrice>19.90</ItemPrice>
      <UnitOfMeasurePrice>13.2667</UnitOfMeasurePrice>
      <AllowDiscount>1</AllowDiscount>
      <ItemStatus>1</ItemStatus>
      <ItemId>85294</ItemId>
    </Item>
    <Item>
      <PriceUpdateDate>2023-12-31 12:52:01</PriceUpdateDate>
      <ItemCode>6416453072589</ItemCode>
      <ItemType>1</ItemType>
      <ItemName>פייזר פרליני  שוקולד</ItemName>
      <ManufacturerName>,</ManufacturerName>
      <ManufactureCountry>לא ידוע</ManufactureCountry>
      <ManufacturerItemDescription>פייזר פרליני  שוקולד במילוי וודקה 150 גר</ManufacturerItemDescription>
      <UnitQty>גרמים</UnitQty>
      <Quantity>150.00</Quantity>
      <UnitOfMeasure>100 גרם</UnitOfMeasure>
      <bIsWeighted>0</bIsWeighted>
      <QtyInPackage>12</QtyInPackage>
      <ItemPrice>19.90</ItemPrice>
      <UnitOfMeasurePrice>13.2667</UnitOfMeasurePrice>
      <AllowDiscount>1</AllowDiscount>
      <ItemStatus>1</ItemStatus>
      <ItemId>85295</ItemId>
    </Item>
    <Item>
      <PriceUpdateDate>2023-12-31 12:52:01</PriceUpdateDate>
      <ItemCode>6416453072688</ItemCode>
      <ItemType>1</ItemType>
      <ItemName>פייזר פרליני  במילוי</ItemName>
      <ManufacturerName>,</ManufacturerName>
      <ManufactureCountry>לא ידוע</ManufactureCountry>
      <ManufacturerItemDescription>פייזר פרליני  במילוי מרגריטה תות 150 גר</ManufacturerItemDescription>
      <UnitQty>גרמים</UnitQty>
      <Quantity>150.00</Quantity>
      <UnitOfMeasure>100 גרם</UnitOfMeasure>
      <bIsWeighted>0</bIsWeighted>
      <QtyInPackage>12</QtyInPackage>
      <ItemPrice>19.90</ItemPrice>
      <UnitOfMeasurePrice>13.2667</UnitOfMeasurePrice>
      <AllowDiscount>1</AllowDiscount>
      <ItemStatus>1</ItemStatus>
      <ItemId>85296</ItemId>
    </Item>
    <Item>
      <PriceUpdateDate>2024-11-11 14:58:40</PriceUpdateDate>
      <ItemCode>4750616006410</ItemCode>
      <ItemType>1</ItemType>
      <ItemName>מקרל על הגריל בשמן ז</ItemName>
      <ManufacturerName>,</ManufacturerName>
      <ManufactureCountry>לטביה</ManufactureCountry>
      <ManufacturerItemDescription>מקרל על הגריל בשמן זית בריוואס 190 גר</ManufacturerItemDescription>
      <UnitQty>גרמים</UnitQty>
      <Quantity>190.00</Quantity>
      <UnitOfMeasure>100 גרם</UnitOfMeasure>
      <bIsWeighted>0</bIsWeighted>
      <QtyInPackage>48</QtyInPackage>
      <ItemPrice>14.90</ItemPrice>
      <UnitOfMeasurePrice>7.8421</UnitOfMeasurePrice>
      <AllowDiscount>1</AllowDiscount>
      <ItemStatus>1</ItemStatus>
      <ItemId>85299</ItemId>
    </Item>
    <Item>
      <PriceUpdateDate>2024-11-11 14:58:37</PriceUpdateDate>
      <ItemCode>4750616006427</ItemCode>
      <ItemType>1</ItemType>
      <ItemName>מקרל על הגריל ברוטב</ItemName>
      <ManufacturerName>,</ManufacturerName>
      <ManufactureCountry>לטביה</ManufactureCountry>
      <ManufacturerItemDescription>מקרל על הגריל ברוטב עגבניות בריוואס 190</ManufacturerItemDescription>
      <UnitQty>גרמים</UnitQty>
      <Quantity>190.00</Quantity>
      <UnitOfMeasure>100 גרם</UnitOfMeasure>
      <bIsWeighted>0</bIsWeighted>
      <QtyInPackage>48</QtyInPackage>
      <ItemPrice>14.90</ItemPrice>
      <UnitOfMeasurePrice>7.8421</UnitOfMeasurePrice>
      <AllowDiscount>1</AllowDiscount>
      <ItemStatus>1</ItemStatus>
      <ItemId>85300</ItemId>
    </Item>
    <Item>
      <PriceUpdateDate>2024-11-11 14:58:37</PriceUpdateDate>
      <ItemCode>4750616006397</ItemCode>
      <ItemType>1</ItemType>
      <ItemName>הרינג על הגריל בשמן</ItemName>
      <ManufacturerName>,</ManufacturerName>
      <ManufactureCountry>לטביה</ManufactureCountry>
      <ManufacturerItemDescription>הרינג על הגריל בשמן זית בריוואס 190 גר</ManufacturerItemDescription>
      <UnitQty>גרמים</UnitQty>
      <Quantity>190.00</Quantity>
      <UnitOfMeasure>100 גרם</UnitOfMeasure>
      <bIsWeighted>0</bIsWeighted>
      <QtyInPackage>48</QtyInPackage>
      <ItemPrice>14.90</ItemPrice>
      <UnitOfMeasurePrice>7.8421</UnitOfMeasurePrice>
      <AllowDiscount>1</AllowDiscount>
      <ItemStatus>1</ItemStatus>
      <ItemId>85301</ItemId>
    </Item>
    <Item>
      <PriceUpdateDate>2024-11-11 14:58:37</PriceUpdateDate>
      <ItemCode>4750616006403</ItemCode>
      <ItemType>1</ItemType>
      <ItemName>הרינג על הגריל ברוטב</ItemName>
      <ManufacturerName>,</ManufacturerName>
      <ManufactureCountry>לטביה</ManufactureCountry>
      <ManufacturerItemDescription>הרינג על הגריל ברוטב עגבניות בריוואס 190</ManufacturerItemDescription>
      <UnitQty>גרמים</UnitQty>
      <Quantity>190.00</Quantity>
      <UnitOfMeasure>100 גרם</UnitOfMeasure>
      <bIsWeighted>0</bIsWeighted>
      <QtyInPackage>48</QtyInPackage>
      <ItemPrice>14.90</ItemPrice>
      <UnitOfMeasurePrice>7.8421</UnitOfMeasurePrice>
      <AllowDiscount>1</AllowDiscount>
      <ItemStatus>1</ItemStatus>
      <ItemId>85302</ItemId>
    </Item>
    <Item>
      <PriceUpdateDate>2023-12-31 12:52:01</PriceUpdateDate>
      <ItemCode>4750025000566</ItemCode>
      <ItemType>1</ItemType>
      <ItemName>גבינה מותכת דזינטרס</ItemName>
      <ManufacturerName>,</ManufacturerName>
      <ManufactureCountry>לא ידוע</ManufactureCountry>
      <ManufacturerItemDescription>גבינה מותכת דזינטרס שום ותבלינים 180 גר</ManufacturerItemDescription>
      <UnitQty>גרמים</UnitQty>
      <Quantity>180.00</Quantity>
      <UnitOfMeasure>100 גרם</UnitOfMeasure>
      <bIsWeighted>0</bIsWeighted>
      <QtyInPackage>20</QtyInPackage>
      <ItemPrice>21.90</ItemPrice>
      <UnitOfMeasurePrice>12.1667</UnitOfMeasurePrice>
      <AllowDiscount>1</AllowDiscount>
      <ItemStatus>1</ItemStatus>
      <ItemId>85309</ItemId>
    </Item>
    <Item>
      <PriceUpdateDate>2023-12-31 12:52:01</PriceUpdateDate>
      <ItemCode>8002650002351</ItemCode>
      <ItemType>1</ItemType>
      <ItemName>קפה קלוי וטחון פחית</ItemName>
      <ManufacturerName>,</ManufacturerName>
      <ManufactureCountry>לא ידוע</ManufactureCountry>
      <ManufacturerItemDescription>קפה קלוי וטחון פחית 100% קלייה כהה 250 ג</ManufacturerItemDescription>
      <UnitQty>גרמים</UnitQty>
      <Quantity>250.00</Quantity>
      <UnitOfMeasure>100 גרם</UnitOfMeasure>
      <bIsWeighted>0</bIsWeighted>
      <QtyInPackage>1</QtyInPackage>
      <ItemPrice>44.90</ItemPrice>
      <UnitOfMeasurePrice>17.9600</UnitOfMeasurePrice>
      <AllowDiscount>1</AllowDiscount>
      <ItemStatus>1</ItemStatus>
      <ItemId>85318</ItemId>
    </Item>
    <Item>
      <PriceUpdateDate>2023-12-31 12:52:01</PriceUpdateDate>
      <ItemCode>8002650002337</ItemCode>
      <ItemType>1</ItemType>
      <ItemName>קפה קלוי וטחון פחית</ItemName>
      <ManufacturerName>,</ManufacturerName>
      <ManufactureCountry>לא ידוע</ManufactureCountry>
      <ManufacturerItemDescription>קפה קלוי וטחון פחית 100% בינונית 250 גר</ManufacturerItemDescription>
      <UnitQty>גרמים</UnitQty>
      <Quantity>250.00</Quantity>
      <UnitOfMeasure>100 גרם</UnitOfMeasure>
      <bIsWeighted>0</bIsWeighted>
      <QtyInPackage>1</QtyInPackage>
      <ItemPrice>44.90</ItemPrice>
      <UnitOfMeasurePrice>17.9600</UnitOfMeasurePrice>
      <AllowDiscount>1</AllowDiscount>
      <ItemStatus>1</ItemStatus>
      <ItemId>85319</ItemId>
    </Item>
    <Item>
      <PriceUpdateDate>2024-11-19 15:35:07</PriceUpdateDate>
      <ItemCode>4770265219962</ItemCode>
      <ItemType>1</ItemType>
      <ItemName>ריאזנקה סבליה 500 מל</ItemName>
      <ManufacturerName>,</ManufacturerName>
      <ManufactureCountry>לא ידוע</ManufactureCountry>
      <ManufacturerItemDescription>ריאזנקה סבליה 500 מל</ManufacturerItemDescription>
      <UnitQty>מיליליטרים</UnitQty>
      <Quantity>500.00</Quantity>
      <UnitOfMeasure>100 מ"ל</UnitOfMeasure>
      <bIsWeighted>0</bIsWeighted>
      <QtyInPackage>1</QtyInPackage>
      <ItemPrice>11.90</ItemPrice>
      <UnitOfMeasurePrice>2.3800</UnitOfMeasurePrice>
      <AllowDiscount>1</AllowDiscount>
      <ItemStatus>1</ItemStatus>
      <ItemId>85499</ItemId>
    </Item>
    <Item>
      <PriceUpdateDate>2024-11-19 15:35:08</PriceUpdateDate>
      <ItemCode>4770275051132</ItemCode>
      <ItemType>1</ItemType>
      <ItemName>קפיר סבליה 900 מל</ItemName>
      <ManufacturerName>,</ManufacturerName>
      <ManufactureCountry>לא ידוע</ManufactureCountry>
      <ManufacturerItemDescription>קפיר סבליה 900 מל</ManufacturerItemDescription>
      <UnitQty>מיליליטרים</UnitQty>
      <Quantity>900.00</Quantity>
      <UnitOfMeasure>100 מ"ל</UnitOfMeasure>
      <bIsWeighted>0</bIsWeighted>
      <QtyInPackage>1</QtyInPackage>
      <ItemPrice>16.90</ItemPrice>
      <UnitOfMeasurePrice>1.8778</UnitOfMeasurePrice>
      <AllowDiscount>1</AllowDiscount>
      <ItemStatus>1</ItemStatus>
      <ItemId>85500</ItemId>
    </Item>
    <Item>
      <PriceUpdateDate>2023-12-31 12:52:03</PriceUpdateDate>
      <ItemCode>4860111651005</ItemCode>
      <ItemType>1</ItemType>
      <ItemName>בירה קייקי 500 מל</ItemName>
      <ManufacturerName>,</ManufacturerName>
      <ManufactureCountry>לא ידוע</ManufactureCountry>
      <ManufacturerItemDescription>בירה קייקי 500 מל</ManufacturerItemDescription>
      <UnitQty>מיליליטרים</UnitQty>
      <Quantity>500.00</Quantity>
      <UnitOfMeasure>100 מ"ל</UnitOfMeasure>
      <bIsWeighted>0</bIsWeighted>
      <QtyInPackage>1</QtyInPackage>
      <ItemPrice>10.90</ItemPrice>
      <UnitOfMeasurePrice>2.1800</UnitOfMeasurePrice>
      <AllowDiscount>1</AllowDiscount>
      <ItemStatus>1</ItemStatus>
      <ItemId>85518</ItemId>
    </Item>
    <Item>
      <PriceUpdateDate>2023-12-31 12:52:04</PriceUpdateDate>
      <ItemCode>4850031000809</ItemCode>
      <ItemType>1</ItemType>
      <ItemName>ברנדי נוי ארספל  7 ש</ItemName>
      <ManufacturerName>ARARAT</ManufacturerName>
      <ManufactureCountry>לא ידוע</ManufactureCountry>
      <ManufacturerItemDescription>ברנדי נוי ארספל  7 שנים 500 מל</ManufacturerItemDescription>
      <UnitQty>מיליליטרים</UnitQty>
      <Quantity>500.00</Quantity>
      <UnitOfMeasure>100 מ"ל</UnitOfMeasure>
      <bIsWeighted>0</bIsWeighted>
      <QtyInPackage>1</QtyInPackage>
      <ItemPrice>99.90</ItemPrice>
      <UnitOfMeasurePrice>19.9800</UnitOfMeasurePrice>
      <AllowDiscount>1</AllowDiscount>
      <ItemStatus>1</ItemStatus>
      <ItemId>85572</ItemId>
    </Item>
    <Item>
      <PriceUpdateDate>2024-11-11 14:58:37</PriceUpdateDate>
      <ItemCode>4607096572549</ItemCode>
      <ItemType>1</ItemType>
      <ItemName>פתית שיפון קרואזט 20</ItemName>
      <ManufacturerName>,</ManufacturerName>
      <ManufactureCountry>לא ידוע</ManufactureCountry>
      <ManufacturerItemDescription>פתית שיפון קרואזט 200 גר</ManufacturerItemDescription>
      <UnitQty>גרמים</UnitQty>
      <Quantity>200.00</Quantity>
      <UnitOfMeasure>100 גרם</UnitOfMeasure>
      <bIsWeighted>0</bIsWeighted>
      <QtyInPackage>1</QtyInPackage>
      <ItemPrice>12.90</ItemPrice>
      <UnitOfMeasurePrice>6.4500</UnitOfMeasurePrice>
      <AllowDiscount>1</AllowDiscount>
      <ItemStatus>1</ItemStatus>
      <ItemId>85580</ItemId>
    </Item>
    <Item>
      <PriceUpdateDate>2023-12-31 12:52:04</PriceUpdateDate>
      <ItemCode>4607096573102</ItemCode>
      <ItemType>1</ItemType>
      <ItemName>פתית שיפון דגנים קרו</ItemName>
      <ManufacturerName>,</ManufacturerName>
      <ManufactureCountry>לא ידוע</ManufactureCountry>
      <ManufacturerItemDescription>פתית שיפון דגנים קרואזט 200 גר</ManufacturerItemDescription>
      <UnitQty>גרמים</UnitQty>
      <Quantity>200.00</Quantity>
      <UnitOfMeasure>100 גרם</UnitOfMeasure>
      <bIsWeighted>0</bIsWeighted>
      <QtyInPackage>1</QtyInPackage>
      <ItemPrice>11.90</ItemPrice>
      <UnitOfMeasurePrice>5.9500</UnitOfMeasurePrice>
      <AllowDiscount>1</AllowDiscount>
      <ItemStatus>1</ItemStatus>
      <ItemId>85581</ItemId>
    </Item>
    <Item>
      <PriceUpdateDate>2024-11-11 14:58:40</PriceUpdateDate>
      <ItemCode>4607096572556</ItemCode>
      <ItemType>1</ItemType>
      <ItemName>פתית שיפון עם עשבי ת</ItemName>
      <ManufacturerName>,</ManufacturerName>
      <ManufactureCountry>לא ידוע</ManufactureCountry>
      <ManufacturerItemDescription>פתית שיפון עם עשבי תיבול קרואזט 200 גר</ManufacturerItemDescription>
      <UnitQty>גרמים</UnitQty>
      <Quantity>200.00</Quantity>
      <UnitOfMeasure>100 גרם</UnitOfMeasure>
      <bIsWeighted>0</bIsWeighted>
      <QtyInPackage>1</QtyInPackage>
      <ItemPrice>12.90</ItemPrice>
      <UnitOfMeasurePrice>6.4500</UnitOfMeasurePrice>
      <AllowDiscount>1</AllowDiscount>
      <ItemStatus>1</ItemStatus>
      <ItemId>85582</ItemId>
    </Item>
    <Item>
      <PriceUpdateDate>2023-12-31 12:52:04</PriceUpdateDate>
      <ItemCode>4605627007904</ItemCode>
      <ItemType>1</ItemType>
      <ItemName>פרוטיס אוכמניות עם ק</ItemName>
      <ManufacturerName>,</ManufacturerName>
      <ManufactureCountry>לא ידוע</ManufactureCountry>
      <ManufacturerItemDescription>פרוטיס אוכמניות עם קורנפלקס 165 גר</ManufacturerItemDescription>
      <UnitQty>גרמים</UnitQty>
      <Quantity>165.00</Quantity>
      <UnitOfMeasure>100 גרם</UnitOfMeasure>
      <bIsWeighted>0</bIsWeighted>
      <QtyInPackage>1</QtyInPackage>
      <ItemPrice>8.90</ItemPrice>
      <UnitOfMeasurePrice>5.3939</UnitOfMeasurePrice>
      <AllowDiscount>1</AllowDiscount>
      <ItemStatus>1</ItemStatus>
      <ItemId>85664</ItemId>
    </Item>
    <Item>
      <PriceUpdateDate>2023-12-31 12:52:05</PriceUpdateDate>
      <ItemCode>8022284002947</ItemCode>
      <ItemType>0</ItemType>
      <ItemName>מוצרלה איטלקית 500 ג</ItemName>
      <ManufacturerName>,</ManufacturerName>
      <ManufactureCountry>אוקראינה</ManufactureCountry>
      <ManufacturerItemDescription>מוצרלה איטלקית 500 גר</ManufacturerItemDescription>
      <UnitQty>גרמים</UnitQty>
      <Quantity>500.00</Quantity>
      <UnitOfMeasure>100 גרם</UnitOfMeasure>
      <bIsWeighted>0</bIsWeighted>
      <QtyInPackage>לא ידוע</QtyInPackage>
      <ItemPrice>49.90</ItemPrice>
      <UnitOfMeasurePrice>9.9800</UnitOfMeasurePrice>
      <AllowDiscount>1</AllowDiscount>
      <ItemStatus>1</ItemStatus>
      <ItemId>85722</ItemId>
    </Item>
    <Item>
      <PriceUpdateDate>2024-07-01 11:07:57</PriceUpdateDate>
      <ItemCode>5200106871183</ItemCode>
      <ItemType>1</ItemType>
      <ItemName>יוגורט יווני 375 גר</ItemName>
      <ManufacturerName>,</ManufacturerName>
      <ManufactureCountry>לא ידוע</ManufactureCountry>
      <ManufacturerItemDescription>יוגורט יווני 375 גר</ManufacturerItemDescription>
      <UnitQty>גרמים</UnitQty>
      <Quantity>375.00</Quantity>
      <UnitOfMeasure>100 גרם</UnitOfMeasure>
      <bIsWeighted>0</bIsWeighted>
      <QtyInPackage>1</QtyInPackage>
      <ItemPrice>17.90</ItemPrice>
      <UnitOfMeasurePrice>4.7733</UnitOfMeasurePrice>
      <AllowDiscount>1</AllowDiscount>
      <ItemStatus>1</ItemStatus>
      <ItemId>85723</ItemId>
    </Item>
    <Item>
      <PriceUpdateDate>2024-05-29 16:31:54</PriceUpdateDate>
      <ItemCode>7290110117368</ItemCode>
      <ItemType>1</ItemType>
      <ItemName>מים בטעם אבטיח נביעו</ItemName>
      <ManufacturerName>נביעות</ManufacturerName>
      <ManufactureCountry>ישראל</ManufactureCountry>
      <ManufacturerItemDescription>מים בטעם אבטיח נביעות 500 מל</ManufacturerItemDescription>
      <UnitQty>מיליליטרים</UnitQty>
      <Quantity>500.00</Quantity>
      <UnitOfMeasure>100 מ"ל</UnitOfMeasure>
      <bIsWeighted>0</bIsWeighted>
      <QtyInPackage>1</QtyInPackage>
      <ItemPrice>6.90</ItemPrice>
      <UnitOfMeasurePrice>1.3800</UnitOfMeasurePrice>
      <AllowDiscount>1</AllowDiscount>
      <ItemStatus>1</ItemStatus>
      <ItemId>85746</ItemId>
    </Item>
    <Item>
      <PriceUpdateDate>2023-12-31 12:52:06</PriceUpdateDate>
      <ItemCode>8011853016898</ItemCode>
      <ItemType>1</ItemType>
      <ItemName>קפסולות קפה דיאמה אר</ItemName>
      <ManufacturerName>,</ManufacturerName>
      <ManufactureCountry>לא ידוע</ManufactureCountry>
      <ManufacturerItemDescription>קפסולות קפה דיאמה ארביקה 10 יח</ManufacturerItemDescription>
      <UnitQty>יחידה   </UnitQty>
      <Quantity>10.00</Quantity>
      <UnitOfMeasure>יחידה   </UnitOfMeasure>
      <bIsWeighted>0</bIsWeighted>
      <QtyInPackage>1</QtyInPackage>
      <ItemPrice>22.90</ItemPrice>
      <UnitOfMeasurePrice>2.2900</UnitOfMeasurePrice>
      <AllowDiscount>1</AllowDiscount>
      <ItemStatus>1</ItemStatus>
      <ItemId>85940</ItemId>
    </Item>
    <Item>
      <PriceUpdateDate>2023-12-31 12:52:06</PriceUpdateDate>
      <ItemCode>8011853016904</ItemCode>
      <ItemType>1</ItemType>
      <ItemName>קפסולות קפה דיאמה אד</ItemName>
      <ManufacturerName>,</ManufacturerName>
      <ManufactureCountry>לא ידוע</ManufactureCountry>
      <ManufacturerItemDescription>קפסולות קפה דיאמה אדום 10 יח</ManufacturerItemDescription>
      <UnitQty>יחידה   </UnitQty>
      <Quantity>10.00</Quantity>
      <UnitOfMeasure>יחידה   </UnitOfMeasure>
      <bIsWeighted>0</bIsWeighted>
      <QtyInPackage>1</QtyInPackage>
      <ItemPrice>19.90</ItemPrice>
      <UnitOfMeasurePrice>1.9900</UnitOfMeasurePrice>
      <AllowDiscount>1</AllowDiscount>
      <ItemStatus>1</ItemStatus>
      <ItemId>85941</ItemId>
    </Item>
    <Item>
      <PriceUpdateDate>2023-12-31 12:52:06</PriceUpdateDate>
      <ItemCode>8011853016911</ItemCode>
      <ItemType>1</ItemType>
      <ItemName>קפסולות קפה דיאמה אי</ItemName>
      <ManufacturerName>,</ManufacturerName>
      <ManufactureCountry>לא ידוע</ManufactureCountry>
      <ManufacturerItemDescription>קפסולות קפה דיאמה אינטסו 10 יח</ManufacturerItemDescription>
      <UnitQty>יחידה   </UnitQty>
      <Quantity>10.00</Quantity>
      <UnitOfMeasure>יחידה   </UnitOfMeasure>
      <bIsWeighted>0</bIsWeighted>
      <QtyInPackage>1</QtyInPackage>
      <ItemPrice>22.90</ItemPrice>
      <UnitOfMeasurePrice>2.2900</UnitOfMeasurePrice>
      <AllowDiscount>1</AllowDiscount>
      <ItemStatus>1</ItemStatus>
      <ItemId>85942</ItemId>
    </Item>
    <Item>
      <PriceUpdateDate>2025-01-13 08:35:09</PriceUpdateDate>
      <ItemCode>3523230061148</ItemCode>
      <ItemType>0</ItemType>
      <ItemName>גבינת עזים מוקצפת 14</ItemName>
      <ManufacturerName>,</ManufacturerName>
      <ManufactureCountry>לא ידוע</ManufactureCountry>
      <ManufacturerItemDescription>גבינת עזים מוקצפת 140 גר</ManufacturerItemDescription>
      <UnitQty>גרמים</UnitQty>
      <Quantity>140.00</Quantity>
      <UnitOfMeasure>100 גרם</UnitOfMeasure>
      <bIsWeighted>0</bIsWeighted>
      <QtyInPackage>לא ידוע</QtyInPackage>
      <ItemPrice>28.90</ItemPrice>
      <UnitOfMeasurePrice>20.6429</UnitOfMeasurePrice>
      <AllowDiscount>1</AllowDiscount>
      <ItemStatus>1</ItemStatus>
      <ItemId>85958</ItemId>
    </Item>
    <Item>
      <PriceUpdateDate>2025-01-13 08:35:09</PriceUpdateDate>
      <ItemCode>3073781199918</ItemCode>
      <ItemType>0</ItemType>
      <ItemName>גבינת בייבי בל 100 ג</ItemName>
      <ManufacturerName>,</ManufacturerName>
      <ManufactureCountry>לא ידוע</ManufactureCountry>
      <ManufacturerItemDescription>גבינת בייבי בל 100 גר</ManufacturerItemDescription>
      <UnitQty>גרמים</UnitQty>
      <Quantity>100.00</Quantity>
      <UnitOfMeasure>100 גרם</UnitOfMeasure>
      <bIsWeighted>0</bIsWeighted>
      <QtyInPackage>לא ידוע</QtyInPackage>
      <ItemPrice>24.90</ItemPrice>
      <UnitOfMeasurePrice>24.9000</UnitOfMeasurePrice>
      <AllowDiscount>1</AllowDiscount>
      <ItemStatus>1</ItemStatus>
      <ItemId>85962</ItemId>
    </Item>
    <Item>
      <PriceUpdateDate>2025-04-02 13:22:22</PriceUpdateDate>
      <ItemCode>4607051545915</ItemCode>
      <ItemType>0</ItemType>
      <ItemName>עולש נמס בטעם אוכמני</ItemName>
      <ManufacturerName>,</ManufacturerName>
      <ManufactureCountry>לא ידוע</ManufactureCountry>
      <ManufacturerItemDescription>עולש נמס בטעם אוכמניות 80 גר</ManufacturerItemDescription>
      <UnitQty>גרמים</UnitQty>
      <Quantity>80.00</Quantity>
      <UnitOfMeasure>100 גרם</UnitOfMeasure>
      <bIsWeighted>0</bIsWeighted>
      <QtyInPackage>1</QtyInPackage>
      <ItemPrice>9.90</ItemPrice>
      <UnitOfMeasurePrice>12.3750</UnitOfMeasurePrice>
      <AllowDiscount>1</AllowDiscount>
      <ItemStatus>1</ItemStatus>
      <ItemId>85995</ItemId>
    </Item>
    <Item>
      <PriceUpdateDate>2025-04-02 13:22:22</PriceUpdateDate>
      <ItemCode>4607051545908</ItemCode>
      <ItemType>0</ItemType>
      <ItemName>עולש נמס בטעם קפוצינ</ItemName>
      <ManufacturerName>,</ManufacturerName>
      <ManufactureCountry>לא ידוע</ManufactureCountry>
      <ManufacturerItemDescription>עולש נמס בטעם קפוצינו 80 גר</ManufacturerItemDescription>
      <UnitQty>גרמים</UnitQty>
      <Quantity>80.00</Quantity>
      <UnitOfMeasure>100 גרם</UnitOfMeasure>
      <bIsWeighted>0</bIsWeighted>
      <QtyInPackage>1</QtyInPackage>
      <ItemPrice>9.90</ItemPrice>
      <UnitOfMeasurePrice>12.3750</UnitOfMeasurePrice>
      <AllowDiscount>1</AllowDiscount>
      <ItemStatus>1</ItemStatus>
      <ItemId>85996</ItemId>
    </Item>
    <Item>
      <PriceUpdateDate>2023-12-31 12:52:06</PriceUpdateDate>
      <ItemCode>4867616023573</ItemCode>
      <ItemType>1</ItemType>
      <ItemName>יין מבעבע מראני לבן</ItemName>
      <ManufacturerName>,</ManufacturerName>
      <ManufactureCountry>לא ידוע</ManufactureCountry>
      <ManufacturerItemDescription>יין מבעבע מראני לבן חצי מתוק 750 מל</ManufacturerItemDescription>
      <UnitQty>מיליליטרים</UnitQty>
      <Quantity>750.00</Quantity>
      <UnitOfMeasure>100 מ"ל</UnitOfMeasure>
      <bIsWeighted>0</bIsWeighted>
      <QtyInPackage>1</QtyInPackage>
      <ItemPrice>34.90</ItemPrice>
      <UnitOfMeasurePrice>4.6533</UnitOfMeasurePrice>
      <AllowDiscount>1</AllowDiscount>
      <ItemStatus>1</ItemStatus>
      <ItemId>85999</ItemId>
    </Item>
    <Item>
      <PriceUpdateDate>2025-11-18 19:52:16</PriceUpdateDate>
      <ItemCode>7290019538240</ItemCode>
      <ItemType>1</ItemType>
      <ItemName>ביצי דג פורל גולד 20</ItemName>
      <ManufacturerName>,</ManufacturerName>
      <ManufactureCountry>לא ידוע</ManufactureCountry>
      <ManufacturerItemDescription>ביצי דג פורל גולד 200 גר</ManufacturerItemDescription>
      <UnitQty>גרמים</UnitQty>
      <Quantity>200.00</Quantity>
      <UnitOfMeasure>100 גרם</UnitOfMeasure>
      <bIsWeighted>0</bIsWeighted>
      <QtyInPackage>1</QtyInPackage>
      <ItemPrice>79.90</ItemPrice>
      <UnitOfMeasurePrice>39.9500</UnitOfMeasurePrice>
      <AllowDiscount>1</AllowDiscount>
      <ItemStatus>1</ItemStatus>
      <ItemId>102844</ItemId>
    </Item>
    <Item>
      <PriceUpdateDate>2024-11-19 15:35:08</PriceUpdateDate>
      <ItemCode>4770275050043</ItemCode>
      <ItemType>1</ItemType>
      <ItemName>קפיר סבליה 500 גר</ItemName>
      <ManufacturerName>,</ManufacturerName>
      <ManufactureCountry>לא ידוע</ManufactureCountry>
      <ManufacturerItemDescription>קפיר סבליה 500 גר</ManufacturerItemDescription>
      <UnitQty>גרמים</UnitQty>
      <Quantity>500.00</Quantity>
      <UnitOfMeasure>100 גרם</UnitOfMeasure>
      <bIsWeighted>0</bIsWeighted>
      <QtyInPackage>1</QtyInPackage>
      <ItemPrice>11.90</ItemPrice>
      <UnitOfMeasurePrice>2.3800</UnitOfMeasurePrice>
      <AllowDiscount>1</AllowDiscount>
      <ItemStatus>1</ItemStatus>
      <ItemId>86022</ItemId>
    </Item>
    <Item>
      <PriceUpdateDate>2024-11-26 09:02:14</PriceUpdateDate>
      <ItemCode>6922023234559</ItemCode>
      <ItemType>1</ItemType>
      <ItemName>כדורים 6 יח</ItemName>
      <ManufacturerName>,</ManufacturerName>
      <ManufactureCountry>לא ידוע</ManufactureCountry>
      <ManufacturerItemDescription>כדורים 6 יח</ManufacturerItemDescription>
      <UnitQty>Unknown </UnitQty>
      <Quantity>0.00</Quantity>
      <UnitOfMeasure>Unknown </UnitOfMeasure>
      <bIsWeighted>0</bIsWeighted>
      <QtyInPackage>1</QtyInPackage>
      <ItemPrice>15.90</ItemPrice>
      <UnitOfMeasurePrice>0.0000</UnitOfMeasurePrice>
      <AllowDiscount>1</AllowDiscount>
      <ItemStatus>1</ItemStatus>
      <ItemId>86071</ItemId>
    </Item>
    <Item>
      <PriceUpdateDate>2025-08-10 09:41:16</PriceUpdateDate>
      <ItemCode>4850004382765</ItemCode>
      <ItemType>1</ItemType>
      <ItemName>מבחר ממתקים אבנגרד 1</ItemName>
      <ManufacturerName>,</ManufacturerName>
      <ManufactureCountry>לא ידוע</ManufactureCountry>
      <ManufacturerItemDescription>מבחר ממתקים אבנגרד 185 גר</ManufacturerItemDescription>
      <UnitQty>גרמים</UnitQty>
      <Quantity>185.00</Quantity>
      <UnitOfMeasure>100 גרם</UnitOfMeasure>
      <bIsWeighted>0</bIsWeighted>
      <QtyInPackage>1</QtyInPackage>
      <ItemPrice>34.90</ItemPrice>
      <UnitOfMeasurePrice>18.8649</UnitOfMeasurePrice>
      <AllowDiscount>1</AllowDiscount>
      <ItemStatus>1</ItemStatus>
      <ItemId>86182</ItemId>
    </Item>
    <Item>
      <PriceUpdateDate>2023-12-31 12:52:07</PriceUpdateDate>
      <ItemCode>70177078775</ItemCode>
      <ItemType>1</ItemType>
      <ItemName>תה ליידי גריי 25 שק</ItemName>
      <ManufacturerName>,</ManufacturerName>
      <ManufactureCountry>לא ידוע</ManufactureCountry>
      <ManufacturerItemDescription>תה ליידי גריי 25 שק 50 גר</ManufacturerItemDescription>
      <UnitQty>גרמים</UnitQty>
      <Quantity>50.00</Quantity>
      <UnitOfMeasure>100 גרם</UnitOfMeasure>
      <bIsWeighted>0</bIsWeighted>
      <QtyInPackage>1</QtyInPackage>
      <ItemPrice>19.90</ItemPrice>
      <UnitOfMeasurePrice>39.8000</UnitOfMeasurePrice>
      <AllowDiscount>1</AllowDiscount>
      <ItemStatus>1</ItemStatus>
      <ItemId>86220</ItemId>
    </Item>
    <Item>
      <PriceUpdateDate>2023-12-31 12:52:07</PriceUpdateDate>
      <ItemCode>16705</ItemCode>
      <ItemType>0</ItemType>
      <ItemName>לזניה בשר ארוז</ItemName>
      <ManufacturerName>,</ManufacturerName>
      <ManufactureCountry>לא ידוע</ManufactureCountry>
      <ManufacturerItemDescription>לזניה בשר ארוז</ManufacturerItemDescription>
      <UnitQty>קילוגרמים</UnitQty>
      <Quantity>1.00</Quantity>
      <UnitOfMeasure>ק"ג</UnitOfMeasure>
      <bIsWeighted>1</bIsWeighted>
      <QtyInPackage>לא ידוע</QtyInPackage>
      <ItemPrice>99.00</ItemPrice>
      <UnitOfMeasurePrice>99.0000</UnitOfMeasurePrice>
      <AllowDiscount>1</AllowDiscount>
      <ItemStatus>1</ItemStatus>
      <ItemId>86228</ItemId>
    </Item>
    <Item>
      <PriceUpdateDate>2023-12-31 12:52:07</PriceUpdateDate>
      <ItemCode>7290000016707</ItemCode>
      <ItemType>1</ItemType>
      <ItemName>עוף סיני בלימון חמוץ</ItemName>
      <ManufacturerName>,</ManufacturerName>
      <ManufactureCountry>לא ידוע</ManufactureCountry>
      <ManufacturerItemDescription>עוף סיני בלימון חמוץ מתוק ארוז</ManufacturerItemDescription>
      <UnitQty>קילוגרמים</UnitQty>
      <Quantity>1.00</Quantity>
      <UnitOfMeasure>ק"ג</UnitOfMeasure>
      <bIsWeighted>1</bIsWeighted>
      <QtyInPackage>לא ידוע</QtyInPackage>
      <ItemPrice>99.00</ItemPrice>
      <UnitOfMeasurePrice>99.0000</UnitOfMeasurePrice>
      <AllowDiscount>1</AllowDiscount>
      <ItemStatus>1</ItemStatus>
      <ItemId>86230</ItemId>
    </Item>
    <Item>
      <PriceUpdateDate>2024-04-08 17:01:37</PriceUpdateDate>
      <ItemCode>16708</ItemCode>
      <ItemType>0</ItemType>
      <ItemName>גולש בקר ארוז</ItemName>
      <ManufacturerName>,</ManufacturerName>
      <ManufactureCountry>לא ידוע</ManufactureCountry>
      <ManufacturerItemDescription>גולש בקר ארוז</ManufacturerItemDescription>
      <UnitQty>קילוגרמים</UnitQty>
      <Quantity>1.00</Quantity>
      <UnitOfMeasure>ק"ג</UnitOfMeasure>
      <bIsWeighted>1</bIsWeighted>
      <QtyInPackage>לא ידוע</QtyInPackage>
      <ItemPrice>109.00</ItemPrice>
      <UnitOfMeasurePrice>109.0000</UnitOfMeasurePrice>
      <AllowDiscount>1</AllowDiscount>
      <ItemStatus>1</ItemStatus>
      <ItemId>86231</ItemId>
    </Item>
    <Item>
      <PriceUpdateDate>2023-12-31 12:52:07</PriceUpdateDate>
      <ItemCode>8009867000828</ItemCode>
      <ItemType>1</ItemType>
      <ItemName>פילה דג אנשובי בשמן</ItemName>
      <ManufacturerName>,</ManufacturerName>
      <ManufactureCountry>לא ידוע</ManufactureCountry>
      <ManufacturerItemDescription>פילה דג אנשובי בשמן 80 גר</ManufacturerItemDescription>
      <UnitQty>גרמים</UnitQty>
      <Quantity>80.00</Quantity>
      <UnitOfMeasure>100 גרם</UnitOfMeasure>
      <bIsWeighted>0</bIsWeighted>
      <QtyInPackage>1</QtyInPackage>
      <ItemPrice>22.90</ItemPrice>
      <UnitOfMeasurePrice>28.6250</UnitOfMeasurePrice>
      <AllowDiscount>1</AllowDiscount>
      <ItemStatus>1</ItemStatus>
      <ItemId>86238</ItemId>
    </Item>
    <Item>
      <PriceUpdateDate>2023-12-31 12:52:08</PriceUpdateDate>
      <ItemCode>6909180234295</ItemCode>
      <ItemType>1</ItemType>
      <ItemName>גשם</ItemName>
      <ManufacturerName>,</ManufacturerName>
      <ManufactureCountry>לא ידוע</ManufactureCountry>
      <ManufacturerItemDescription>גשם</ManufacturerItemDescription>
      <UnitQty>Unknown </UnitQty>
      <Quantity>0.00</Quantity>
      <UnitOfMeasure>Unknown </UnitOfMeasure>
      <bIsWeighted>0</bIsWeighted>
      <QtyInPackage>1</QtyInPackage>
      <ItemPrice>6.90</ItemPrice>
      <UnitOfMeasurePrice>0.0000</UnitOfMeasurePrice>
      <AllowDiscount>1</AllowDiscount>
      <ItemStatus>1</ItemStatus>
      <ItemId>86335</ItemId>
    </Item>
    <Item>
      <PriceUpdateDate>2023-12-31 12:52:08</PriceUpdateDate>
      <ItemCode>6932548154201</ItemCode>
      <ItemType>1</ItemType>
      <ItemName>גרלנדה צבעונית</ItemName>
      <ManufacturerName>,</ManufacturerName>
      <ManufactureCountry>לא ידוע</ManufactureCountry>
      <ManufacturerItemDescription>גרלנדה צבעונית</ManufacturerItemDescription>
      <UnitQty>Unknown </UnitQty>
      <Quantity>1.00</Quantity>
      <UnitOfMeasure>Unknown </UnitOfMeasure>
      <bIsWeighted>0</bIsWeighted>
      <QtyInPackage>1</QtyInPackage>
      <ItemPrice>4.90</ItemPrice>
      <UnitOfMeasurePrice>4.9000</UnitOfMeasurePrice>
      <AllowDiscount>1</AllowDiscount>
      <ItemStatus>1</ItemStatus>
      <ItemId>86338</ItemId>
    </Item>
    <Item>
      <PriceUpdateDate>2023-12-31 12:52:08</PriceUpdateDate>
      <ItemCode>6932548154249</ItemCode>
      <ItemType>1</ItemType>
      <ItemName>גרלנדה</ItemName>
      <ManufacturerName>,</ManufacturerName>
      <ManufactureCountry>לא ידוע</ManufactureCountry>
      <ManufacturerItemDescription>גרלנדה</ManufacturerItemDescription>
      <UnitQty>Unknown </UnitQty>
      <Quantity>1.00</Quantity>
      <UnitOfMeasure>Unknown </UnitOfMeasure>
      <bIsWeighted>0</bIsWeighted>
      <QtyInPackage>1</QtyInPackage>
      <ItemPrice>6.90</ItemPrice>
      <UnitOfMeasurePrice>6.9000</UnitOfMeasurePrice>
      <AllowDiscount>1</AllowDiscount>
      <ItemStatus>1</ItemStatus>
      <ItemId>86342</ItemId>
    </Item>
    <Item>
      <PriceUpdateDate>2023-12-31 12:52:08</PriceUpdateDate>
      <ItemCode>6932548154263</ItemCode>
      <ItemType>1</ItemType>
      <ItemName>גרלנדה</ItemName>
      <ManufacturerName>,</ManufacturerName>
      <ManufactureCountry>לא ידוע</ManufactureCountry>
      <ManufacturerItemDescription>גרלנדה</ManufacturerItemDescription>
      <UnitQty>Unknown </UnitQty>
      <Quantity>1.00</Quantity>
      <UnitOfMeasure>Unknown </UnitOfMeasure>
      <bIsWeighted>0</bIsWeighted>
      <QtyInPackage>1</QtyInPackage>
      <ItemPrice>2.90</ItemPrice>
      <UnitOfMeasurePrice>2.9000</UnitOfMeasurePrice>
      <AllowDiscount>1</AllowDiscount>
      <ItemStatus>1</ItemStatus>
      <ItemId>86344</ItemId>
    </Item>
    <Item>
      <PriceUpdateDate>2023-12-31 12:52:08</PriceUpdateDate>
      <ItemCode>7290018749401</ItemCode>
      <ItemType>1</ItemType>
      <ItemName>כיסוני בשר עוף מאמוצ</ItemName>
      <ManufacturerName>,</ManufacturerName>
      <ManufactureCountry>לא ידוע</ManufactureCountry>
      <ManufacturerItemDescription>כיסוני בשר עוף מאמוצקה 800 גר</ManufacturerItemDescription>
      <UnitQty>גרמים</UnitQty>
      <Quantity>800.00</Quantity>
      <UnitOfMeasure>100 גרם</UnitOfMeasure>
      <bIsWeighted>0</bIsWeighted>
      <QtyInPackage>1</QtyInPackage>
      <ItemPrice>39.90</ItemPrice>
      <UnitOfMeasurePrice>4.9875</UnitOfMeasurePrice>
      <AllowDiscount>1</AllowDiscount>
      <ItemStatus>1</ItemStatus>
      <ItemId>86360</ItemId>
    </Item>
    <Item>
      <PriceUpdateDate>2023-12-31 12:52:08</PriceUpdateDate>
      <ItemCode>7290018749418</ItemCode>
      <ItemType>1</ItemType>
      <ItemName>קרפלך תפוא ובצל מאמו</ItemName>
      <ManufacturerName>,</ManufacturerName>
      <ManufactureCountry>לא ידוע</ManufactureCountry>
      <ManufacturerItemDescription>קרפלך תפוא ובצל מאמוצקה 800 גר</ManufacturerItemDescription>
      <UnitQty>גרמים</UnitQty>
      <Quantity>800.00</Quantity>
      <UnitOfMeasure>100 גרם</UnitOfMeasure>
      <bIsWeighted>0</bIsWeighted>
      <QtyInPackage>1</QtyInPackage>
      <ItemPrice>29.90</ItemPrice>
      <UnitOfMeasurePrice>3.7375</UnitOfMeasurePrice>
      <AllowDiscount>1</AllowDiscount>
      <ItemStatus>1</ItemStatus>
      <ItemId>86361</ItemId>
    </Item>
    <Item>
      <PriceUpdateDate>2025-03-06 19:07:25</PriceUpdateDate>
      <ItemCode>4823077641312</ItemCode>
      <ItemType>1</ItemType>
      <ItemName>וופל רושן בטעם קקאו</ItemName>
      <ManufacturerName>,</ManufacturerName>
      <ManufactureCountry>לא ידוע</ManufactureCountry>
      <ManufacturerItemDescription>וופל רושן בטעם קקאו 216 גר</ManufacturerItemDescription>
      <UnitQty>גרמים</UnitQty>
      <Quantity>216.00</Quantity>
      <UnitOfMeasure>100 גרם</UnitOfMeasure>
      <bIsWeighted>0</bIsWeighted>
      <QtyInPackage>1</QtyInPackage>
      <ItemPrice>9.90</ItemPrice>
      <UnitOfMeasurePrice>4.5833</UnitOfMeasurePrice>
      <AllowDiscount>1</AllowDiscount>
      <ItemStatus>1</ItemStatus>
      <ItemId>86383</ItemId>
    </Item>
    <Item>
      <PriceUpdateDate>2023-12-31 12:52:08</PriceUpdateDate>
      <ItemCode>3760040423517</ItemCode>
      <ItemType>1</ItemType>
      <ItemName>יין גראנש פול מאס 75</ItemName>
      <ManufacturerName>,</ManufacturerName>
      <ManufactureCountry>לא ידוע</ManufactureCountry>
      <ManufacturerItemDescription>יין גראנש פול מאס 750 מל</ManufacturerItemDescription>
      <UnitQty>מיליליטרים</UnitQty>
      <Quantity>750.00</Quantity>
      <UnitOfMeasure>100 מ"ל</UnitOfMeasure>
      <bIsWeighted>0</bIsWeighted>
      <QtyInPackage>1</QtyInPackage>
      <ItemPrice>44.90</ItemPrice>
      <UnitOfMeasurePrice>5.9867</UnitOfMeasurePrice>
      <AllowDiscount>1</AllowDiscount>
      <ItemStatus>1</ItemStatus>
      <ItemId>86386</ItemId>
    </Item>
    <Item>
      <PriceUpdateDate>2023-12-31 12:52:08</PriceUpdateDate>
      <ItemCode>3760040420714</ItemCode>
      <ItemType>1</ItemType>
      <ItemName>יין ורמנטינו פול מאס</ItemName>
      <ManufacturerName>,</ManufacturerName>
      <ManufactureCountry>לא ידוע</ManufactureCountry>
      <ManufacturerItemDescription>יין ורמנטינו פול מאס לבן 750 מל</ManufacturerItemDescription>
      <UnitQty>מיליליטרים</UnitQty>
      <Quantity>750.00</Quantity>
      <UnitOfMeasure>100 מ"ל</UnitOfMeasure>
      <bIsWeighted>0</bIsWeighted>
      <QtyInPackage>1</QtyInPackage>
      <ItemPrice>44.90</ItemPrice>
      <UnitOfMeasurePrice>5.9867</UnitOfMeasurePrice>
      <AllowDiscount>1</AllowDiscount>
      <ItemStatus>1</ItemStatus>
      <ItemId>86387</ItemId>
    </Item>
    <Item>
      <PriceUpdateDate>2023-12-31 12:52:08</PriceUpdateDate>
      <ItemCode>8001110138159</ItemCode>
      <ItemType>1</ItemType>
      <ItemName>ליקר לימונצלו איזולב</ItemName>
      <ManufacturerName>,</ManufacturerName>
      <ManufactureCountry>לא ידוע</ManufactureCountry>
      <ManufacturerItemDescription>ליקר לימונצלו איזולבלה 700 מל</ManufacturerItemDescription>
      <UnitQty>מיליליטרים</UnitQty>
      <Quantity>700.00</Quantity>
      <UnitOfMeasure>100 מ"ל</UnitOfMeasure>
      <bIsWeighted>0</bIsWeighted>
      <QtyInPackage>1</QtyInPackage>
      <ItemPrice>79.90</ItemPrice>
      <UnitOfMeasurePrice>11.4143</UnitOfMeasurePrice>
      <AllowDiscount>1</AllowDiscount>
      <ItemStatus>1</ItemStatus>
      <ItemId>86388</ItemId>
    </Item>
    <Item>
      <PriceUpdateDate>2024-07-05 08:38:47</PriceUpdateDate>
      <ItemCode>8004250095153</ItemCode>
      <ItemType>1</ItemType>
      <ItemName>חומץ תפוחים 1 ל</ItemName>
      <ManufacturerName>,</ManufacturerName>
      <ManufactureCountry>לא ידוע</ManufactureCountry>
      <ManufacturerItemDescription>חומץ תפוחים 1 ל</ManufacturerItemDescription>
      <UnitQty>ליטרים</UnitQty>
      <Quantity>1.00</Quantity>
      <UnitOfMeasure>ליטר    </UnitOfMeasure>
      <bIsWeighted>0</bIsWeighted>
      <QtyInPackage>1</QtyInPackage>
      <ItemPrice>9.90</ItemPrice>
      <UnitOfMeasurePrice>9.9000</UnitOfMeasurePrice>
      <AllowDiscount>1</AllowDiscount>
      <ItemStatus>1</ItemStatus>
      <ItemId>86391</ItemId>
    </Item>
    <Item>
      <PriceUpdateDate>2023-12-31 12:52:10</PriceUpdateDate>
      <ItemCode>6901024523329</ItemCode>
      <ItemType>1</ItemType>
      <ItemName>כדורים לבנים 3 יח</ItemName>
      <ManufacturerName>,</ManufacturerName>
      <ManufactureCountry>לא ידוע</ManufactureCountry>
      <ManufacturerItemDescription>כדורים לבנים 3 יח</ManufacturerItemDescription>
      <UnitQty>Unknown </UnitQty>
      <Quantity>1.00</Quantity>
      <UnitOfMeasure>Unknown </UnitOfMeasure>
      <bIsWeighted>0</bIsWeighted>
      <QtyInPackage>1</QtyInPackage>
      <ItemPrice>14.90</ItemPrice>
      <UnitOfMeasurePrice>14.9000</UnitOfMeasurePrice>
      <AllowDiscount>1</AllowDiscount>
      <ItemStatus>1</ItemStatus>
      <ItemId>86549</ItemId>
    </Item>
    <Item>
      <PriceUpdateDate>2023-12-31 12:52:10</PriceUpdateDate>
      <ItemCode>6901024523343</ItemCode>
      <ItemType>1</ItemType>
      <ItemName>כדורים לבנים 3 יח</ItemName>
      <ManufacturerName>,</ManufacturerName>
      <ManufactureCountry>לא ידוע</ManufactureCountry>
      <ManufacturerItemDescription>כדורים לבנים 3 יח</ManufacturerItemDescription>
      <UnitQty>Unknown </UnitQty>
      <Quantity>1.00</Quantity>
      <UnitOfMeasure>Unknown </UnitOfMeasure>
      <bIsWeighted>0</bIsWeighted>
      <QtyInPackage>1</QtyInPackage>
      <ItemPrice>14.90</ItemPrice>
      <UnitOfMeasurePrice>14.9000</UnitOfMeasurePrice>
      <AllowDiscount>1</AllowDiscount>
      <ItemStatus>1</ItemStatus>
      <ItemId>86551</ItemId>
    </Item>
    <Item>
      <PriceUpdateDate>2023-12-31 12:52:10</PriceUpdateDate>
      <ItemCode>6901024523404</ItemCode>
      <ItemType>1</ItemType>
      <ItemName>כדורים פנים של כלב 2</ItemName>
      <ManufacturerName>,</ManufacturerName>
      <ManufactureCountry>לא ידוע</ManufactureCountry>
      <ManufacturerItemDescription>כדורים פנים של כלב 2</ManufacturerItemDescription>
      <UnitQty>Unknown </UnitQty>
      <Quantity>1.00</Quantity>
      <UnitOfMeasure>Unknown </UnitOfMeasure>
      <bIsWeighted>0</bIsWeighted>
      <QtyInPackage>1</QtyInPackage>
      <ItemPrice>24.90</ItemPrice>
      <UnitOfMeasurePrice>24.9000</UnitOfMeasurePrice>
      <AllowDiscount>1</AllowDiscount>
      <ItemStatus>1</ItemStatus>
      <ItemId>86555</ItemId>
    </Item>
    <Item>
      <PriceUpdateDate>2023-12-31 12:52:10</PriceUpdateDate>
      <ItemCode>6901024523527</ItemCode>
      <ItemType>1</ItemType>
      <ItemName>שרשרת כדורים כחולים</ItemName>
      <ManufacturerName>,</ManufacturerName>
      <ManufactureCountry>לא ידוע</ManufactureCountry>
      <ManufacturerItemDescription>שרשרת כדורים כחולים</ManufacturerItemDescription>
      <UnitQty>Unknown </UnitQty>
      <Quantity>1.00</Quantity>
      <UnitOfMeasure>Unknown </UnitOfMeasure>
      <bIsWeighted>0</bIsWeighted>
      <QtyInPackage>1</QtyInPackage>
      <ItemPrice>15.90</ItemPrice>
      <UnitOfMeasurePrice>15.9000</UnitOfMeasurePrice>
      <AllowDiscount>1</AllowDiscount>
      <ItemStatus>1</ItemStatus>
      <ItemId>86567</ItemId>
    </Item>
    <Item>
      <PriceUpdateDate>2023-12-31 12:52:10</PriceUpdateDate>
      <ItemCode>6901024523701</ItemCode>
      <ItemType>1</ItemType>
      <ItemName>קישוט כיסאות 2 יח</ItemName>
      <ManufacturerName>,</ManufacturerName>
      <ManufactureCountry>לא ידוע</ManufactureCountry>
      <ManufacturerItemDescription>קישוט כיסאות 2 יח</ManufacturerItemDescription>
      <UnitQty>Unknown </UnitQty>
      <Quantity>1.00</Quantity>
      <UnitOfMeasure>Unknown </UnitOfMeasure>
      <bIsWeighted>0</bIsWeighted>
      <QtyInPackage>1</QtyInPackage>
      <ItemPrice>8.90</ItemPrice>
      <UnitOfMeasurePrice>8.9000</UnitOfMeasurePrice>
      <AllowDiscount>1</AllowDiscount>
      <ItemStatus>1</ItemStatus>
      <ItemId>86581</ItemId>
    </Item>
    <Item>
      <PriceUpdateDate>2023-12-31 12:52:10</PriceUpdateDate>
      <ItemCode>6901333234626</ItemCode>
      <ItemType>1</ItemType>
      <ItemName>כדורים שחורים 12 יח</ItemName>
      <ManufacturerName>,</ManufacturerName>
      <ManufactureCountry>לא ידוע</ManufactureCountry>
      <ManufacturerItemDescription>כדורים שחורים 12 יח</ManufacturerItemDescription>
      <UnitQty>Unknown </UnitQty>
      <Quantity>1.00</Quantity>
      <UnitOfMeasure>Unknown </UnitOfMeasure>
      <bIsWeighted>0</bIsWeighted>
      <QtyInPackage>1</QtyInPackage>
      <ItemPrice>15.90</ItemPrice>
      <UnitOfMeasurePrice>15.9000</UnitOfMeasurePrice>
      <AllowDiscount>1</AllowDiscount>
      <ItemStatus>1</ItemStatus>
      <ItemId>86616</ItemId>
    </Item>
    <Item>
      <PriceUpdateDate>2023-12-31 12:52:10</PriceUpdateDate>
      <ItemCode>6901333234633</ItemCode>
      <ItemType>1</ItemType>
      <ItemName>כדורים 8 יח</ItemName>
      <ManufacturerName>,</ManufacturerName>
      <ManufactureCountry>לא ידוע</ManufactureCountry>
      <ManufacturerItemDescription>כדורים 8 יח</ManufacturerItemDescription>
      <UnitQty>Unknown </UnitQty>
      <Quantity>1.00</Quantity>
      <UnitOfMeasure>Unknown </UnitOfMeasure>
      <bIsWeighted>0</bIsWeighted>
      <QtyInPackage>1</QtyInPackage>
      <ItemPrice>14.90</ItemPrice>
      <UnitOfMeasurePrice>14.9000</UnitOfMeasurePrice>
      <AllowDiscount>1</AllowDiscount>
      <ItemStatus>1</ItemStatus>
      <ItemId>86617</ItemId>
    </Item>
    <Item>
      <PriceUpdateDate>2023-12-31 12:52:10</PriceUpdateDate>
      <ItemCode>6901333234671</ItemCode>
      <ItemType>1</ItemType>
      <ItemName>כדורים שחורים 6 יח</ItemName>
      <ManufacturerName>,</ManufacturerName>
      <ManufactureCountry>לא ידוע</ManufactureCountry>
      <ManufacturerItemDescription>כדורים שחורים 6 יח</ManufacturerItemDescription>
      <UnitQty>Unknown </UnitQty>
      <Quantity>1.00</Quantity>
      <UnitOfMeasure>Unknown </UnitOfMeasure>
      <bIsWeighted>0</bIsWeighted>
      <QtyInPackage>1</QtyInPackage>
      <ItemPrice>15.90</ItemPrice>
      <UnitOfMeasurePrice>15.9000</UnitOfMeasurePrice>
      <AllowDiscount>1</AllowDiscount>
      <ItemStatus>1</ItemStatus>
      <ItemId>86620</ItemId>
    </Item>
    <Item>
      <PriceUpdateDate>2023-12-31 12:52:11</PriceUpdateDate>
      <ItemCode>6901333234817</ItemCode>
      <ItemType>1</ItemType>
      <ItemName>כדורים במארז 12 יח</ItemName>
      <ManufacturerName>,</ManufacturerName>
      <ManufactureCountry>לא ידוע</ManufactureCountry>
      <ManufacturerItemDescription>כדורים במארז 12 יח</ManufacturerItemDescription>
      <UnitQty>Unknown </UnitQty>
      <Quantity>1.00</Quantity>
      <UnitOfMeasure>Unknown </UnitOfMeasure>
      <bIsWeighted>0</bIsWeighted>
      <QtyInPackage>1</QtyInPackage>
      <ItemPrice>29.90</ItemPrice>
      <UnitOfMeasurePrice>29.9000</UnitOfMeasurePrice>
      <AllowDiscount>1</AllowDiscount>
      <ItemStatus>1</ItemStatus>
      <ItemId>86630</ItemId>
    </Item>
    <Item>
      <PriceUpdateDate>2025-12-11 14:31:36</PriceUpdateDate>
      <ItemCode>6923803231416</ItemCode>
      <ItemType>1</ItemType>
      <ItemName>נר מואר עם אווירת חג</ItemName>
      <ManufacturerName>,</ManufacturerName>
      <ManufactureCountry>לא ידוע</ManufactureCountry>
      <ManufacturerItemDescription>נר מואר עם אווירת חג</ManufacturerItemDescription>
      <UnitQty>Unknown </UnitQty>
      <Quantity>1.00</Quantity>
      <UnitOfMeasure>Unknown </UnitOfMeasure>
      <bIsWeighted>0</bIsWeighted>
      <QtyInPackage>1</QtyInPackage>
      <ItemPrice>19.90</ItemPrice>
      <UnitOfMeasurePrice>19.9000</UnitOfMeasurePrice>
      <AllowDiscount>1</AllowDiscount>
      <ItemStatus>1</ItemStatus>
      <ItemId>86690</ItemId>
    </Item>
    <Item>
      <PriceUpdateDate>2023-12-31 12:52:11</PriceUpdateDate>
      <ItemCode>6932656881730</ItemCode>
      <ItemType>1</ItemType>
      <ItemName>קישוט מוזהב כוכב</ItemName>
      <ManufacturerName>,</ManufacturerName>
      <ManufactureCountry>לא ידוע</ManufactureCountry>
      <ManufacturerItemDescription>קישוט מוזהב כוכב</ManufacturerItemDescription>
      <UnitQty>Unknown </UnitQty>
      <Quantity>1.00</Quantity>
      <UnitOfMeasure>Unknown </UnitOfMeasure>
      <bIsWeighted>0</bIsWeighted>
      <QtyInPackage>1</QtyInPackage>
      <ItemPrice>9.90</ItemPrice>
      <UnitOfMeasurePrice>9.9000</UnitOfMeasurePrice>
      <AllowDiscount>1</AllowDiscount>
      <ItemStatus>1</ItemStatus>
      <ItemId>86698</ItemId>
    </Item>
    <Item>
      <PriceUpdateDate>2023-12-31 12:52:11</PriceUpdateDate>
      <ItemCode>6932656881747</ItemCode>
      <ItemType>1</ItemType>
      <ItemName>קישוט מוזהב פתית שלג</ItemName>
      <ManufacturerName>,</ManufacturerName>
      <ManufactureCountry>לא ידוע</ManufactureCountry>
      <ManufacturerItemDescription>קישוט מוזהב פתית שלג</ManufacturerItemDescription>
      <UnitQty>Unknown </UnitQty>
      <Quantity>1.00</Quantity>
      <UnitOfMeasure>Unknown </UnitOfMeasure>
      <bIsWeighted>0</bIsWeighted>
      <QtyInPackage>1</QtyInPackage>
      <ItemPrice>9.90</ItemPrice>
      <UnitOfMeasurePrice>9.9000</UnitOfMeasurePrice>
      <AllowDiscount>1</AllowDiscount>
      <ItemStatus>1</ItemStatus>
      <ItemId>86699</ItemId>
    </Item>
    <Item>
      <PriceUpdateDate>2023-12-31 12:52:11</PriceUpdateDate>
      <ItemCode>6932656882508</ItemCode>
      <ItemType>1</ItemType>
      <ItemName>סרט לקישוט</ItemName>
      <ManufacturerName>,</ManufacturerName>
      <ManufactureCountry>לא ידוע</ManufactureCountry>
      <ManufacturerItemDescription>סרט לקישוט</ManufacturerItemDescription>
      <UnitQty>Unknown </UnitQty>
      <Quantity>1.00</Quantity>
      <UnitOfMeasure>Unknown </UnitOfMeasure>
      <bIsWeighted>0</bIsWeighted>
      <QtyInPackage>1</QtyInPackage>
      <ItemPrice>4.90</ItemPrice>
      <UnitOfMeasurePrice>4.9000</UnitOfMeasurePrice>
      <AllowDiscount>1</AllowDiscount>
      <ItemStatus>1</ItemStatus>
      <ItemId>86718</ItemId>
    </Item>
    <Item>
      <PriceUpdateDate>2023-12-31 12:52:11</PriceUpdateDate>
      <ItemCode>6932656882515</ItemCode>
      <ItemType>1</ItemType>
      <ItemName>סרט לקישוט עבה</ItemName>
      <ManufacturerName>,</ManufacturerName>
      <ManufactureCountry>לא ידוע</ManufactureCountry>
      <ManufacturerItemDescription>סרט לקישוט עבה</ManufacturerItemDescription>
      <UnitQty>Unknown </UnitQty>
      <Quantity>1.00</Quantity>
      <UnitOfMeasure>Unknown </UnitOfMeasure>
      <bIsWeighted>0</bIsWeighted>
      <QtyInPackage>1</QtyInPackage>
      <ItemPrice>9.90</ItemPrice>
      <UnitOfMeasurePrice>9.9000</UnitOfMeasurePrice>
      <AllowDiscount>1</AllowDiscount>
      <ItemStatus>1</ItemStatus>
      <ItemId>86719</ItemId>
    </Item>
    <Item>
      <PriceUpdateDate>2023-12-31 12:52:11</PriceUpdateDate>
      <ItemCode>6932656882522</ItemCode>
      <ItemType>1</ItemType>
      <ItemName>סרט לקישוט עבה זהוב</ItemName>
      <ManufacturerName>,</ManufacturerName>
      <ManufactureCountry>לא ידוע</ManufactureCountry>
      <ManufacturerItemDescription>סרט לקישוט עבה זהוב</ManufacturerItemDescription>
      <UnitQty>Unknown </UnitQty>
      <Quantity>1.00</Quantity>
      <UnitOfMeasure>Unknown </UnitOfMeasure>
      <bIsWeighted>0</bIsWeighted>
      <QtyInPackage>1</QtyInPackage>
      <ItemPrice>9.90</ItemPrice>
      <UnitOfMeasurePrice>9.9000</UnitOfMeasurePrice>
      <AllowDiscount>1</AllowDiscount>
      <ItemStatus>1</ItemStatus>
      <ItemId>86720</ItemId>
    </Item>
    <Item>
      <PriceUpdateDate>2023-12-31 12:52:11</PriceUpdateDate>
      <ItemCode>6932656882676</ItemCode>
      <ItemType>1</ItemType>
      <ItemName>פתיתי שלג</ItemName>
      <ManufacturerName>,</ManufacturerName>
      <ManufactureCountry>לא ידוע</ManufactureCountry>
      <ManufacturerItemDescription>פתיתי שלג</ManufacturerItemDescription>
      <UnitQty>Unknown </UnitQty>
      <Quantity>1.00</Quantity>
      <UnitOfMeasure>Unknown </UnitOfMeasure>
      <bIsWeighted>0</bIsWeighted>
      <QtyInPackage>1</QtyInPackage>
      <ItemPrice>39.90</ItemPrice>
      <UnitOfMeasurePrice>39.9000</UnitOfMeasurePrice>
      <AllowDiscount>1</AllowDiscount>
      <ItemStatus>1</ItemStatus>
      <ItemId>86721</ItemId>
    </Item>
    <Item>
      <PriceUpdateDate>2023-12-31 12:52:11</PriceUpdateDate>
      <ItemCode>6935434101099</ItemCode>
      <ItemType>1</ItemType>
      <ItemName>ענף עץ אשוח עם פירות</ItemName>
      <ManufacturerName>,</ManufacturerName>
      <ManufactureCountry>לא ידוע</ManufactureCountry>
      <ManufacturerItemDescription>ענף עץ אשוח עם פירות</ManufacturerItemDescription>
      <UnitQty>Unknown </UnitQty>
      <Quantity>1.00</Quantity>
      <UnitOfMeasure>Unknown </UnitOfMeasure>
      <bIsWeighted>0</bIsWeighted>
      <QtyInPackage>1</QtyInPackage>
      <ItemPrice>119.90</ItemPrice>
      <UnitOfMeasurePrice>119.9000</UnitOfMeasurePrice>
      <AllowDiscount>1</AllowDiscount>
      <ItemStatus>1</ItemStatus>
      <ItemId>86733</ItemId>
    </Item>
    <Item>
      <PriceUpdateDate>2023-12-31 12:52:12</PriceUpdateDate>
      <ItemCode>7898526801590</ItemCode>
      <ItemType>1</ItemType>
      <ItemName>תיק אדום ליין</ItemName>
      <ManufacturerName>,</ManufacturerName>
      <ManufactureCountry>לא ידוע</ManufactureCountry>
      <ManufacturerItemDescription>תיק אדום ליין</ManufacturerItemDescription>
      <UnitQty>Unknown </UnitQty>
      <Quantity>1.00</Quantity>
      <UnitOfMeasure>Unknown </UnitOfMeasure>
      <bIsWeighted>0</bIsWeighted>
      <QtyInPackage>1</QtyInPackage>
      <ItemPrice>12.90</ItemPrice>
      <UnitOfMeasurePrice>12.9000</UnitOfMeasurePrice>
      <AllowDiscount>1</AllowDiscount>
      <ItemStatus>1</ItemStatus>
      <ItemId>86829</ItemId>
    </Item>
    <Item>
      <PriceUpdateDate>2023-12-31 12:52:13</PriceUpdateDate>
      <ItemCode>7290019538097</ItemCode>
      <ItemType>1</ItemType>
      <ItemName>קוויאר אדום גולד 180</ItemName>
      <ManufacturerName>,</ManufacturerName>
      <ManufactureCountry>לא ידוע</ManufactureCountry>
      <ManufacturerItemDescription>קוויאר אדום גולד 180 גר</ManufacturerItemDescription>
      <UnitQty>גרמים</UnitQty>
      <Quantity>180.00</Quantity>
      <UnitOfMeasure>100 גרם</UnitOfMeasure>
      <bIsWeighted>0</bIsWeighted>
      <QtyInPackage>1</QtyInPackage>
      <ItemPrice>84.90</ItemPrice>
      <UnitOfMeasurePrice>47.1667</UnitOfMeasurePrice>
      <AllowDiscount>1</AllowDiscount>
      <ItemStatus>1</ItemStatus>
      <ItemId>87059</ItemId>
    </Item>
    <Item>
      <PriceUpdateDate>2025-04-02 13:22:10</PriceUpdateDate>
      <ItemCode>4607167195066</ItemCode>
      <ItemType>1</ItemType>
      <ItemName>ריבת חזרזר מבושל בסו</ItemName>
      <ManufacturerName>,</ManufacturerName>
      <ManufactureCountry>לא ידוע</ManufactureCountry>
      <ManufacturerItemDescription>ריבת חזרזר מבושל בסוכר 550 גר</ManufacturerItemDescription>
      <UnitQty>גרמים</UnitQty>
      <Quantity>550.00</Quantity>
      <UnitOfMeasure>100 גרם</UnitOfMeasure>
      <bIsWeighted>0</bIsWeighted>
      <QtyInPackage>1</QtyInPackage>
      <ItemPrice>34.90</ItemPrice>
      <UnitOfMeasurePrice>6.3455</UnitOfMeasurePrice>
      <AllowDiscount>1</AllowDiscount>
      <ItemStatus>1</ItemStatus>
      <ItemId>87060</ItemId>
    </Item>
    <Item>
      <PriceUpdateDate>2025-04-02 13:22:10</PriceUpdateDate>
      <ItemCode>4607167195134</ItemCode>
      <ItemType>1</ItemType>
      <ItemName>ריבת משמש מבושל בסוכ</ItemName>
      <ManufacturerName>,</ManufacturerName>
      <ManufactureCountry>לא ידוע</ManufactureCountry>
      <ManufacturerItemDescription>ריבת משמש מבושל בסוכר 550 גר</ManufacturerItemDescription>
      <UnitQty>גרמים</UnitQty>
      <Quantity>550.00</Quantity>
      <UnitOfMeasure>100 גרם</UnitOfMeasure>
      <bIsWeighted>0</bIsWeighted>
      <QtyInPackage>1</QtyInPackage>
      <ItemPrice>34.90</ItemPrice>
      <UnitOfMeasurePrice>6.3455</UnitOfMeasurePrice>
      <AllowDiscount>1</AllowDiscount>
      <ItemStatus>1</ItemStatus>
      <ItemId>87061</ItemId>
    </Item>
    <Item>
      <PriceUpdateDate>2025-04-02 13:22:10</PriceUpdateDate>
      <ItemCode>4607167195158</ItemCode>
      <ItemType>1</ItemType>
      <ItemName>ריבת דובדבן מבושל בס</ItemName>
      <ManufacturerName>,</ManufacturerName>
      <ManufactureCountry>לא ידוע</ManufactureCountry>
      <ManufacturerItemDescription>ריבת דובדבן מבושל בסוכר 550 גר</ManufacturerItemDescription>
      <UnitQty>גרמים</UnitQty>
      <Quantity>550.00</Quantity>
      <UnitOfMeasure>100 גרם</UnitOfMeasure>
      <bIsWeighted>0</bIsWeighted>
      <QtyInPackage>1</QtyInPackage>
      <ItemPrice>34.90</ItemPrice>
      <UnitOfMeasurePrice>6.3455</UnitOfMeasurePrice>
      <AllowDiscount>1</AllowDiscount>
      <ItemStatus>1</ItemStatus>
      <ItemId>87062</ItemId>
    </Item>
    <Item>
      <PriceUpdateDate>2025-04-02 13:22:10</PriceUpdateDate>
      <ItemCode>4607167195202</ItemCode>
      <ItemType>1</ItemType>
      <ItemName>ריבת פטל  מבושל בסוכ</ItemName>
      <ManufacturerName>,</ManufacturerName>
      <ManufactureCountry>לא ידוע</ManufactureCountry>
      <ManufacturerItemDescription>ריבת פטל  מבושל בסוכר 550 גר</ManufacturerItemDescription>
      <UnitQty>גרמים</UnitQty>
      <Quantity>550.00</Quantity>
      <UnitOfMeasure>100 גרם</UnitOfMeasure>
      <bIsWeighted>0</bIsWeighted>
      <QtyInPackage>1</QtyInPackage>
      <ItemPrice>34.90</ItemPrice>
      <UnitOfMeasurePrice>6.3455</UnitOfMeasurePrice>
      <AllowDiscount>1</AllowDiscount>
      <ItemStatus>1</ItemStatus>
      <ItemId>87065</ItemId>
    </Item>
    <Item>
      <PriceUpdateDate>2025-04-02 13:22:10</PriceUpdateDate>
      <ItemCode>4607167195233</ItemCode>
      <ItemType>1</ItemType>
      <ItemName>ריבת אוכמניות מבושל</ItemName>
      <ManufacturerName>,</ManufacturerName>
      <ManufactureCountry>לא ידוע</ManufactureCountry>
      <ManufacturerItemDescription>ריבת אוכמניות מבושל בסוכר 550 גר</ManufacturerItemDescription>
      <UnitQty>גרמים</UnitQty>
      <Quantity>550.00</Quantity>
      <UnitOfMeasure>100 גרם</UnitOfMeasure>
      <bIsWeighted>0</bIsWeighted>
      <QtyInPackage>1</QtyInPackage>
      <ItemPrice>34.90</ItemPrice>
      <UnitOfMeasurePrice>6.3455</UnitOfMeasurePrice>
      <AllowDiscount>1</AllowDiscount>
      <ItemStatus>1</ItemStatus>
      <ItemId>87067</ItemId>
    </Item>
    <Item>
      <PriceUpdateDate>2025-11-09 14:55:21</PriceUpdateDate>
      <ItemCode>4101540707117</ItemCode>
      <ItemType>1</ItemType>
      <ItemName>עוגת שטולן עם פירות</ItemName>
      <ManufacturerName>,</ManufacturerName>
      <ManufactureCountry>לא ידוע</ManufactureCountry>
      <ManufacturerItemDescription>עוגת שטולן 750 גר</ManufacturerItemDescription>
      <UnitQty>גרמים</UnitQty>
      <Quantity>750.00</Quantity>
      <UnitOfMeasure>100 גרם</UnitOfMeasure>
      <bIsWeighted>0</bIsWeighted>
      <QtyInPackage>1</QtyInPackage>
      <ItemPrice>38.90</ItemPrice>
      <UnitOfMeasurePrice>5.1867</UnitOfMeasurePrice>
      <AllowDiscount>1</AllowDiscount>
      <ItemStatus>1</ItemStatus>
      <ItemId>87146</ItemId>
    </Item>
    <Item>
      <PriceUpdateDate>2025-11-09 14:54:58</PriceUpdateDate>
      <ItemCode>4101540707124</ItemCode>
      <ItemType>1</ItemType>
      <ItemName>עוגת שטולן מרציפן 75</ItemName>
      <ManufacturerName>,</ManufacturerName>
      <ManufactureCountry>לא ידוע</ManufactureCountry>
      <ManufacturerItemDescription>עוגת שטולן מרציפן 750 גר</ManufacturerItemDescription>
      <UnitQty>גרמים</UnitQty>
      <Quantity>750.00</Quantity>
      <UnitOfMeasure>100 גרם</UnitOfMeasure>
      <bIsWeighted>0</bIsWeighted>
      <QtyInPackage>1</QtyInPackage>
      <ItemPrice>42.90</ItemPrice>
      <UnitOfMeasurePrice>5.7200</UnitOfMeasurePrice>
      <AllowDiscount>1</AllowDiscount>
      <ItemStatus>1</ItemStatus>
      <ItemId>87147</ItemId>
    </Item>
    <Item>
      <PriceUpdateDate>2025-11-09 14:54:58</PriceUpdateDate>
      <ItemCode>4101540717031</ItemCode>
      <ItemType>1</ItemType>
      <ItemName>מגש עוגיות שטולן ביס</ItemName>
      <ManufacturerName>,</ManufacturerName>
      <ManufactureCountry>לא ידוע</ManufactureCountry>
      <ManufacturerItemDescription>מגש עוגיות שטולן ביס מרציפן 350 גר</ManufacturerItemDescription>
      <UnitQty>גרמים</UnitQty>
      <Quantity>350.00</Quantity>
      <UnitOfMeasure>100 גרם</UnitOfMeasure>
      <bIsWeighted>0</bIsWeighted>
      <QtyInPackage>1</QtyInPackage>
      <ItemPrice>31.90</ItemPrice>
      <UnitOfMeasurePrice>9.1143</UnitOfMeasurePrice>
      <AllowDiscount>1</AllowDiscount>
      <ItemStatus>1</ItemStatus>
      <ItemId>87148</ItemId>
    </Item>
    <Item>
      <PriceUpdateDate>2025-11-09 14:54:58</PriceUpdateDate>
      <ItemCode>4101540718748</ItemCode>
      <ItemType>1</ItemType>
      <ItemName>מגש עוגיות שטולן ביס</ItemName>
      <ManufacturerName>,</ManufacturerName>
      <ManufactureCountry>לא ידוע</ManufactureCountry>
      <ManufacturerItemDescription>מגש עוגיות שטולן ביס תפוחים 300 גר</ManufacturerItemDescription>
      <UnitQty>גרמים</UnitQty>
      <Quantity>300.00</Quantity>
      <UnitOfMeasure>100 גרם</UnitOfMeasure>
      <bIsWeighted>0</bIsWeighted>
      <QtyInPackage>1</QtyInPackage>
      <ItemPrice>31.90</ItemPrice>
      <UnitOfMeasurePrice>10.6333</UnitOfMeasurePrice>
      <AllowDiscount>1</AllowDiscount>
      <ItemStatus>1</ItemStatus>
      <ItemId>87149</ItemId>
    </Item>
    <Item>
      <PriceUpdateDate>2025-11-07 09:00:11</PriceUpdateDate>
      <ItemCode>7290006963062</ItemCode>
      <ItemType>1</ItemType>
      <ItemName>בונבוניירת פח משאית</ItemName>
      <ManufacturerName>,</ManufacturerName>
      <ManufactureCountry>לא ידוע</ManufactureCountry>
      <ManufacturerItemDescription>בונבוניירת פח משאית קריסמס 260 גר</ManufacturerItemDescription>
      <UnitQty>גרמים</UnitQty>
      <Quantity>250.00</Quantity>
      <UnitOfMeasure>100 גרם</UnitOfMeasure>
      <bIsWeighted>0</bIsWeighted>
      <QtyInPackage>1</QtyInPackage>
      <ItemPrice>46.90</ItemPrice>
      <UnitOfMeasurePrice>18.7600</UnitOfMeasurePrice>
      <AllowDiscount>1</AllowDiscount>
      <ItemStatus>1</ItemStatus>
      <ItemId>87151</ItemId>
    </Item>
    <Item>
      <PriceUpdateDate>2023-12-31 12:52:14</PriceUpdateDate>
      <ItemCode>4820179257830</ItemCode>
      <ItemType>1</ItemType>
      <ItemName>פירה להכנה מהירה בטע</ItemName>
      <ManufacturerName>,</ManufacturerName>
      <ManufactureCountry>לא ידוע</ManufactureCountry>
      <ManufacturerItemDescription>פירה להכנה מהירה בטעם עוף שקית 40 גר</ManufacturerItemDescription>
      <UnitQty>גרמים</UnitQty>
      <Quantity>40.00</Quantity>
      <UnitOfMeasure>100 גרם</UnitOfMeasure>
      <bIsWeighted>0</bIsWeighted>
      <QtyInPackage>1</QtyInPackage>
      <ItemPrice>3.90</ItemPrice>
      <UnitOfMeasurePrice>9.7500</UnitOfMeasurePrice>
      <AllowDiscount>1</AllowDiscount>
      <ItemStatus>1</ItemStatus>
      <ItemId>87158</ItemId>
    </Item>
    <Item>
      <PriceUpdateDate>2023-12-31 12:52:14</PriceUpdateDate>
      <ItemCode>4820179257854</ItemCode>
      <ItemType>1</ItemType>
      <ItemName>פירה להכנה מהירה בטע</ItemName>
      <ManufacturerName>,</ManufacturerName>
      <ManufactureCountry>לא ידוע</ManufactureCountry>
      <ManufacturerItemDescription>פירה להכנה מהירה בטעם בקר שקית 40 גר</ManufacturerItemDescription>
      <UnitQty>גרמים</UnitQty>
      <Quantity>40.00</Quantity>
      <UnitOfMeasure>100 גרם</UnitOfMeasure>
      <bIsWeighted>0</bIsWeighted>
      <QtyInPackage>1</QtyInPackage>
      <ItemPrice>3.90</ItemPrice>
      <UnitOfMeasurePrice>9.7500</UnitOfMeasurePrice>
      <AllowDiscount>1</AllowDiscount>
      <ItemStatus>1</ItemStatus>
      <ItemId>87159</ItemId>
    </Item>
    <Item>
      <PriceUpdateDate>2023-12-31 12:52:14</PriceUpdateDate>
      <ItemCode>4820179257847</ItemCode>
      <ItemType>1</ItemType>
      <ItemName>פירה להכנה מהירה בטע</ItemName>
      <ManufacturerName>,</ManufacturerName>
      <ManufactureCountry>לא ידוע</ManufactureCountry>
      <ManufacturerItemDescription>פירה להכנה מהירה בטעם שמנת שקית 40 גר</ManufacturerItemDescription>
      <UnitQty>גרמים</UnitQty>
      <Quantity>40.00</Quantity>
      <UnitOfMeasure>100 גרם</UnitOfMeasure>
      <bIsWeighted>0</bIsWeighted>
      <QtyInPackage>1</QtyInPackage>
      <ItemPrice>3.90</ItemPrice>
      <UnitOfMeasurePrice>9.7500</UnitOfMeasurePrice>
      <AllowDiscount>1</AllowDiscount>
      <ItemStatus>1</ItemStatus>
      <ItemId>87160</ItemId>
    </Item>
    <Item>
      <PriceUpdateDate>2024-11-22 08:30:13</PriceUpdateDate>
      <ItemCode>4820225761540</ItemCode>
      <ItemType>1</ItemType>
      <ItemName>שמן חמניות מזוכך 900</ItemName>
      <ManufacturerName>,</ManufacturerName>
      <ManufactureCountry>לא ידוע</ManufactureCountry>
      <ManufacturerItemDescription>שמן חמניות מזוכך 900 מל</ManufacturerItemDescription>
      <UnitQty>מיליליטרים</UnitQty>
      <Quantity>900.00</Quantity>
      <UnitOfMeasure>100 מ"ל</UnitOfMeasure>
      <bIsWeighted>0</bIsWeighted>
      <QtyInPackage>1</QtyInPackage>
      <ItemPrice>12.90</ItemPrice>
      <UnitOfMeasurePrice>1.4333</UnitOfMeasurePrice>
      <AllowDiscount>1</AllowDiscount>
      <ItemStatus>1</ItemStatus>
      <ItemId>87167</ItemId>
    </Item>
    <Item>
      <PriceUpdateDate>2023-12-31 12:52:14</PriceUpdateDate>
      <ItemCode>4860102001130</ItemCode>
      <ItemType>1</ItemType>
      <ItemName>רוטב רימונים ללא תוס</ItemName>
      <ManufacturerName>,</ManufacturerName>
      <ManufactureCountry>לא ידוע</ManufactureCountry>
      <ManufacturerItemDescription>רוטב רימונים ללא תוספת סוכר 350 גר</ManufacturerItemDescription>
      <UnitQty>גרמים</UnitQty>
      <Quantity>350.00</Quantity>
      <UnitOfMeasure>100 גרם</UnitOfMeasure>
      <bIsWeighted>0</bIsWeighted>
      <QtyInPackage>1</QtyInPackage>
      <ItemPrice>27.90</ItemPrice>
      <UnitOfMeasurePrice>7.9714</UnitOfMeasurePrice>
      <AllowDiscount>1</AllowDiscount>
      <ItemStatus>1</ItemStatus>
      <ItemId>87241</ItemId>
    </Item>
    <Item>
      <PriceUpdateDate>2023-12-31 12:52:14</PriceUpdateDate>
      <ItemCode>5904194002527</ItemCode>
      <ItemType>1</ItemType>
      <ItemName>חזרת לבנה 170 גר</ItemName>
      <ManufacturerName>URBANEK</ManufacturerName>
      <ManufactureCountry>לא ידוע</ManufactureCountry>
      <ManufacturerItemDescription>חזרת לבנה 170 גר</ManufacturerItemDescription>
      <UnitQty>גרמים</UnitQty>
      <Quantity>170.00</Quantity>
      <UnitOfMeasure>100 גרם</UnitOfMeasure>
      <bIsWeighted>0</bIsWeighted>
      <QtyInPackage>1</QtyInPackage>
      <ItemPrice>9.90</ItemPrice>
      <UnitOfMeasurePrice>5.8235</UnitOfMeasurePrice>
      <AllowDiscount>1</AllowDiscount>
      <ItemStatus>1</ItemStatus>
      <ItemId>87264</ItemId>
    </Item>
    <Item>
      <PriceUpdateDate>2024-11-06 16:48:30</PriceUpdateDate>
      <ItemCode>4820209113792</ItemCode>
      <ItemType>1</ItemType>
      <ItemName>משקה קל מוגז בטעם בר</ItemName>
      <ManufacturerName>ביולה-ארלן</ManufacturerName>
      <ManufactureCountry>אוקראינה</ManufactureCountry>
      <ManufacturerItemDescription>משקה קל מוגז בטעם ברבריס 2 ל</ManufacturerItemDescription>
      <UnitQty>ליטרים</UnitQty>
      <Quantity>2.00</Quantity>
      <UnitOfMeasure>ליטר    </UnitOfMeasure>
      <bIsWeighted>0</bIsWeighted>
      <QtyInPackage>6</QtyInPackage>
      <ItemPrice>15.90</ItemPrice>
      <UnitOfMeasurePrice>7.9500</UnitOfMeasurePrice>
      <AllowDiscount>1</AllowDiscount>
      <ItemStatus>1</ItemStatus>
      <ItemId>87299</ItemId>
    </Item>
    <Item>
      <PriceUpdateDate>2024-11-06 16:48:27</PriceUpdateDate>
      <ItemCode>4820209114010</ItemCode>
      <ItemType>1</ItemType>
      <ItemName>משקה קל מוגז מוחיטו</ItemName>
      <ManufacturerName>,</ManufacturerName>
      <ManufactureCountry>לא ידוע</ManufactureCountry>
      <ManufacturerItemDescription>משקה קל מוגז מוחיטו 1 ל</ManufacturerItemDescription>
      <UnitQty>ליטרים</UnitQty>
      <Quantity>1.00</Quantity>
      <UnitOfMeasure>ליטר    </UnitOfMeasure>
      <bIsWeighted>0</bIsWeighted>
      <QtyInPackage>1</QtyInPackage>
      <ItemPrice>10.90</ItemPrice>
      <UnitOfMeasurePrice>10.9000</UnitOfMeasurePrice>
      <AllowDiscount>1</AllowDiscount>
      <ItemStatus>1</ItemStatus>
      <ItemId>87301</ItemId>
    </Item>
    <Item>
      <PriceUpdateDate>2025-10-19 19:55:11</PriceUpdateDate>
      <ItemCode>8710448639541</ItemCode>
      <ItemType>1</ItemType>
      <ItemName>רוטב אנדלוס 550 מל</ItemName>
      <ManufacturerName>ויטמרק</ManufacturerName>
      <ManufactureCountry>לא ידוע</ManufactureCountry>
      <ManufacturerItemDescription>רוטב אנדלוס 550 מל</ManufacturerItemDescription>
      <UnitQty>מיליליטרים</UnitQty>
      <Quantity>550.00</Quantity>
      <UnitOfMeasure>100 מ"ל</UnitOfMeasure>
      <bIsWeighted>0</bIsWeighted>
      <QtyInPackage>1</QtyInPackage>
      <ItemPrice>24.90</ItemPrice>
      <UnitOfMeasurePrice>4.5273</UnitOfMeasurePrice>
      <AllowDiscount>1</AllowDiscount>
      <ItemStatus>1</ItemStatus>
      <ItemId>87303</ItemId>
    </Item>
    <Item>
      <PriceUpdateDate>2025-11-16 08:54:36</PriceUpdateDate>
      <ItemCode>4260051077673</ItemCode>
      <ItemType>1</ItemType>
      <ItemName>ביצי דג פורל מומלח מ</ItemName>
      <ManufacturerName>,</ManufacturerName>
      <ManufactureCountry>לא ידוע</ManufactureCountry>
      <ManufacturerItemDescription>ביצי דג פורל מומלח מצונן מפוסטר 250 גר</ManufacturerItemDescription>
      <UnitQty>גרמים</UnitQty>
      <Quantity>250.00</Quantity>
      <UnitOfMeasure>100 גרם</UnitOfMeasure>
      <bIsWeighted>0</bIsWeighted>
      <QtyInPackage>1</QtyInPackage>
      <ItemPrice>139.90</ItemPrice>
      <UnitOfMeasurePrice>55.9600</UnitOfMeasurePrice>
      <AllowDiscount>1</AllowDiscount>
      <ItemStatus>1</ItemStatus>
      <ItemId>87382</ItemId>
    </Item>
    <Item>
      <PriceUpdateDate>2025-05-02 08:15:18</PriceUpdateDate>
      <ItemCode>4260051076942</ItemCode>
      <ItemType>1</ItemType>
      <ItemName>ביצי דג חדקן מומלח מ</ItemName>
      <ManufacturerName>,</ManufacturerName>
      <ManufactureCountry>לא ידוע</ManufactureCountry>
      <ManufacturerItemDescription>ביצי דג חדקן מומלח מצונן 50 גר</ManufacturerItemDescription>
      <UnitQty>גרמים</UnitQty>
      <Quantity>50.00</Quantity>
      <UnitOfMeasure>100 גרם</UnitOfMeasure>
      <bIsWeighted>0</bIsWeighted>
      <QtyInPackage>1</QtyInPackage>
      <ItemPrice>249.90</ItemPrice>
      <UnitOfMeasurePrice>499.8000</UnitOfMeasurePrice>
      <AllowDiscount>1</AllowDiscount>
      <ItemStatus>1</ItemStatus>
      <ItemId>87384</ItemId>
    </Item>
    <Item>
      <PriceUpdateDate>2023-12-31 12:52:15</PriceUpdateDate>
      <ItemCode>5901483085728</ItemCode>
      <ItemType>1</ItemType>
      <ItemName>קונפיטורת חמוציות 33</ItemName>
      <ManufacturerName>,</ManufacturerName>
      <ManufactureCountry>לא ידוע</ManufactureCountry>
      <ManufacturerItemDescription>קונפיטורת חמוציות 330 גר</ManufacturerItemDescription>
      <UnitQty>גרמים</UnitQty>
      <Quantity>330.00</Quantity>
      <UnitOfMeasure>100 גרם</UnitOfMeasure>
      <bIsWeighted>0</bIsWeighted>
      <QtyInPackage>1</QtyInPackage>
      <ItemPrice>14.90</ItemPrice>
      <UnitOfMeasurePrice>4.5152</UnitOfMeasurePrice>
      <AllowDiscount>1</AllowDiscount>
      <ItemStatus>1</ItemStatus>
      <ItemId>87399</ItemId>
    </Item>
    <Item>
      <PriceUpdateDate>2023-12-31 12:52:15</PriceUpdateDate>
      <ItemCode>5901483085742</ItemCode>
      <ItemType>1</ItemType>
      <ItemName>קונפיטורת פירות יער</ItemName>
      <ManufacturerName>,</ManufacturerName>
      <ManufactureCountry>לא ידוע</ManufactureCountry>
      <ManufacturerItemDescription>קונפיטורת פירות יער 330 גר</ManufacturerItemDescription>
      <UnitQty>גרמים</UnitQty>
      <Quantity>330.00</Quantity>
      <UnitOfMeasure>100 גרם</UnitOfMeasure>
      <bIsWeighted>0</bIsWeighted>
      <QtyInPackage>1</QtyInPackage>
      <ItemPrice>14.90</ItemPrice>
      <UnitOfMeasurePrice>4.5152</UnitOfMeasurePrice>
      <AllowDiscount>1</AllowDiscount>
      <ItemStatus>1</ItemStatus>
      <ItemId>87400</ItemId>
    </Item>
    <Item>
      <PriceUpdateDate>2023-12-31 12:52:15</PriceUpdateDate>
      <ItemCode>6903232214075</ItemCode>
      <ItemType>1</ItemType>
      <ItemName>כדורים 6 יח</ItemName>
      <ManufacturerName>,</ManufacturerName>
      <ManufactureCountry>לא ידוע</ManufactureCountry>
      <ManufacturerItemDescription>כדורים 6 יח</ManufacturerItemDescription>
      <UnitQty>Unknown </UnitQty>
      <Quantity>0.00</Quantity>
      <UnitOfMeasure>Unknown </UnitOfMeasure>
      <bIsWeighted>0</bIsWeighted>
      <QtyInPackage>1</QtyInPackage>
      <ItemPrice>14.90</ItemPrice>
      <UnitOfMeasurePrice>0.0000</UnitOfMeasurePrice>
      <AllowDiscount>1</AllowDiscount>
      <ItemStatus>1</ItemStatus>
      <ItemId>87406</ItemId>
    </Item>
    <Item>
      <PriceUpdateDate>2025-04-08 18:05:24</PriceUpdateDate>
      <ItemCode>4810074010203</ItemCode>
      <ItemType>1</ItemType>
      <ItemName>משקה עץ לבנה עם סוכר</ItemName>
      <ManufacturerName>,</ManufacturerName>
      <ManufactureCountry>לא ידוע</ManufactureCountry>
      <ManufacturerItemDescription>משקה עץ לבנה עם סוכר 1 ל</ManufacturerItemDescription>
      <UnitQty>ליטרים</UnitQty>
      <Quantity>1.00</Quantity>
      <UnitOfMeasure>ליטר    </UnitOfMeasure>
      <bIsWeighted>0</bIsWeighted>
      <QtyInPackage>1</QtyInPackage>
      <ItemPrice>12.90</ItemPrice>
      <UnitOfMeasurePrice>12.9000</UnitOfMeasurePrice>
      <AllowDiscount>1</AllowDiscount>
      <ItemStatus>1</ItemStatus>
      <ItemId>87407</ItemId>
    </Item>
    <Item>
      <PriceUpdateDate>2025-11-06 09:07:21</PriceUpdateDate>
      <ItemCode>9002859131745</ItemCode>
      <ItemType>1</ItemType>
      <ItemName>גונץ סנטה משוקולד עם</ItemName>
      <ManufacturerName>,</ManufacturerName>
      <ManufactureCountry>לא ידוע</ManufactureCountry>
      <ManufacturerItemDescription>גונץ סנטה משוקולד עם קרם חלב ברשת 85 גר</ManufacturerItemDescription>
      <UnitQty>גרמים</UnitQty>
      <Quantity>85.00</Quantity>
      <UnitOfMeasure>100 גרם</UnitOfMeasure>
      <bIsWeighted>0</bIsWeighted>
      <QtyInPackage>1</QtyInPackage>
      <ItemPrice>13.90</ItemPrice>
      <UnitOfMeasurePrice>16.3529</UnitOfMeasurePrice>
      <AllowDiscount>1</AllowDiscount>
      <ItemStatus>1</ItemStatus>
      <ItemId>102594</ItemId>
    </Item>
    <Item>
      <PriceUpdateDate>2023-12-31 12:52:17</PriceUpdateDate>
      <ItemCode>5516831120916</ItemCode>
      <ItemType>1</ItemType>
      <ItemName>צבי/ שומר אנגלי 3 יח</ItemName>
      <ManufacturerName>,</ManufacturerName>
      <ManufactureCountry>לא ידוע</ManufactureCountry>
      <ManufacturerItemDescription>צבי/ שומר אנגלי 3 יח</ManufacturerItemDescription>
      <UnitQty>Unknown </UnitQty>
      <Quantity>0.00</Quantity>
      <UnitOfMeasure>Unknown </UnitOfMeasure>
      <bIsWeighted>0</bIsWeighted>
      <QtyInPackage>1</QtyInPackage>
      <ItemPrice>14.90</ItemPrice>
      <UnitOfMeasurePrice>0.0000</UnitOfMeasurePrice>
      <AllowDiscount>1</AllowDiscount>
      <ItemStatus>1</ItemStatus>
      <ItemId>87564</ItemId>
    </Item>
    <Item>
      <PriceUpdateDate>2023-12-31 12:52:17</PriceUpdateDate>
      <ItemCode>7290018769317</ItemCode>
      <ItemType>1</ItemType>
      <ItemName>שמן אבוקדו בכבישה קר</ItemName>
      <ManufacturerName>,</ManufacturerName>
      <ManufactureCountry>לא ידוע</ManufactureCountry>
      <ManufacturerItemDescription>שמן אבוקדו בכבישה קרה 250 מל</ManufacturerItemDescription>
      <UnitQty>מיליליטרים</UnitQty>
      <Quantity>250.00</Quantity>
      <UnitOfMeasure>100 מ"ל</UnitOfMeasure>
      <bIsWeighted>0</bIsWeighted>
      <QtyInPackage>1</QtyInPackage>
      <ItemPrice>26.90</ItemPrice>
      <UnitOfMeasurePrice>10.7600</UnitOfMeasurePrice>
      <AllowDiscount>1</AllowDiscount>
      <ItemStatus>1</ItemStatus>
      <ItemId>87667</ItemId>
    </Item>
    <Item>
      <PriceUpdateDate>2023-12-31 12:52:17</PriceUpdateDate>
      <ItemCode>4670033814316</ItemCode>
      <ItemType>1</ItemType>
      <ItemName>אגר אגר 7 גר</ItemName>
      <ManufacturerName>,</ManufacturerName>
      <ManufactureCountry>לא ידוע</ManufactureCountry>
      <ManufacturerItemDescription>אגר אגר 7 גר</ManufacturerItemDescription>
      <UnitQty>גרמים</UnitQty>
      <Quantity>7.00</Quantity>
      <UnitOfMeasure>100 גרם</UnitOfMeasure>
      <bIsWeighted>0</bIsWeighted>
      <QtyInPackage>1</QtyInPackage>
      <ItemPrice>5.90</ItemPrice>
      <UnitOfMeasurePrice>84.2857</UnitOfMeasurePrice>
      <AllowDiscount>1</AllowDiscount>
      <ItemStatus>1</ItemStatus>
      <ItemId>87668</ItemId>
    </Item>
    <Item>
      <PriceUpdateDate>2024-03-21 08:27:56</PriceUpdateDate>
      <ItemCode>8002650008773</ItemCode>
      <ItemType>1</ItemType>
      <ItemName>קפסולות אספרסו סקאוו</ItemName>
      <ManufacturerName>,</ManufacturerName>
      <ManufactureCountry>לא ידוע</ManufactureCountry>
      <ManufacturerItemDescription>קפסולות אספרסו סקאוולה ערביקה 30 יח</ManufacturerItemDescription>
      <UnitQty>יחידה   </UnitQty>
      <Quantity>30.00</Quantity>
      <UnitOfMeasure>יחידה   </UnitOfMeasure>
      <bIsWeighted>0</bIsWeighted>
      <QtyInPackage>1</QtyInPackage>
      <ItemPrice>34.90</ItemPrice>
      <UnitOfMeasurePrice>1.1633</UnitOfMeasurePrice>
      <AllowDiscount>1</AllowDiscount>
      <ItemStatus>1</ItemStatus>
      <ItemId>87680</ItemId>
    </Item>
    <Item>
      <PriceUpdateDate>2023-12-31 12:52:18</PriceUpdateDate>
      <ItemCode>7290019304579</ItemCode>
      <ItemType>1</ItemType>
      <ItemName>פנקו פרורי לחם לבנים</ItemName>
      <ManufacturerName>Qingdao Sun-growing</ManufacturerName>
      <ManufactureCountry>סין</ManufactureCountry>
      <ManufacturerItemDescription>פנקו פרורי לחם לבנים 200 גר</ManufacturerItemDescription>
      <UnitQty>גרמים</UnitQty>
      <Quantity>200.00</Quantity>
      <UnitOfMeasure>100 גרם</UnitOfMeasure>
      <bIsWeighted>0</bIsWeighted>
      <QtyInPackage>24</QtyInPackage>
      <ItemPrice>7.90</ItemPrice>
      <UnitOfMeasurePrice>3.9500</UnitOfMeasurePrice>
      <AllowDiscount>1</AllowDiscount>
      <ItemStatus>1</ItemStatus>
      <ItemId>87697</ItemId>
    </Item>
    <Item>
      <PriceUpdateDate>2024-09-13 13:20:11</PriceUpdateDate>
      <ItemCode>3455720750433</ItemCode>
      <ItemType>1</ItemType>
      <ItemName>יין מבעבע אלכסנדר פר</ItemName>
      <ManufacturerName>,</ManufacturerName>
      <ManufactureCountry>לא ידוע</ManufactureCountry>
      <ManufacturerItemDescription>יין מבעבע אלכסנדר פרל רוזה ברוט 750 מל</ManufacturerItemDescription>
      <UnitQty>מיליליטרים</UnitQty>
      <Quantity>750.00</Quantity>
      <UnitOfMeasure>100 מ"ל</UnitOfMeasure>
      <bIsWeighted>0</bIsWeighted>
      <QtyInPackage>1</QtyInPackage>
      <ItemPrice>169.90</ItemPrice>
      <UnitOfMeasurePrice>22.6533</UnitOfMeasurePrice>
      <AllowDiscount>1</AllowDiscount>
      <ItemStatus>1</ItemStatus>
      <ItemId>87869</ItemId>
    </Item>
    <Item>
      <PriceUpdateDate>2023-12-31 12:52:19</PriceUpdateDate>
      <ItemCode>3770000016840</ItemCode>
      <ItemType>1</ItemType>
      <ItemName>שאבלי כריסטוף פטריס</ItemName>
      <ManufacturerName>,</ManufacturerName>
      <ManufactureCountry>לא ידוע</ManufactureCountry>
      <ManufacturerItemDescription>שאבלי כריסטוף פטריס</ManufacturerItemDescription>
      <UnitQty>מיליליטרים</UnitQty>
      <Quantity>750.00</Quantity>
      <UnitOfMeasure>100 מ"ל</UnitOfMeasure>
      <bIsWeighted>0</bIsWeighted>
      <QtyInPackage>1</QtyInPackage>
      <ItemPrice>89.00</ItemPrice>
      <UnitOfMeasurePrice>11.8667</UnitOfMeasurePrice>
      <AllowDiscount>1</AllowDiscount>
      <ItemStatus>1</ItemStatus>
      <ItemId>87883</ItemId>
    </Item>
    <Item>
      <PriceUpdateDate>2025-07-15 09:48:17</PriceUpdateDate>
      <ItemCode>4000161060116</ItemCode>
      <ItemType>1</ItemType>
      <ItemName>נידרגר שוקולד מריר מ</ItemName>
      <ManufacturerName>,</ManufacturerName>
      <ManufactureCountry>לא ידוע</ManufactureCountry>
      <ManufacturerItemDescription>נידרגר שוקולד מריר מ</ManufacturerItemDescription>
      <UnitQty>גרמים</UnitQty>
      <Quantity>110.00</Quantity>
      <UnitOfMeasure>100 גרם</UnitOfMeasure>
      <bIsWeighted>0</bIsWeighted>
      <QtyInPackage>1</QtyInPackage>
      <ItemPrice>23.90</ItemPrice>
      <UnitOfMeasurePrice>21.7273</UnitOfMeasurePrice>
      <AllowDiscount>1</AllowDiscount>
      <ItemStatus>1</ItemStatus>
      <ItemId>87899</ItemId>
    </Item>
    <Item>
      <PriceUpdateDate>2025-07-15 09:48:17</PriceUpdateDate>
      <ItemCode>4000161060161</ItemCode>
      <ItemType>1</ItemType>
      <ItemName>נידרגר שוקולד מריר ע</ItemName>
      <ManufacturerName>,</ManufacturerName>
      <ManufactureCountry>לא ידוע</ManufactureCountry>
      <ManufacturerItemDescription>נידרגר שוקולד מריר ע</ManufacturerItemDescription>
      <UnitQty>גרמים</UnitQty>
      <Quantity>110.00</Quantity>
      <UnitOfMeasure>100 גרם</UnitOfMeasure>
      <bIsWeighted>0</bIsWeighted>
      <QtyInPackage>1</QtyInPackage>
      <ItemPrice>23.90</ItemPrice>
      <UnitOfMeasurePrice>21.7273</UnitOfMeasurePrice>
      <AllowDiscount>1</AllowDiscount>
      <ItemStatus>1</ItemStatus>
      <ItemId>87901</ItemId>
    </Item>
    <Item>
      <PriceUpdateDate>2025-07-15 09:48:17</PriceUpdateDate>
      <ItemCode>4000161060260</ItemCode>
      <ItemType>1</ItemType>
      <ItemName>נידרגר שוקולד מריר ת</ItemName>
      <ManufacturerName>,</ManufacturerName>
      <ManufactureCountry>לא ידוע</ManufactureCountry>
      <ManufacturerItemDescription>נידרגר שוקולד מריר ת</ManufacturerItemDescription>
      <UnitQty>גרמים</UnitQty>
      <Quantity>110.00</Quantity>
      <UnitOfMeasure>100 גרם</UnitOfMeasure>
      <bIsWeighted>0</bIsWeighted>
      <QtyInPackage>1</QtyInPackage>
      <ItemPrice>23.90</ItemPrice>
      <UnitOfMeasurePrice>21.7273</UnitOfMeasurePrice>
      <AllowDiscount>1</AllowDiscount>
      <ItemStatus>1</ItemStatus>
      <ItemId>87902</ItemId>
    </Item>
    <Item>
      <PriceUpdateDate>2025-07-15 09:48:17</PriceUpdateDate>
      <ItemCode>4000161100157</ItemCode>
      <ItemType>1</ItemType>
      <ItemName>נידרגר-מרציפן קלאסי</ItemName>
      <ManufacturerName>,</ManufacturerName>
      <ManufactureCountry>לא ידוע</ManufactureCountry>
      <ManufacturerItemDescription>נידרגר-מרציפן קלאסי</ManufacturerItemDescription>
      <UnitQty>גרמים</UnitQty>
      <Quantity>100.00</Quantity>
      <UnitOfMeasure>100 גרם</UnitOfMeasure>
      <bIsWeighted>0</bIsWeighted>
      <QtyInPackage>1</QtyInPackage>
      <ItemPrice>30.90</ItemPrice>
      <UnitOfMeasurePrice>30.9000</UnitOfMeasurePrice>
      <AllowDiscount>1</AllowDiscount>
      <ItemStatus>1</ItemStatus>
      <ItemId>87904</ItemId>
    </Item>
    <Item>
      <PriceUpdateDate>2025-07-16 08:27:18</PriceUpdateDate>
      <ItemCode>5201119008542</ItemCode>
      <ItemType>1</ItemType>
      <ItemName>עלי גפן ממולאים באור</ItemName>
      <ManufacturerName>,</ManufacturerName>
      <ManufactureCountry>לא ידוע</ManufactureCountry>
      <ManufacturerItemDescription>עלי גפן ממולאים באורז 200 גר</ManufacturerItemDescription>
      <UnitQty>גרמים</UnitQty>
      <Quantity>200.00</Quantity>
      <UnitOfMeasure>100 גרם</UnitOfMeasure>
      <bIsWeighted>0</bIsWeighted>
      <QtyInPackage>1</QtyInPackage>
      <ItemPrice>17.90</ItemPrice>
      <UnitOfMeasurePrice>8.9500</UnitOfMeasurePrice>
      <AllowDiscount>1</AllowDiscount>
      <ItemStatus>1</ItemStatus>
      <ItemId>87966</ItemId>
    </Item>
    <Item>
      <PriceUpdateDate>2023-12-31 12:52:19</PriceUpdateDate>
      <ItemCode>6003105001860</ItemCode>
      <ItemType>1</ItemType>
      <ItemName>תערובת תיבול פלפל וש</ItemName>
      <ManufacturerName>,</ManufacturerName>
      <ManufactureCountry>לא ידוע</ManufactureCountry>
      <ManufacturerItemDescription>תערובת תיבול פלפל וש</ManufacturerItemDescription>
      <UnitQty>גרמים</UnitQty>
      <Quantity>180.00</Quantity>
      <UnitOfMeasure>100 גרם</UnitOfMeasure>
      <bIsWeighted>0</bIsWeighted>
      <QtyInPackage>1</QtyInPackage>
      <ItemPrice>24.90</ItemPrice>
      <UnitOfMeasurePrice>13.8333</UnitOfMeasurePrice>
      <AllowDiscount>1</AllowDiscount>
      <ItemStatus>1</ItemStatus>
      <ItemId>88021</ItemId>
    </Item>
    <Item>
      <PriceUpdateDate>2023-12-31 12:52:20</PriceUpdateDate>
      <ItemCode>6253017300012</ItemCode>
      <ItemType>1</ItemType>
      <ItemName>טחינה גולמית קרוואן</ItemName>
      <ManufacturerName>,</ManufacturerName>
      <ManufactureCountry>לא ידוע</ManufactureCountry>
      <ManufacturerItemDescription>טחינה גולמית קרוואן 500 גרם</ManufacturerItemDescription>
      <UnitQty>גרמים</UnitQty>
      <Quantity>500.00</Quantity>
      <UnitOfMeasure>100 גרם</UnitOfMeasure>
      <bIsWeighted>0</bIsWeighted>
      <QtyInPackage>1</QtyInPackage>
      <ItemPrice>19.90</ItemPrice>
      <UnitOfMeasurePrice>3.9800</UnitOfMeasurePrice>
      <AllowDiscount>1</AllowDiscount>
      <ItemStatus>1</ItemStatus>
      <ItemId>88045</ItemId>
    </Item>
    <Item>
      <PriceUpdateDate>2025-03-06 18:45:31</PriceUpdateDate>
      <ItemCode>693493029674</ItemCode>
      <ItemType>1</ItemType>
      <ItemName>דושפרה קווקזי במילוי</ItemName>
      <ManufacturerName>,</ManufacturerName>
      <ManufactureCountry>לא ידוע</ManufactureCountry>
      <ManufacturerItemDescription>דושפרה קווקזי במילוי</ManufacturerItemDescription>
      <UnitQty>גרמים</UnitQty>
      <Quantity>800.00</Quantity>
      <UnitOfMeasure>100 גרם</UnitOfMeasure>
      <bIsWeighted>0</bIsWeighted>
      <QtyInPackage>1</QtyInPackage>
      <ItemPrice>69.90</ItemPrice>
      <UnitOfMeasurePrice>8.7375</UnitOfMeasurePrice>
      <AllowDiscount>1</AllowDiscount>
      <ItemStatus>1</ItemStatus>
      <ItemId>88063</ItemId>
    </Item>
    <Item>
      <PriceUpdateDate>2024-04-02 12:18:36</PriceUpdateDate>
      <ItemCode>7290003078042</ItemCode>
      <ItemType>1</ItemType>
      <ItemName>פרג אריסה 250 גרם</ItemName>
      <ManufacturerName>,</ManufacturerName>
      <ManufactureCountry>לא ידוע</ManufactureCountry>
      <ManufacturerItemDescription>פרג אריסה 250 גרם</ManufacturerItemDescription>
      <UnitQty>גרמים</UnitQty>
      <Quantity>250.00</Quantity>
      <UnitOfMeasure>100 גרם</UnitOfMeasure>
      <bIsWeighted>0</bIsWeighted>
      <QtyInPackage>1</QtyInPackage>
      <ItemPrice>16.90</ItemPrice>
      <UnitOfMeasurePrice>6.7600</UnitOfMeasurePrice>
      <AllowDiscount>1</AllowDiscount>
      <ItemStatus>1</ItemStatus>
      <ItemId>88126</ItemId>
    </Item>
    <Item>
      <PriceUpdateDate>2024-04-02 12:18:36</PriceUpdateDate>
      <ItemCode>7290003078066</ItemCode>
      <ItemType>1</ItemType>
      <ItemName>פרג שום כתוש 250 גרם</ItemName>
      <ManufacturerName>,</ManufacturerName>
      <ManufactureCountry>לא ידוע</ManufactureCountry>
      <ManufacturerItemDescription>פרג שום כתוש 250 גרם</ManufacturerItemDescription>
      <UnitQty>גרמים</UnitQty>
      <Quantity>250.00</Quantity>
      <UnitOfMeasure>100 גרם</UnitOfMeasure>
      <bIsWeighted>0</bIsWeighted>
      <QtyInPackage>1</QtyInPackage>
      <ItemPrice>16.90</ItemPrice>
      <UnitOfMeasurePrice>6.7600</UnitOfMeasurePrice>
      <AllowDiscount>1</AllowDiscount>
      <ItemStatus>1</ItemStatus>
      <ItemId>88127</ItemId>
    </Item>
    <Item>
      <PriceUpdateDate>2024-04-02 12:18:36</PriceUpdateDate>
      <ItemCode>7290003078721</ItemCode>
      <ItemType>1</ItemType>
      <ItemName>פרג סחוג 250 גרם</ItemName>
      <ManufacturerName>,</ManufacturerName>
      <ManufactureCountry>לא ידוע</ManufactureCountry>
      <ManufacturerItemDescription>פרג סחוג 250 גרם</ManufacturerItemDescription>
      <UnitQty>גרמים</UnitQty>
      <Quantity>250.00</Quantity>
      <UnitOfMeasure>100 גרם</UnitOfMeasure>
      <bIsWeighted>0</bIsWeighted>
      <QtyInPackage>1</QtyInPackage>
      <ItemPrice>16.90</ItemPrice>
      <UnitOfMeasurePrice>6.7600</UnitOfMeasurePrice>
      <AllowDiscount>1</AllowDiscount>
      <ItemStatus>1</ItemStatus>
      <ItemId>88132</ItemId>
    </Item>
    <Item>
      <PriceUpdateDate>2023-12-31 12:52:20</PriceUpdateDate>
      <ItemCode>7290008855532</ItemCode>
      <ItemType>1</ItemType>
      <ItemName>רביולי מוצרלה 500 גר</ItemName>
      <ManufacturerName>,</ManufacturerName>
      <ManufactureCountry>לא ידוע</ManufactureCountry>
      <ManufacturerItemDescription>רביולי מוצרלה 500 גר</ManufacturerItemDescription>
      <UnitQty>גרמים</UnitQty>
      <Quantity>500.00</Quantity>
      <UnitOfMeasure>100 גרם</UnitOfMeasure>
      <bIsWeighted>0</bIsWeighted>
      <QtyInPackage>1</QtyInPackage>
      <ItemPrice>44.90</ItemPrice>
      <UnitOfMeasurePrice>8.9800</UnitOfMeasurePrice>
      <AllowDiscount>1</AllowDiscount>
      <ItemStatus>1</ItemStatus>
      <ItemId>88188</ItemId>
    </Item>
    <Item>
      <PriceUpdateDate>2023-12-31 12:52:20</PriceUpdateDate>
      <ItemCode>7290008855587</ItemCode>
      <ItemType>1</ItemType>
      <ItemName>רביולי ריקוטה 450 גר</ItemName>
      <ManufacturerName>,</ManufacturerName>
      <ManufactureCountry>לא ידוע</ManufactureCountry>
      <ManufacturerItemDescription>רביולי ריקוטה 450 גר</ManufacturerItemDescription>
      <UnitQty>גרמים</UnitQty>
      <Quantity>450.00</Quantity>
      <UnitOfMeasure>100 גרם</UnitOfMeasure>
      <bIsWeighted>0</bIsWeighted>
      <QtyInPackage>1</QtyInPackage>
      <ItemPrice>44.90</ItemPrice>
      <UnitOfMeasurePrice>9.9778</UnitOfMeasurePrice>
      <AllowDiscount>1</AllowDiscount>
      <ItemStatus>1</ItemStatus>
      <ItemId>88189</ItemId>
    </Item>
    <Item>
      <PriceUpdateDate>2023-12-31 12:52:20</PriceUpdateDate>
      <ItemCode>7290008855754</ItemCode>
      <ItemType>1</ItemType>
      <ItemName>רביולי ארטישוק חלבי</ItemName>
      <ManufacturerName>,</ManufacturerName>
      <ManufactureCountry>לא ידוע</ManufactureCountry>
      <ManufacturerItemDescription>רביולי ארטישוק חלבי</ManufacturerItemDescription>
      <UnitQty>גרמים</UnitQty>
      <Quantity>500.00</Quantity>
      <UnitOfMeasure>100 גרם</UnitOfMeasure>
      <bIsWeighted>0</bIsWeighted>
      <QtyInPackage>1</QtyInPackage>
      <ItemPrice>44.90</ItemPrice>
      <UnitOfMeasurePrice>8.9800</UnitOfMeasurePrice>
      <AllowDiscount>1</AllowDiscount>
      <ItemStatus>1</ItemStatus>
      <ItemId>88192</ItemId>
    </Item>
    <Item>
      <PriceUpdateDate>2025-03-11 17:33:26</PriceUpdateDate>
      <ItemCode>7290010298983</ItemCode>
      <ItemType>1</ItemType>
      <ItemName>יין טומאסי וולאפוליצ</ItemName>
      <ManufacturerName>,</ManufacturerName>
      <ManufactureCountry>לא ידוע</ManufactureCountry>
      <ManufacturerItemDescription>יין טומאסי וולאפוליצאלה 750 מל</ManufacturerItemDescription>
      <UnitQty>מיליליטרים</UnitQty>
      <Quantity>750.00</Quantity>
      <UnitOfMeasure>100 מ"ל</UnitOfMeasure>
      <bIsWeighted>0</bIsWeighted>
      <QtyInPackage>1</QtyInPackage>
      <ItemPrice>64.90</ItemPrice>
      <UnitOfMeasurePrice>8.6533</UnitOfMeasurePrice>
      <AllowDiscount>1</AllowDiscount>
      <ItemStatus>1</ItemStatus>
      <ItemId>88198</ItemId>
    </Item>
    <Item>
      <PriceUpdateDate>2025-03-11 17:33:26</PriceUpdateDate>
      <ItemCode>7290010298990</ItemCode>
      <ItemType>1</ItemType>
      <ItemName>יין טומאסי רפאל וולא</ItemName>
      <ManufacturerName>,</ManufacturerName>
      <ManufactureCountry>לא ידוע</ManufactureCountry>
      <ManufacturerItemDescription>יין טומאסי רפאל וולאפוליצאלה 750 מל</ManufacturerItemDescription>
      <UnitQty>מיליליטרים</UnitQty>
      <Quantity>750.00</Quantity>
      <UnitOfMeasure>100 מ"ל</UnitOfMeasure>
      <bIsWeighted>0</bIsWeighted>
      <QtyInPackage>1</QtyInPackage>
      <ItemPrice>79.90</ItemPrice>
      <UnitOfMeasurePrice>10.6533</UnitOfMeasurePrice>
      <AllowDiscount>1</AllowDiscount>
      <ItemStatus>1</ItemStatus>
      <ItemId>88199</ItemId>
    </Item>
    <Item>
      <PriceUpdateDate>2024-06-18 08:39:08</PriceUpdateDate>
      <ItemCode>7290012077036</ItemCode>
      <ItemType>1</ItemType>
      <ItemName>עוגת שמרים שושנים 53</ItemName>
      <ManufacturerName>,</ManufacturerName>
      <ManufactureCountry>לא ידוע</ManufactureCountry>
      <ManufacturerItemDescription>עוגת שמרים שושנים 53</ManufacturerItemDescription>
      <UnitQty>גרמים</UnitQty>
      <Quantity>530.00</Quantity>
      <UnitOfMeasure>100 גרם</UnitOfMeasure>
      <bIsWeighted>0</bIsWeighted>
      <QtyInPackage>1</QtyInPackage>
      <ItemPrice>65.00</ItemPrice>
      <UnitOfMeasurePrice>12.2642</UnitOfMeasurePrice>
      <AllowDiscount>1</AllowDiscount>
      <ItemStatus>1</ItemStatus>
      <ItemId>88228</ItemId>
    </Item>
    <Item>
      <PriceUpdateDate>2023-12-31 12:52:21</PriceUpdateDate>
      <ItemCode>7290012077135</ItemCode>
      <ItemType>1</ItemType>
      <ItemName>עוגיות מעדן תמרים טב</ItemName>
      <ManufacturerName>,</ManufacturerName>
      <ManufactureCountry>לא ידוע</ManufactureCountry>
      <ManufacturerItemDescription>עוגיות מעדן תמרים טב</ManufacturerItemDescription>
      <UnitQty>גרמים</UnitQty>
      <Quantity>250.00</Quantity>
      <UnitOfMeasure>100 גרם</UnitOfMeasure>
      <bIsWeighted>0</bIsWeighted>
      <QtyInPackage>1</QtyInPackage>
      <ItemPrice>49.00</ItemPrice>
      <UnitOfMeasurePrice>19.6000</UnitOfMeasurePrice>
      <AllowDiscount>1</AllowDiscount>
      <ItemStatus>1</ItemStatus>
      <ItemId>88231</ItemId>
    </Item>
    <Item>
      <PriceUpdateDate>2024-06-13 18:01:43</PriceUpdateDate>
      <ItemCode>7290012077227</ItemCode>
      <ItemType>1</ItemType>
      <ItemName>עוגיות גריליאז 250 ג</ItemName>
      <ManufacturerName>,</ManufacturerName>
      <ManufactureCountry>לא ידוע</ManufactureCountry>
      <ManufacturerItemDescription>עוגיות גריליאז 250 ג</ManufacturerItemDescription>
      <UnitQty>גרמים</UnitQty>
      <Quantity>250.00</Quantity>
      <UnitOfMeasure>100 גרם</UnitOfMeasure>
      <bIsWeighted>0</bIsWeighted>
      <QtyInPackage>1</QtyInPackage>
      <ItemPrice>55.00</ItemPrice>
      <UnitOfMeasurePrice>22.0000</UnitOfMeasurePrice>
      <AllowDiscount>1</AllowDiscount>
      <ItemStatus>1</ItemStatus>
      <ItemId>88234</ItemId>
    </Item>
    <Item>
      <PriceUpdateDate>2023-12-31 12:52:21</PriceUpdateDate>
      <ItemCode>7290012077524</ItemCode>
      <ItemType>1</ItemType>
      <ItemName>עוגת בריוש שוקולד סו</ItemName>
      <ManufacturerName>,</ManufacturerName>
      <ManufactureCountry>לא ידוע</ManufactureCountry>
      <ManufacturerItemDescription>עוגת בריוש שוקולד סו</ManufacturerItemDescription>
      <UnitQty>גרמים</UnitQty>
      <Quantity>750.00</Quantity>
      <UnitOfMeasure>100 גרם</UnitOfMeasure>
      <bIsWeighted>0</bIsWeighted>
      <QtyInPackage>1</QtyInPackage>
      <ItemPrice>65.00</ItemPrice>
      <UnitOfMeasurePrice>8.6667</UnitOfMeasurePrice>
      <AllowDiscount>1</AllowDiscount>
      <ItemStatus>1</ItemStatus>
      <ItemId>88239</ItemId>
    </Item>
    <Item>
      <PriceUpdateDate>2023-12-31 12:52:21</PriceUpdateDate>
      <ItemCode>7290012077548</ItemCode>
      <ItemType>1</ItemType>
      <ItemName>עוגת מרנג קפה אגוז ל</ItemName>
      <ManufacturerName>,</ManufacturerName>
      <ManufactureCountry>לא ידוע</ManufactureCountry>
      <ManufacturerItemDescription>עוגת מרנג קפה אגוז ל</ManufacturerItemDescription>
      <UnitQty>גרמים</UnitQty>
      <Quantity>450.00</Quantity>
      <UnitOfMeasure>100 גרם</UnitOfMeasure>
      <bIsWeighted>0</bIsWeighted>
      <QtyInPackage>1</QtyInPackage>
      <ItemPrice>59.00</ItemPrice>
      <UnitOfMeasurePrice>13.1111</UnitOfMeasurePrice>
      <AllowDiscount>1</AllowDiscount>
      <ItemStatus>1</ItemStatus>
      <ItemId>88240</ItemId>
    </Item>
    <Item>
      <PriceUpdateDate>2025-01-01 09:13:44</PriceUpdateDate>
      <ItemCode>7290012077593</ItemCode>
      <ItemType>1</ItemType>
      <ItemName>פחזניות 500 גר</ItemName>
      <ManufacturerName>,</ManufacturerName>
      <ManufactureCountry>לא ידוע</ManufactureCountry>
      <ManufacturerItemDescription>פחזניות 500 גר</ManufacturerItemDescription>
      <UnitQty>גרמים</UnitQty>
      <Quantity>500.00</Quantity>
      <UnitOfMeasure>100 גרם</UnitOfMeasure>
      <bIsWeighted>0</bIsWeighted>
      <QtyInPackage>1</QtyInPackage>
      <ItemPrice>59.00</ItemPrice>
      <UnitOfMeasurePrice>11.8000</UnitOfMeasurePrice>
      <AllowDiscount>1</AllowDiscount>
      <ItemStatus>1</ItemStatus>
      <ItemId>88241</ItemId>
    </Item>
    <Item>
      <PriceUpdateDate>2025-11-18 11:02:43</PriceUpdateDate>
      <ItemCode>7290012077630</ItemCode>
      <ItemType>1</ItemType>
      <ItemName>עוגת שוקולד פאדג ללא</ItemName>
      <ManufacturerName>,</ManufacturerName>
      <ManufactureCountry>לא ידוע</ManufactureCountry>
      <ManufacturerItemDescription>עוגת שוקולד פאדג ללא</ManufacturerItemDescription>
      <UnitQty>גרמים</UnitQty>
      <Quantity>580.00</Quantity>
      <UnitOfMeasure>100 גרם</UnitOfMeasure>
      <bIsWeighted>0</bIsWeighted>
      <QtyInPackage>1</QtyInPackage>
      <ItemPrice>75.00</ItemPrice>
      <UnitOfMeasurePrice>12.9310</UnitOfMeasurePrice>
      <AllowDiscount>1</AllowDiscount>
      <ItemStatus>1</ItemStatus>
      <ItemId>88244</ItemId>
    </Item>
    <Item>
      <PriceUpdateDate>2024-06-13 18:01:43</PriceUpdateDate>
      <ItemCode>7290012077852</ItemCode>
      <ItemType>1</ItemType>
      <ItemName>עוגת תפוחים קרמבל 58</ItemName>
      <ManufacturerName>,</ManufacturerName>
      <ManufactureCountry>לא ידוע</ManufactureCountry>
      <ManufacturerItemDescription>עוגת תפוחים קרמבל 58</ManufacturerItemDescription>
      <UnitQty>גרמים</UnitQty>
      <Quantity>580.00</Quantity>
      <UnitOfMeasure>100 גרם</UnitOfMeasure>
      <bIsWeighted>0</bIsWeighted>
      <QtyInPackage>1</QtyInPackage>
      <ItemPrice>69.00</ItemPrice>
      <UnitOfMeasurePrice>11.8966</UnitOfMeasurePrice>
      <AllowDiscount>1</AllowDiscount>
      <ItemStatus>1</ItemStatus>
      <ItemId>88254</ItemId>
    </Item>
    <Item>
      <PriceUpdateDate>2023-12-31 12:52:21</PriceUpdateDate>
      <ItemCode>7290012077944</ItemCode>
      <ItemType>1</ItemType>
      <ItemName>עוגת קרנץ גפונד 680</ItemName>
      <ManufacturerName>,</ManufacturerName>
      <ManufactureCountry>לא ידוע</ManufactureCountry>
      <ManufacturerItemDescription>עוגת קרנץ גפונד 680 גר</ManufacturerItemDescription>
      <UnitQty>גרמים</UnitQty>
      <Quantity>680.00</Quantity>
      <UnitOfMeasure>100 גרם</UnitOfMeasure>
      <bIsWeighted>0</bIsWeighted>
      <QtyInPackage>1</QtyInPackage>
      <ItemPrice>59.00</ItemPrice>
      <UnitOfMeasurePrice>8.6765</UnitOfMeasurePrice>
      <AllowDiscount>1</AllowDiscount>
      <ItemStatus>1</ItemStatus>
      <ItemId>88255</ItemId>
    </Item>
    <Item>
      <PriceUpdateDate>2023-12-31 12:52:21</PriceUpdateDate>
      <ItemCode>7290012078057</ItemCode>
      <ItemType>1</ItemType>
      <ItemName>עוגיות פיסטוק קקאו ל</ItemName>
      <ManufacturerName>,</ManufacturerName>
      <ManufactureCountry>לא ידוע</ManufactureCountry>
      <ManufacturerItemDescription>עוגיות פיסטוק קקאו ל</ManufacturerItemDescription>
      <UnitQty>גרמים</UnitQty>
      <Quantity>280.00</Quantity>
      <UnitOfMeasure>100 גרם</UnitOfMeasure>
      <bIsWeighted>0</bIsWeighted>
      <QtyInPackage>1</QtyInPackage>
      <ItemPrice>45.00</ItemPrice>
      <UnitOfMeasurePrice>16.0714</UnitOfMeasurePrice>
      <AllowDiscount>1</AllowDiscount>
      <ItemStatus>1</ItemStatus>
      <ItemId>88261</ItemId>
    </Item>
    <Item>
      <PriceUpdateDate>2023-12-31 12:52:21</PriceUpdateDate>
      <ItemCode>7290012078170</ItemCode>
      <ItemType>1</ItemType>
      <ItemName>עוגיות ריבועי שטרויז</ItemName>
      <ManufacturerName>,</ManufacturerName>
      <ManufactureCountry>לא ידוע</ManufactureCountry>
      <ManufacturerItemDescription>עוגיות ריבועי שטרויז</ManufacturerItemDescription>
      <UnitQty>גרמים</UnitQty>
      <Quantity>300.00</Quantity>
      <UnitOfMeasure>100 גרם</UnitOfMeasure>
      <bIsWeighted>0</bIsWeighted>
      <QtyInPackage>1</QtyInPackage>
      <ItemPrice>45.00</ItemPrice>
      <UnitOfMeasurePrice>15.0000</UnitOfMeasurePrice>
      <AllowDiscount>1</AllowDiscount>
      <ItemStatus>1</ItemStatus>
      <ItemId>88264</ItemId>
    </Item>
    <Item>
      <PriceUpdateDate>2023-12-31 12:52:21</PriceUpdateDate>
      <ItemCode>7290012078194</ItemCode>
      <ItemType>1</ItemType>
      <ItemName>עוגיות פלמיי 200 גר</ItemName>
      <ManufacturerName>,</ManufacturerName>
      <ManufactureCountry>לא ידוע</ManufactureCountry>
      <ManufacturerItemDescription>עוגיות פלמיי 200 גר</ManufacturerItemDescription>
      <UnitQty>גרמים</UnitQty>
      <Quantity>200.00</Quantity>
      <UnitOfMeasure>100 גרם</UnitOfMeasure>
      <bIsWeighted>0</bIsWeighted>
      <QtyInPackage>1</QtyInPackage>
      <ItemPrice>45.00</ItemPrice>
      <UnitOfMeasurePrice>22.5000</UnitOfMeasurePrice>
      <AllowDiscount>1</AllowDiscount>
      <ItemStatus>1</ItemStatus>
      <ItemId>88266</ItemId>
    </Item>
    <Item>
      <PriceUpdateDate>2023-12-31 12:52:21</PriceUpdateDate>
      <ItemCode>7290012078316</ItemCode>
      <ItemType>1</ItemType>
      <ItemName>עוגיות סהרוני אגוזים</ItemName>
      <ManufacturerName>,</ManufacturerName>
      <ManufactureCountry>לא ידוע</ManufactureCountry>
      <ManufacturerItemDescription>עוגיות סהרוני אגוזים</ManufacturerItemDescription>
      <UnitQty>גרמים</UnitQty>
      <Quantity>250.00</Quantity>
      <UnitOfMeasure>100 גרם</UnitOfMeasure>
      <bIsWeighted>0</bIsWeighted>
      <QtyInPackage>1</QtyInPackage>
      <ItemPrice>45.00</ItemPrice>
      <UnitOfMeasurePrice>18.0000</UnitOfMeasurePrice>
      <AllowDiscount>1</AllowDiscount>
      <ItemStatus>1</ItemStatus>
      <ItemId>88267</ItemId>
    </Item>
    <Item>
      <PriceUpdateDate>2023-12-31 12:52:21</PriceUpdateDate>
      <ItemCode>7290012078323</ItemCode>
      <ItemType>1</ItemType>
      <ItemName>עוגיות מלוחות מזרחיו</ItemName>
      <ManufacturerName>,</ManufacturerName>
      <ManufactureCountry>לא ידוע</ManufactureCountry>
      <ManufacturerItemDescription>עוגיות מלוחות מזרחיו</ManufacturerItemDescription>
      <UnitQty>גרמים</UnitQty>
      <Quantity>250.00</Quantity>
      <UnitOfMeasure>100 גרם</UnitOfMeasure>
      <bIsWeighted>0</bIsWeighted>
      <QtyInPackage>1</QtyInPackage>
      <ItemPrice>45.00</ItemPrice>
      <UnitOfMeasurePrice>18.0000</UnitOfMeasurePrice>
      <AllowDiscount>1</AllowDiscount>
      <ItemStatus>1</ItemStatus>
      <ItemId>88268</ItemId>
    </Item>
    <Item>
      <PriceUpdateDate>2024-06-18 08:39:09</PriceUpdateDate>
      <ItemCode>7290012078378</ItemCode>
      <ItemType>1</ItemType>
      <ItemName>עוגיות שקד לימון 240</ItemName>
      <ManufacturerName>,</ManufacturerName>
      <ManufactureCountry>לא ידוע</ManufactureCountry>
      <ManufacturerItemDescription>עוגיות שקד לימון 240</ManufacturerItemDescription>
      <UnitQty>גרמים</UnitQty>
      <Quantity>240.00</Quantity>
      <UnitOfMeasure>100 גרם</UnitOfMeasure>
      <bIsWeighted>0</bIsWeighted>
      <QtyInPackage>1</QtyInPackage>
      <ItemPrice>45.00</ItemPrice>
      <UnitOfMeasurePrice>18.7500</UnitOfMeasurePrice>
      <AllowDiscount>1</AllowDiscount>
      <ItemStatus>1</ItemStatus>
      <ItemId>88271</ItemId>
    </Item>
    <Item>
      <PriceUpdateDate>2025-01-01 09:13:44</PriceUpdateDate>
      <ItemCode>7290012078453</ItemCode>
      <ItemType>1</ItemType>
      <ItemName>עוגיות לבבות 300 גר</ItemName>
      <ManufacturerName>,</ManufacturerName>
      <ManufactureCountry>לא ידוע</ManufactureCountry>
      <ManufacturerItemDescription>עוגיות לבבות 300 גר</ManufacturerItemDescription>
      <UnitQty>גרמים</UnitQty>
      <Quantity>300.00</Quantity>
      <UnitOfMeasure>100 גרם</UnitOfMeasure>
      <bIsWeighted>0</bIsWeighted>
      <QtyInPackage>1</QtyInPackage>
      <ItemPrice>45.00</ItemPrice>
      <UnitOfMeasurePrice>15.0000</UnitOfMeasurePrice>
      <AllowDiscount>1</AllowDiscount>
      <ItemStatus>1</ItemStatus>
      <ItemId>88274</ItemId>
    </Item>
    <Item>
      <PriceUpdateDate>2025-01-01 09:13:44</PriceUpdateDate>
      <ItemCode>7290012078477</ItemCode>
      <ItemType>1</ItemType>
      <ItemName>עוגיות כוכבי קינמון</ItemName>
      <ManufacturerName>,</ManufacturerName>
      <ManufactureCountry>לא ידוע</ManufactureCountry>
      <ManufacturerItemDescription>עוגיות כוכבי קינמון</ManufacturerItemDescription>
      <UnitQty>גרמים</UnitQty>
      <Quantity>300.00</Quantity>
      <UnitOfMeasure>100 גרם</UnitOfMeasure>
      <bIsWeighted>0</bIsWeighted>
      <QtyInPackage>1</QtyInPackage>
      <ItemPrice>45.00</ItemPrice>
      <UnitOfMeasurePrice>15.0000</UnitOfMeasurePrice>
      <AllowDiscount>1</AllowDiscount>
      <ItemStatus>1</ItemStatus>
      <ItemId>88275</ItemId>
    </Item>
    <Item>
      <PriceUpdateDate>2023-12-31 12:52:21</PriceUpdateDate>
      <ItemCode>7290012078583</ItemCode>
      <ItemType>1</ItemType>
      <ItemName>עוגיות עמי ותמי לבן</ItemName>
      <ManufacturerName>,</ManufacturerName>
      <ManufactureCountry>לא ידוע</ManufactureCountry>
      <ManufacturerItemDescription>עוגיות עמי ותמי לבן</ManufacturerItemDescription>
      <UnitQty>גרמים</UnitQty>
      <Quantity>250.00</Quantity>
      <UnitOfMeasure>100 גרם</UnitOfMeasure>
      <bIsWeighted>0</bIsWeighted>
      <QtyInPackage>1</QtyInPackage>
      <ItemPrice>45.00</ItemPrice>
      <UnitOfMeasurePrice>18.0000</UnitOfMeasurePrice>
      <AllowDiscount>1</AllowDiscount>
      <ItemStatus>1</ItemStatus>
      <ItemId>88280</ItemId>
    </Item>
    <Item>
      <PriceUpdateDate>2023-12-31 12:52:21</PriceUpdateDate>
      <ItemCode>7290012078620</ItemCode>
      <ItemType>1</ItemType>
      <ItemName>עוגיות קנטוציני שקדי</ItemName>
      <ManufacturerName>,</ManufacturerName>
      <ManufactureCountry>לא ידוע</ManufactureCountry>
      <ManufacturerItemDescription>עוגיות קנטוציני שקדי</ManufacturerItemDescription>
      <UnitQty>גרמים</UnitQty>
      <Quantity>250.00</Quantity>
      <UnitOfMeasure>100 גרם</UnitOfMeasure>
      <bIsWeighted>0</bIsWeighted>
      <QtyInPackage>1</QtyInPackage>
      <ItemPrice>45.00</ItemPrice>
      <UnitOfMeasurePrice>18.0000</UnitOfMeasurePrice>
      <AllowDiscount>1</AllowDiscount>
      <ItemStatus>1</ItemStatus>
      <ItemId>88282</ItemId>
    </Item>
    <Item>
      <PriceUpdateDate>2023-12-31 12:52:21</PriceUpdateDate>
      <ItemCode>7290012078675</ItemCode>
      <ItemType>1</ItemType>
      <ItemName>עוגיות מלוחות גבינת</ItemName>
      <ManufacturerName>,</ManufacturerName>
      <ManufactureCountry>לא ידוע</ManufactureCountry>
      <ManufacturerItemDescription>עוגיות מלוחות גבינת</ManufacturerItemDescription>
      <UnitQty>גרמים</UnitQty>
      <Quantity>300.00</Quantity>
      <UnitOfMeasure>100 גרם</UnitOfMeasure>
      <bIsWeighted>0</bIsWeighted>
      <QtyInPackage>1</QtyInPackage>
      <ItemPrice>45.00</ItemPrice>
      <UnitOfMeasurePrice>15.0000</UnitOfMeasurePrice>
      <AllowDiscount>1</AllowDiscount>
      <ItemStatus>1</ItemStatus>
      <ItemId>88284</ItemId>
    </Item>
    <Item>
      <PriceUpdateDate>2023-12-31 12:52:21</PriceUpdateDate>
      <ItemCode>7290012078699</ItemCode>
      <ItemType>1</ItemType>
      <ItemName>עוגיות מלוחות קשקבל</ItemName>
      <ManufacturerName>,</ManufacturerName>
      <ManufactureCountry>לא ידוע</ManufactureCountry>
      <ManufacturerItemDescription>עוגיות מלוחות קשקבל פיטנטי 180 גר</ManufacturerItemDescription>
      <UnitQty>גרמים</UnitQty>
      <Quantity>180.00</Quantity>
      <UnitOfMeasure>100 גרם</UnitOfMeasure>
      <bIsWeighted>0</bIsWeighted>
      <QtyInPackage>1</QtyInPackage>
      <ItemPrice>45.00</ItemPrice>
      <UnitOfMeasurePrice>25.0000</UnitOfMeasurePrice>
      <AllowDiscount>1</AllowDiscount>
      <ItemStatus>1</ItemStatus>
      <ItemId>88285</ItemId>
    </Item>
    <Item>
      <PriceUpdateDate>2023-12-31 12:52:21</PriceUpdateDate>
      <ItemCode>7290012078712</ItemCode>
      <ItemType>1</ItemType>
      <ItemName>עוגיות ריבועי צהובה</ItemName>
      <ManufacturerName>,</ManufacturerName>
      <ManufactureCountry>לא ידוע</ManufactureCountry>
      <ManufacturerItemDescription>עוגיות ריבועי צהובה</ManufacturerItemDescription>
      <UnitQty>גרמים</UnitQty>
      <Quantity>180.00</Quantity>
      <UnitOfMeasure>100 גרם</UnitOfMeasure>
      <bIsWeighted>0</bIsWeighted>
      <QtyInPackage>1</QtyInPackage>
      <ItemPrice>45.00</ItemPrice>
      <UnitOfMeasurePrice>25.0000</UnitOfMeasurePrice>
      <AllowDiscount>1</AllowDiscount>
      <ItemStatus>1</ItemStatus>
      <ItemId>88286</ItemId>
    </Item>
    <Item>
      <PriceUpdateDate>2023-12-31 12:52:21</PriceUpdateDate>
      <ItemCode>7290012078729</ItemCode>
      <ItemType>1</ItemType>
      <ItemName>עוגיות קוואקר פקאן ל</ItemName>
      <ManufacturerName>,</ManufacturerName>
      <ManufactureCountry>לא ידוע</ManufactureCountry>
      <ManufacturerItemDescription>עוגיות קוואקר פקאן ל</ManufacturerItemDescription>
      <UnitQty>גרמים</UnitQty>
      <Quantity>200.00</Quantity>
      <UnitOfMeasure>100 גרם</UnitOfMeasure>
      <bIsWeighted>0</bIsWeighted>
      <QtyInPackage>1</QtyInPackage>
      <ItemPrice>42.00</ItemPrice>
      <UnitOfMeasurePrice>21.0000</UnitOfMeasurePrice>
      <AllowDiscount>1</AllowDiscount>
      <ItemStatus>1</ItemStatus>
      <ItemId>88287</ItemId>
    </Item>
    <Item>
      <PriceUpdateDate>2024-06-13 18:01:43</PriceUpdateDate>
      <ItemCode>7290012078750</ItemCode>
      <ItemType>1</ItemType>
      <ItemName>עוגיות שלושת השוקולד</ItemName>
      <ManufacturerName>,</ManufacturerName>
      <ManufactureCountry>לא ידוע</ManufactureCountry>
      <ManufacturerItemDescription>עוגיות שלושת השוקולד</ManufacturerItemDescription>
      <UnitQty>גרמים</UnitQty>
      <Quantity>220.00</Quantity>
      <UnitOfMeasure>100 גרם</UnitOfMeasure>
      <bIsWeighted>0</bIsWeighted>
      <QtyInPackage>1</QtyInPackage>
      <ItemPrice>55.00</ItemPrice>
      <UnitOfMeasurePrice>25.0000</UnitOfMeasurePrice>
      <AllowDiscount>1</AllowDiscount>
      <ItemStatus>1</ItemStatus>
      <ItemId>88288</ItemId>
    </Item>
    <Item>
      <PriceUpdateDate>2025-01-01 09:13:45</PriceUpdateDate>
      <ItemCode>7290012078804</ItemCode>
      <ItemType>1</ItemType>
      <ItemName>מקרון בטעמים 270 גר</ItemName>
      <ManufacturerName>,</ManufacturerName>
      <ManufactureCountry>לא ידוע</ManufactureCountry>
      <ManufacturerItemDescription>מקרון בטעמים 270 גר</ManufacturerItemDescription>
      <UnitQty>גרמים</UnitQty>
      <Quantity>270.00</Quantity>
      <UnitOfMeasure>100 גרם</UnitOfMeasure>
      <bIsWeighted>0</bIsWeighted>
      <QtyInPackage>1</QtyInPackage>
      <ItemPrice>59.90</ItemPrice>
      <UnitOfMeasurePrice>22.1852</UnitOfMeasurePrice>
      <AllowDiscount>1</AllowDiscount>
      <ItemStatus>1</ItemStatus>
      <ItemId>88289</ItemId>
    </Item>
    <Item>
      <PriceUpdateDate>2023-12-31 12:52:21</PriceUpdateDate>
      <ItemCode>7290012078828</ItemCode>
      <ItemType>1</ItemType>
      <ItemName>עוגיות חמאה ריבת תות</ItemName>
      <ManufacturerName>,</ManufacturerName>
      <ManufactureCountry>לא ידוע</ManufactureCountry>
      <ManufacturerItemDescription>עוגיות חמאה ריבת תות</ManufacturerItemDescription>
      <UnitQty>גרמים</UnitQty>
      <Quantity>260.00</Quantity>
      <UnitOfMeasure>100 גרם</UnitOfMeasure>
      <bIsWeighted>0</bIsWeighted>
      <QtyInPackage>1</QtyInPackage>
      <ItemPrice>42.00</ItemPrice>
      <UnitOfMeasurePrice>16.1538</UnitOfMeasurePrice>
      <AllowDiscount>1</AllowDiscount>
      <ItemStatus>1</ItemStatus>
      <ItemId>88290</ItemId>
    </Item>
    <Item>
      <PriceUpdateDate>2023-12-31 12:52:21</PriceUpdateDate>
      <ItemCode>7290012078866</ItemCode>
      <ItemType>1</ItemType>
      <ItemName>עוגיות ריבועי פלורנט</ItemName>
      <ManufacturerName>,</ManufacturerName>
      <ManufactureCountry>לא ידוע</ManufactureCountry>
      <ManufacturerItemDescription>עוגיות ריבועי פלורנט</ManufacturerItemDescription>
      <UnitQty>גרמים</UnitQty>
      <Quantity>300.00</Quantity>
      <UnitOfMeasure>100 גרם</UnitOfMeasure>
      <bIsWeighted>0</bIsWeighted>
      <QtyInPackage>1</QtyInPackage>
      <ItemPrice>45.00</ItemPrice>
      <UnitOfMeasurePrice>15.0000</UnitOfMeasurePrice>
      <AllowDiscount>1</AllowDiscount>
      <ItemStatus>1</ItemStatus>
      <ItemId>88292</ItemId>
    </Item>
    <Item>
      <PriceUpdateDate>2023-12-31 12:52:21</PriceUpdateDate>
      <ItemCode>7290012078873</ItemCode>
      <ItemType>1</ItemType>
      <ItemName>עוגיות חמאה ריבת תות</ItemName>
      <ManufacturerName>,</ManufacturerName>
      <ManufactureCountry>לא ידוע</ManufactureCountry>
      <ManufacturerItemDescription>עוגיות חמאה ריבת תות</ManufacturerItemDescription>
      <UnitQty>גרמים</UnitQty>
      <Quantity>300.00</Quantity>
      <UnitOfMeasure>100 גרם</UnitOfMeasure>
      <bIsWeighted>0</bIsWeighted>
      <QtyInPackage>1</QtyInPackage>
      <ItemPrice>45.00</ItemPrice>
      <UnitOfMeasurePrice>15.0000</UnitOfMeasurePrice>
      <AllowDiscount>1</AllowDiscount>
      <ItemStatus>1</ItemStatus>
      <ItemId>88293</ItemId>
    </Item>
    <Item>
      <PriceUpdateDate>2023-12-31 12:52:21</PriceUpdateDate>
      <ItemCode>7290012078934</ItemCode>
      <ItemType>1</ItemType>
      <ItemName>עוגיות חמאה שקדים סו</ItemName>
      <ManufacturerName>,</ManufacturerName>
      <ManufactureCountry>לא ידוע</ManufactureCountry>
      <ManufacturerItemDescription>עוגיות חמאה שקדים סו</ManufacturerItemDescription>
      <UnitQty>גרמים</UnitQty>
      <Quantity>250.00</Quantity>
      <UnitOfMeasure>100 גרם</UnitOfMeasure>
      <bIsWeighted>0</bIsWeighted>
      <QtyInPackage>1</QtyInPackage>
      <ItemPrice>45.00</ItemPrice>
      <UnitOfMeasurePrice>18.0000</UnitOfMeasurePrice>
      <AllowDiscount>1</AllowDiscount>
      <ItemStatus>1</ItemStatus>
      <ItemId>88294</ItemId>
    </Item>
    <Item>
      <PriceUpdateDate>2025-11-18 11:02:43</PriceUpdateDate>
      <ItemCode>7290012161032</ItemCode>
      <ItemType>1</ItemType>
      <ItemName>עוגת מוס יער שחור 55</ItemName>
      <ManufacturerName>,</ManufacturerName>
      <ManufactureCountry>לא ידוע</ManufactureCountry>
      <ManufacturerItemDescription>עוגת מוס יער שחור 55</ManufacturerItemDescription>
      <UnitQty>גרמים</UnitQty>
      <Quantity>550.00</Quantity>
      <UnitOfMeasure>100 גרם</UnitOfMeasure>
      <bIsWeighted>0</bIsWeighted>
      <QtyInPackage>1</QtyInPackage>
      <ItemPrice>79.00</ItemPrice>
      <UnitOfMeasurePrice>14.3636</UnitOfMeasurePrice>
      <AllowDiscount>1</AllowDiscount>
      <ItemStatus>1</ItemStatus>
      <ItemId>88297</ItemId>
    </Item>
    <Item>
      <PriceUpdateDate>2025-11-18 11:02:43</PriceUpdateDate>
      <ItemCode>7290012161049</ItemCode>
      <ItemType>1</ItemType>
      <ItemName>עוגת מוס מוצרט 550 ג</ItemName>
      <ManufacturerName>,</ManufacturerName>
      <ManufactureCountry>לא ידוע</ManufactureCountry>
      <ManufacturerItemDescription>עוגת מוס מוצרט 550 ג</ManufacturerItemDescription>
      <UnitQty>גרמים</UnitQty>
      <Quantity>550.00</Quantity>
      <UnitOfMeasure>100 גרם</UnitOfMeasure>
      <bIsWeighted>0</bIsWeighted>
      <QtyInPackage>1</QtyInPackage>
      <ItemPrice>79.00</ItemPrice>
      <UnitOfMeasurePrice>14.3636</UnitOfMeasurePrice>
      <AllowDiscount>1</AllowDiscount>
      <ItemStatus>1</ItemStatus>
      <ItemId>88298</ItemId>
    </Item>
    <Item>
      <PriceUpdateDate>2025-03-28 12:52:11</PriceUpdateDate>
      <ItemCode>7290012161186</ItemCode>
      <ItemType>1</ItemType>
      <ItemName>עוגת דובוש 550 גר</ItemName>
      <ManufacturerName>,</ManufacturerName>
      <ManufactureCountry>לא ידוע</ManufactureCountry>
      <ManufacturerItemDescription>עוגת דובוש 550 גר</ManufacturerItemDescription>
      <UnitQty>גרמים</UnitQty>
      <Quantity>550.00</Quantity>
      <UnitOfMeasure>100 גרם</UnitOfMeasure>
      <bIsWeighted>0</bIsWeighted>
      <QtyInPackage>1</QtyInPackage>
      <ItemPrice>79.00</ItemPrice>
      <UnitOfMeasurePrice>14.3636</UnitOfMeasurePrice>
      <AllowDiscount>1</AllowDiscount>
      <ItemStatus>1</ItemStatus>
      <ItemId>88300</ItemId>
    </Item>
    <Item>
      <PriceUpdateDate>2025-11-18 11:02:43</PriceUpdateDate>
      <ItemCode>7290012161209</ItemCode>
      <ItemType>1</ItemType>
      <ItemName>עוגת מוס קרמשניט 550</ItemName>
      <ManufacturerName>,</ManufacturerName>
      <ManufactureCountry>לא ידוע</ManufactureCountry>
      <ManufacturerItemDescription>עוגת מוס קרמשניט 550</ManufacturerItemDescription>
      <UnitQty>גרמים</UnitQty>
      <Quantity>550.00</Quantity>
      <UnitOfMeasure>100 גרם</UnitOfMeasure>
      <bIsWeighted>0</bIsWeighted>
      <QtyInPackage>1</QtyInPackage>
      <ItemPrice>79.00</ItemPrice>
      <UnitOfMeasurePrice>14.3636</UnitOfMeasurePrice>
      <AllowDiscount>1</AllowDiscount>
      <ItemStatus>1</ItemStatus>
      <ItemId>88301</ItemId>
    </Item>
    <Item>
      <PriceUpdateDate>2025-11-18 11:02:43</PriceUpdateDate>
      <ItemCode>7290012161216</ItemCode>
      <ItemType>1</ItemType>
      <ItemName>עוגת עוקץ הדבורה 550</ItemName>
      <ManufacturerName>,</ManufacturerName>
      <ManufactureCountry>לא ידוע</ManufactureCountry>
      <ManufacturerItemDescription>עוגת עוקץ הדבורה 550</ManufacturerItemDescription>
      <UnitQty>גרמים</UnitQty>
      <Quantity>550.00</Quantity>
      <UnitOfMeasure>100 גרם</UnitOfMeasure>
      <bIsWeighted>0</bIsWeighted>
      <QtyInPackage>1</QtyInPackage>
      <ItemPrice>79.00</ItemPrice>
      <UnitOfMeasurePrice>14.3636</UnitOfMeasurePrice>
      <AllowDiscount>1</AllowDiscount>
      <ItemStatus>1</ItemStatus>
      <ItemId>88302</ItemId>
    </Item>
    <Item>
      <PriceUpdateDate>2025-11-18 11:02:43</PriceUpdateDate>
      <ItemCode>7290012161230</ItemCode>
      <ItemType>1</ItemType>
      <ItemName>עוגת טרמיסו 550 גר</ItemName>
      <ManufacturerName>,</ManufacturerName>
      <ManufactureCountry>לא ידוע</ManufactureCountry>
      <ManufacturerItemDescription>עוגת טרמיסו 550 גר</ManufacturerItemDescription>
      <UnitQty>גרמים</UnitQty>
      <Quantity>550.00</Quantity>
      <UnitOfMeasure>100 גרם</UnitOfMeasure>
      <bIsWeighted>0</bIsWeighted>
      <QtyInPackage>1</QtyInPackage>
      <ItemPrice>79.00</ItemPrice>
      <UnitOfMeasurePrice>14.3636</UnitOfMeasurePrice>
      <AllowDiscount>1</AllowDiscount>
      <ItemStatus>1</ItemStatus>
      <ItemId>88303</ItemId>
    </Item>
    <Item>
      <PriceUpdateDate>2025-11-18 11:02:43</PriceUpdateDate>
      <ItemCode>7290012161254</ItemCode>
      <ItemType>1</ItemType>
      <ItemName>עוגת גבינה פירורים 5</ItemName>
      <ManufacturerName>,</ManufacturerName>
      <ManufactureCountry>לא ידוע</ManufactureCountry>
      <ManufacturerItemDescription>עוגת גבינה פירורים 5</ManufacturerItemDescription>
      <UnitQty>גרמים</UnitQty>
      <Quantity>550.00</Quantity>
      <UnitOfMeasure>100 גרם</UnitOfMeasure>
      <bIsWeighted>0</bIsWeighted>
      <QtyInPackage>1</QtyInPackage>
      <ItemPrice>79.00</ItemPrice>
      <UnitOfMeasurePrice>14.3636</UnitOfMeasurePrice>
      <AllowDiscount>1</AllowDiscount>
      <ItemStatus>1</ItemStatus>
      <ItemId>88304</ItemId>
    </Item>
    <Item>
      <PriceUpdateDate>2023-12-31 12:52:21</PriceUpdateDate>
      <ItemCode>7290012161353</ItemCode>
      <ItemType>1</ItemType>
      <ItemName>עוגת קרנץ סינבון 740</ItemName>
      <ManufacturerName>,</ManufacturerName>
      <ManufactureCountry>לא ידוע</ManufactureCountry>
      <ManufacturerItemDescription>עוגת קרנץ סינבון 740</ManufacturerItemDescription>
      <UnitQty>גרמים</UnitQty>
      <Quantity>740.00</Quantity>
      <UnitOfMeasure>100 גרם</UnitOfMeasure>
      <bIsWeighted>0</bIsWeighted>
      <QtyInPackage>1</QtyInPackage>
      <ItemPrice>65.00</ItemPrice>
      <UnitOfMeasurePrice>8.7838</UnitOfMeasurePrice>
      <AllowDiscount>1</AllowDiscount>
      <ItemStatus>1</ItemStatus>
      <ItemId>88309</ItemId>
    </Item>
    <Item>
      <PriceUpdateDate>2023-12-31 12:52:21</PriceUpdateDate>
      <ItemCode>7290012161384</ItemCode>
      <ItemType>1</ItemType>
      <ItemName>בריוש חלבה פיסטוק 60</ItemName>
      <ManufacturerName>,</ManufacturerName>
      <ManufactureCountry>לא ידוע</ManufactureCountry>
      <ManufacturerItemDescription>בריוש חלבה פיסטוק 60</ManufacturerItemDescription>
      <UnitQty>גרמים</UnitQty>
      <Quantity>600.00</Quantity>
      <UnitOfMeasure>100 גרם</UnitOfMeasure>
      <bIsWeighted>0</bIsWeighted>
      <QtyInPackage>1</QtyInPackage>
      <ItemPrice>65.00</ItemPrice>
      <UnitOfMeasurePrice>10.8333</UnitOfMeasurePrice>
      <AllowDiscount>1</AllowDiscount>
      <ItemStatus>1</ItemStatus>
      <ItemId>88311</ItemId>
    </Item>
    <Item>
      <PriceUpdateDate>2023-12-31 12:52:21</PriceUpdateDate>
      <ItemCode>7290012161414</ItemCode>
      <ItemType>1</ItemType>
      <ItemName>עוגת קרנץ שוקולד 680</ItemName>
      <ManufacturerName>,</ManufacturerName>
      <ManufactureCountry>לא ידוע</ManufactureCountry>
      <ManufacturerItemDescription>עוגת קרנץ שוקולד 680</ManufacturerItemDescription>
      <UnitQty>גרמים</UnitQty>
      <Quantity>680.00</Quantity>
      <UnitOfMeasure>100 גרם</UnitOfMeasure>
      <bIsWeighted>0</bIsWeighted>
      <QtyInPackage>1</QtyInPackage>
      <ItemPrice>59.00</ItemPrice>
      <UnitOfMeasurePrice>8.6765</UnitOfMeasurePrice>
      <AllowDiscount>1</AllowDiscount>
      <ItemStatus>1</ItemStatus>
      <ItemId>88313</ItemId>
    </Item>
    <Item>
      <PriceUpdateDate>2025-11-18 11:02:43</PriceUpdateDate>
      <ItemCode>7290012161483</ItemCode>
      <ItemType>1</ItemType>
      <ItemName>עוגת גנואז ללא חלב 5</ItemName>
      <ManufacturerName>,</ManufacturerName>
      <ManufactureCountry>לא ידוע</ManufactureCountry>
      <ManufacturerItemDescription>עוגת גנואז ללא חלב 5</ManufacturerItemDescription>
      <UnitQty>גרמים</UnitQty>
      <Quantity>550.00</Quantity>
      <UnitOfMeasure>100 גרם</UnitOfMeasure>
      <bIsWeighted>0</bIsWeighted>
      <QtyInPackage>1</QtyInPackage>
      <ItemPrice>79.00</ItemPrice>
      <UnitOfMeasurePrice>14.3636</UnitOfMeasurePrice>
      <AllowDiscount>1</AllowDiscount>
      <ItemStatus>1</ItemStatus>
      <ItemId>88318</ItemId>
    </Item>
    <Item>
      <PriceUpdateDate>2025-11-18 11:02:43</PriceUpdateDate>
      <ItemCode>7290012161520</ItemCode>
      <ItemType>1</ItemType>
      <ItemName>עוגת גבינה פירורים ל</ItemName>
      <ManufacturerName>,</ManufacturerName>
      <ManufactureCountry>לא ידוע</ManufactureCountry>
      <ManufacturerItemDescription>עוגת גבינה פירורים ל</ManufacturerItemDescription>
      <UnitQty>גרמים</UnitQty>
      <Quantity>550.00</Quantity>
      <UnitOfMeasure>100 גרם</UnitOfMeasure>
      <bIsWeighted>0</bIsWeighted>
      <QtyInPackage>1</QtyInPackage>
      <ItemPrice>79.00</ItemPrice>
      <UnitOfMeasurePrice>14.3636</UnitOfMeasurePrice>
      <AllowDiscount>1</AllowDiscount>
      <ItemStatus>1</ItemStatus>
      <ItemId>88319</ItemId>
    </Item>
    <Item>
      <PriceUpdateDate>2025-11-18 11:02:43</PriceUpdateDate>
      <ItemCode>7290012161537</ItemCode>
      <ItemType>1</ItemType>
      <ItemName>עוגת גבינה שוויצרית</ItemName>
      <ManufacturerName>,</ManufacturerName>
      <ManufactureCountry>לא ידוע</ManufactureCountry>
      <ManufacturerItemDescription>עוגת גבינה שוויצרית</ManufacturerItemDescription>
      <UnitQty>גרמים</UnitQty>
      <Quantity>550.00</Quantity>
      <UnitOfMeasure>100 גרם</UnitOfMeasure>
      <bIsWeighted>0</bIsWeighted>
      <QtyInPackage>1</QtyInPackage>
      <ItemPrice>79.00</ItemPrice>
      <UnitOfMeasurePrice>14.3636</UnitOfMeasurePrice>
      <AllowDiscount>1</AllowDiscount>
      <ItemStatus>1</ItemStatus>
      <ItemId>88320</ItemId>
    </Item>
    <Item>
      <PriceUpdateDate>2025-11-18 11:02:43</PriceUpdateDate>
      <ItemCode>7290012161544</ItemCode>
      <ItemType>1</ItemType>
      <ItemName>עוגת מוס טריקולד ללא</ItemName>
      <ManufacturerName>,</ManufacturerName>
      <ManufactureCountry>לא ידוע</ManufactureCountry>
      <ManufacturerItemDescription>עוגת מוס טריקולד ללא</ManufacturerItemDescription>
      <UnitQty>גרמים</UnitQty>
      <Quantity>550.00</Quantity>
      <UnitOfMeasure>100 גרם</UnitOfMeasure>
      <bIsWeighted>0</bIsWeighted>
      <QtyInPackage>1</QtyInPackage>
      <ItemPrice>79.00</ItemPrice>
      <UnitOfMeasurePrice>14.3636</UnitOfMeasurePrice>
      <AllowDiscount>1</AllowDiscount>
      <ItemStatus>1</ItemStatus>
      <ItemId>88321</ItemId>
    </Item>
    <Item>
      <PriceUpdateDate>2025-11-18 11:02:43</PriceUpdateDate>
      <ItemCode>7290012161568</ItemCode>
      <ItemType>1</ItemType>
      <ItemName>עוגת קרמשניט ללא סוכ</ItemName>
      <ManufacturerName>,</ManufacturerName>
      <ManufactureCountry>לא ידוע</ManufactureCountry>
      <ManufacturerItemDescription>עוגת קרמשניט ללא סוכ</ManufacturerItemDescription>
      <UnitQty>גרמים</UnitQty>
      <Quantity>550.00</Quantity>
      <UnitOfMeasure>100 גרם</UnitOfMeasure>
      <bIsWeighted>0</bIsWeighted>
      <QtyInPackage>1</QtyInPackage>
      <ItemPrice>79.00</ItemPrice>
      <UnitOfMeasurePrice>14.3636</UnitOfMeasurePrice>
      <AllowDiscount>1</AllowDiscount>
      <ItemStatus>1</ItemStatus>
      <ItemId>88323</ItemId>
    </Item>
    <Item>
      <PriceUpdateDate>2023-12-31 12:52:21</PriceUpdateDate>
      <ItemCode>7290012161575</ItemCode>
      <ItemType>1</ItemType>
      <ItemName>עוגיות שכבות חלבה לל</ItemName>
      <ManufacturerName>,</ManufacturerName>
      <ManufactureCountry>לא ידוע</ManufactureCountry>
      <ManufacturerItemDescription>עוגיות שכבות חלבה לל</ManufacturerItemDescription>
      <UnitQty>גרמים</UnitQty>
      <Quantity>300.00</Quantity>
      <UnitOfMeasure>100 גרם</UnitOfMeasure>
      <bIsWeighted>0</bIsWeighted>
      <QtyInPackage>1</QtyInPackage>
      <ItemPrice>45.00</ItemPrice>
      <UnitOfMeasurePrice>15.0000</UnitOfMeasurePrice>
      <AllowDiscount>1</AllowDiscount>
      <ItemStatus>1</ItemStatus>
      <ItemId>88324</ItemId>
    </Item>
    <Item>
      <PriceUpdateDate>2023-12-31 12:52:21</PriceUpdateDate>
      <ItemCode>7290012161773</ItemCode>
      <ItemType>1</ItemType>
      <ItemName>עוגת בריוש רוגלך 600</ItemName>
      <ManufacturerName>,</ManufacturerName>
      <ManufactureCountry>לא ידוע</ManufactureCountry>
      <ManufacturerItemDescription>עוגת בריוש רוגלך 600</ManufacturerItemDescription>
      <UnitQty>גרמים</UnitQty>
      <Quantity>600.00</Quantity>
      <UnitOfMeasure>100 גרם</UnitOfMeasure>
      <bIsWeighted>0</bIsWeighted>
      <QtyInPackage>1</QtyInPackage>
      <ItemPrice>65.00</ItemPrice>
      <UnitOfMeasurePrice>10.8333</UnitOfMeasurePrice>
      <AllowDiscount>1</AllowDiscount>
      <ItemStatus>1</ItemStatus>
      <ItemId>88330</ItemId>
    </Item>
    <Item>
      <PriceUpdateDate>2025-03-28 12:52:11</PriceUpdateDate>
      <ItemCode>7290012161834</ItemCode>
      <ItemType>1</ItemType>
      <ItemName>עוגת מוס פרינסס ללא</ItemName>
      <ManufacturerName>,</ManufacturerName>
      <ManufactureCountry>לא ידוע</ManufactureCountry>
      <ManufacturerItemDescription>עוגת מוס פרינסס ללא סוכר 550 גר</ManufacturerItemDescription>
      <UnitQty>גרמים</UnitQty>
      <Quantity>550.00</Quantity>
      <UnitOfMeasure>100 גרם</UnitOfMeasure>
      <bIsWeighted>0</bIsWeighted>
      <QtyInPackage>1</QtyInPackage>
      <ItemPrice>79.00</ItemPrice>
      <UnitOfMeasurePrice>14.3636</UnitOfMeasurePrice>
      <AllowDiscount>1</AllowDiscount>
      <ItemStatus>1</ItemStatus>
      <ItemId>88331</ItemId>
    </Item>
    <Item>
      <PriceUpdateDate>2025-03-28 12:52:11</PriceUpdateDate>
      <ItemCode>7290012161865</ItemCode>
      <ItemType>1</ItemType>
      <ItemName>עוגת מוזאיקה 730 גר</ItemName>
      <ManufacturerName>,</ManufacturerName>
      <ManufactureCountry>לא ידוע</ManufactureCountry>
      <ManufacturerItemDescription>עוגת מוזאיקה 730 גר</ManufacturerItemDescription>
      <UnitQty>גרמים</UnitQty>
      <Quantity>730.00</Quantity>
      <UnitOfMeasure>100 גרם</UnitOfMeasure>
      <bIsWeighted>0</bIsWeighted>
      <QtyInPackage>1</QtyInPackage>
      <ItemPrice>75.00</ItemPrice>
      <UnitOfMeasurePrice>10.2740</UnitOfMeasurePrice>
      <AllowDiscount>1</AllowDiscount>
      <ItemStatus>1</ItemStatus>
      <ItemId>88333</ItemId>
    </Item>
    <Item>
      <PriceUpdateDate>2025-01-01 09:13:45</PriceUpdateDate>
      <ItemCode>7290012167102</ItemCode>
      <ItemType>1</ItemType>
      <ItemName>עוגת שוקולד זאכר 680</ItemName>
      <ManufacturerName>,</ManufacturerName>
      <ManufactureCountry>לא ידוע</ManufactureCountry>
      <ManufacturerItemDescription>עוגת שוקולד זאכר 680</ManufacturerItemDescription>
      <UnitQty>גרמים</UnitQty>
      <Quantity>680.00</Quantity>
      <UnitOfMeasure>100 גרם</UnitOfMeasure>
      <bIsWeighted>0</bIsWeighted>
      <QtyInPackage>1</QtyInPackage>
      <ItemPrice>75.00</ItemPrice>
      <UnitOfMeasurePrice>11.0294</UnitOfMeasurePrice>
      <AllowDiscount>1</AllowDiscount>
      <ItemStatus>1</ItemStatus>
      <ItemId>88338</ItemId>
    </Item>
    <Item>
      <PriceUpdateDate>2025-01-01 09:13:45</PriceUpdateDate>
      <ItemCode>7290012167164</ItemCode>
      <ItemType>1</ItemType>
      <ItemName>עוגת שוקולד טאבלט 58</ItemName>
      <ManufacturerName>,</ManufacturerName>
      <ManufactureCountry>לא ידוע</ManufactureCountry>
      <ManufacturerItemDescription>עוגת שוקולד טאבלט 58</ManufacturerItemDescription>
      <UnitQty>גרמים</UnitQty>
      <Quantity>580.00</Quantity>
      <UnitOfMeasure>100 גרם</UnitOfMeasure>
      <bIsWeighted>0</bIsWeighted>
      <QtyInPackage>1</QtyInPackage>
      <ItemPrice>75.00</ItemPrice>
      <UnitOfMeasurePrice>12.9310</UnitOfMeasurePrice>
      <AllowDiscount>1</AllowDiscount>
      <ItemStatus>1</ItemStatus>
      <ItemId>88340</ItemId>
    </Item>
    <Item>
      <PriceUpdateDate>2025-11-18 11:02:43</PriceUpdateDate>
      <ItemCode>7290012167249</ItemCode>
      <ItemType>1</ItemType>
      <ItemName>עוגת קרם פרש פירות י</ItemName>
      <ManufacturerName>,</ManufacturerName>
      <ManufactureCountry>לא ידוע</ManufactureCountry>
      <ManufacturerItemDescription>עוגת קרם פרש פירות י</ManufacturerItemDescription>
      <UnitQty>גרמים</UnitQty>
      <Quantity>550.00</Quantity>
      <UnitOfMeasure>100 גרם</UnitOfMeasure>
      <bIsWeighted>0</bIsWeighted>
      <QtyInPackage>1</QtyInPackage>
      <ItemPrice>79.00</ItemPrice>
      <UnitOfMeasurePrice>14.3636</UnitOfMeasurePrice>
      <AllowDiscount>1</AllowDiscount>
      <ItemStatus>1</ItemStatus>
      <ItemId>88344</ItemId>
    </Item>
    <Item>
      <PriceUpdateDate>2025-01-01 09:13:45</PriceUpdateDate>
      <ItemCode>7290012167522</ItemCode>
      <ItemType>1</ItemType>
      <ItemName>פחזניות ללא סוכר 500</ItemName>
      <ManufacturerName>,</ManufacturerName>
      <ManufactureCountry>לא ידוע</ManufactureCountry>
      <ManufacturerItemDescription>פחזניות ללא סוכר 500</ManufacturerItemDescription>
      <UnitQty>גרמים</UnitQty>
      <Quantity>500.00</Quantity>
      <UnitOfMeasure>100 גרם</UnitOfMeasure>
      <bIsWeighted>0</bIsWeighted>
      <QtyInPackage>1</QtyInPackage>
      <ItemPrice>59.00</ItemPrice>
      <UnitOfMeasurePrice>11.8000</UnitOfMeasurePrice>
      <AllowDiscount>1</AllowDiscount>
      <ItemStatus>1</ItemStatus>
      <ItemId>88348</ItemId>
    </Item>
    <Item>
      <PriceUpdateDate>2025-11-18 11:02:43</PriceUpdateDate>
      <ItemCode>7290012167553</ItemCode>
      <ItemType>1</ItemType>
      <ItemName>כדורי שוקולד 500 גר</ItemName>
      <ManufacturerName>,</ManufacturerName>
      <ManufactureCountry>לא ידוע</ManufactureCountry>
      <ManufacturerItemDescription>כדורי שוקולד 500 גר</ManufacturerItemDescription>
      <UnitQty>גרמים</UnitQty>
      <Quantity>500.00</Quantity>
      <UnitOfMeasure>100 גרם</UnitOfMeasure>
      <bIsWeighted>0</bIsWeighted>
      <QtyInPackage>1</QtyInPackage>
      <ItemPrice>65.00</ItemPrice>
      <UnitOfMeasurePrice>13.0000</UnitOfMeasurePrice>
      <AllowDiscount>1</AllowDiscount>
      <ItemStatus>1</ItemStatus>
      <ItemId>88350</ItemId>
    </Item>
    <Item>
      <PriceUpdateDate>2024-06-13 18:01:43</PriceUpdateDate>
      <ItemCode>7290012167607</ItemCode>
      <ItemType>1</ItemType>
      <ItemName>עוגת פאי אגוזים בקרמ</ItemName>
      <ManufacturerName>,</ManufacturerName>
      <ManufactureCountry>לא ידוע</ManufactureCountry>
      <ManufacturerItemDescription>עוגת פאי אגוזים בקרמ</ManufacturerItemDescription>
      <UnitQty>גרמים</UnitQty>
      <Quantity>430.00</Quantity>
      <UnitOfMeasure>100 גרם</UnitOfMeasure>
      <bIsWeighted>0</bIsWeighted>
      <QtyInPackage>1</QtyInPackage>
      <ItemPrice>69.00</ItemPrice>
      <UnitOfMeasurePrice>16.0465</UnitOfMeasurePrice>
      <AllowDiscount>1</AllowDiscount>
      <ItemStatus>1</ItemStatus>
      <ItemId>88352</ItemId>
    </Item>
    <Item>
      <PriceUpdateDate>2025-03-11 17:46:19</PriceUpdateDate>
      <ItemCode>7290012726514</ItemCode>
      <ItemType>1</ItemType>
      <ItemName>ממרח פסטו זיתים 145</ItemName>
      <ManufacturerName>,</ManufacturerName>
      <ManufactureCountry>לא ידוע</ManufactureCountry>
      <ManufacturerItemDescription>ממרח פסטו זיתים 145 גרם</ManufacturerItemDescription>
      <UnitQty>גרמים</UnitQty>
      <Quantity>145.00</Quantity>
      <UnitOfMeasure>100 גרם</UnitOfMeasure>
      <bIsWeighted>0</bIsWeighted>
      <QtyInPackage>1</QtyInPackage>
      <ItemPrice>24.90</ItemPrice>
      <UnitOfMeasurePrice>17.1724</UnitOfMeasurePrice>
      <AllowDiscount>1</AllowDiscount>
      <ItemStatus>1</ItemStatus>
      <ItemId>88373</ItemId>
    </Item>
    <Item>
      <PriceUpdateDate>2024-09-03 09:02:33</PriceUpdateDate>
      <ItemCode>7290012726613</ItemCode>
      <ItemType>1</ItemType>
      <ItemName>ממרח ריבת בצל 170 גר</ItemName>
      <ManufacturerName>,</ManufacturerName>
      <ManufactureCountry>לא ידוע</ManufactureCountry>
      <ManufacturerItemDescription>ממרח ריבת בצל 170 גר</ManufacturerItemDescription>
      <UnitQty>גרמים</UnitQty>
      <Quantity>170.00</Quantity>
      <UnitOfMeasure>100 גרם</UnitOfMeasure>
      <bIsWeighted>0</bIsWeighted>
      <QtyInPackage>1</QtyInPackage>
      <ItemPrice>23.90</ItemPrice>
      <UnitOfMeasurePrice>14.0588</UnitOfMeasurePrice>
      <AllowDiscount>1</AllowDiscount>
      <ItemStatus>1</ItemStatus>
      <ItemId>88376</ItemId>
    </Item>
    <Item>
      <PriceUpdateDate>2024-09-03 09:02:33</PriceUpdateDate>
      <ItemCode>7290012726620</ItemCode>
      <ItemType>1</ItemType>
      <ItemName>ממרח פלפלים 150 גר</ItemName>
      <ManufacturerName>,</ManufacturerName>
      <ManufactureCountry>לא ידוע</ManufactureCountry>
      <ManufacturerItemDescription>ממרח פלפלים 150 גר</ManufacturerItemDescription>
      <UnitQty>גרמים</UnitQty>
      <Quantity>150.00</Quantity>
      <UnitOfMeasure>100 גרם</UnitOfMeasure>
      <bIsWeighted>0</bIsWeighted>
      <QtyInPackage>1</QtyInPackage>
      <ItemPrice>23.90</ItemPrice>
      <UnitOfMeasurePrice>15.9333</UnitOfMeasurePrice>
      <AllowDiscount>1</AllowDiscount>
      <ItemStatus>1</ItemStatus>
      <ItemId>88377</ItemId>
    </Item>
    <Item>
      <PriceUpdateDate>2025-03-11 17:46:19</PriceUpdateDate>
      <ItemCode>7290012726644</ItemCode>
      <ItemType>1</ItemType>
      <ItemName>ממרח טפנד זיתים 145</ItemName>
      <ManufacturerName>,</ManufacturerName>
      <ManufactureCountry>לא ידוע</ManufactureCountry>
      <ManufacturerItemDescription>ממרח טפנד זיתים 145 גרם</ManufacturerItemDescription>
      <UnitQty>גרמים</UnitQty>
      <Quantity>145.00</Quantity>
      <UnitOfMeasure>100 גרם</UnitOfMeasure>
      <bIsWeighted>0</bIsWeighted>
      <QtyInPackage>1</QtyInPackage>
      <ItemPrice>24.90</ItemPrice>
      <UnitOfMeasurePrice>17.1724</UnitOfMeasurePrice>
      <AllowDiscount>1</AllowDiscount>
      <ItemStatus>1</ItemStatus>
      <ItemId>88379</ItemId>
    </Item>
    <Item>
      <PriceUpdateDate>2025-03-11 17:46:20</PriceUpdateDate>
      <ItemCode>7290012726668</ItemCode>
      <ItemType>1</ItemType>
      <ItemName>ממרח צימיצורי 145 גר</ItemName>
      <ManufacturerName>,</ManufacturerName>
      <ManufactureCountry>לא ידוע</ManufactureCountry>
      <ManufacturerItemDescription>ממרח צימיצורי 145 גרם</ManufacturerItemDescription>
      <UnitQty>גרמים</UnitQty>
      <Quantity>145.00</Quantity>
      <UnitOfMeasure>100 גרם</UnitOfMeasure>
      <bIsWeighted>0</bIsWeighted>
      <QtyInPackage>1</QtyInPackage>
      <ItemPrice>24.90</ItemPrice>
      <UnitOfMeasurePrice>17.1724</UnitOfMeasurePrice>
      <AllowDiscount>1</AllowDiscount>
      <ItemStatus>1</ItemStatus>
      <ItemId>88380</ItemId>
    </Item>
    <Item>
      <PriceUpdateDate>2024-09-03 09:02:33</PriceUpdateDate>
      <ItemCode>7290012726699</ItemCode>
      <ItemType>1</ItemType>
      <ItemName>ממרח עגבניות מיובשות</ItemName>
      <ManufacturerName>,</ManufacturerName>
      <ManufactureCountry>לא ידוע</ManufactureCountry>
      <ManufacturerItemDescription>ממרח עגבניות מיובשות 150 גר</ManufacturerItemDescription>
      <UnitQty>גרמים</UnitQty>
      <Quantity>150.00</Quantity>
      <UnitOfMeasure>100 גרם</UnitOfMeasure>
      <bIsWeighted>0</bIsWeighted>
      <QtyInPackage>1</QtyInPackage>
      <ItemPrice>23.90</ItemPrice>
      <UnitOfMeasurePrice>15.9333</UnitOfMeasurePrice>
      <AllowDiscount>1</AllowDiscount>
      <ItemStatus>1</ItemStatus>
      <ItemId>88381</ItemId>
    </Item>
    <Item>
      <PriceUpdateDate>2023-12-31 12:52:22</PriceUpdateDate>
      <ItemCode>7290013411891</ItemCode>
      <ItemType>1</ItemType>
      <ItemName>עגבניה שרי מוחמץ 500</ItemName>
      <ManufacturerName>,</ManufacturerName>
      <ManufactureCountry>לא ידוע</ManufactureCountry>
      <ManufacturerItemDescription>עגבניה שרי מוחמץ 500</ManufacturerItemDescription>
      <UnitQty>גרמים</UnitQty>
      <Quantity>500.00</Quantity>
      <UnitOfMeasure>100 גרם</UnitOfMeasure>
      <bIsWeighted>0</bIsWeighted>
      <QtyInPackage>1</QtyInPackage>
      <ItemPrice>24.90</ItemPrice>
      <UnitOfMeasurePrice>4.9800</UnitOfMeasurePrice>
      <AllowDiscount>1</AllowDiscount>
      <ItemStatus>1</ItemStatus>
      <ItemId>88402</ItemId>
    </Item>
    <Item>
      <PriceUpdateDate>2023-12-31 12:52:22</PriceUpdateDate>
      <ItemCode>7290013411907</ItemCode>
      <ItemType>1</ItemType>
      <ItemName>מלפפון ביתי בסגנון ר</ItemName>
      <ManufacturerName>,</ManufacturerName>
      <ManufactureCountry>לא ידוע</ManufactureCountry>
      <ManufacturerItemDescription>מלפפון ביתי בסגנון ר</ManufacturerItemDescription>
      <UnitQty>גרמים</UnitQty>
      <Quantity>500.00</Quantity>
      <UnitOfMeasure>100 גרם</UnitOfMeasure>
      <bIsWeighted>0</bIsWeighted>
      <QtyInPackage>1</QtyInPackage>
      <ItemPrice>24.90</ItemPrice>
      <UnitOfMeasurePrice>4.9800</UnitOfMeasurePrice>
      <AllowDiscount>1</AllowDiscount>
      <ItemStatus>1</ItemStatus>
      <ItemId>88403</ItemId>
    </Item>
    <Item>
      <PriceUpdateDate>2023-12-31 12:52:22</PriceUpdateDate>
      <ItemCode>7290013411945</ItemCode>
      <ItemType>1</ItemType>
      <ItemName>כרוב כבוש בסגנון רוס</ItemName>
      <ManufacturerName>,</ManufacturerName>
      <ManufactureCountry>לא ידוע</ManufactureCountry>
      <ManufacturerItemDescription>כרוב כבוש בסגנון רוס</ManufacturerItemDescription>
      <UnitQty>גרמים</UnitQty>
      <Quantity>500.00</Quantity>
      <UnitOfMeasure>100 גרם</UnitOfMeasure>
      <bIsWeighted>0</bIsWeighted>
      <QtyInPackage>1</QtyInPackage>
      <ItemPrice>14.90</ItemPrice>
      <UnitOfMeasurePrice>2.9800</UnitOfMeasurePrice>
      <AllowDiscount>1</AllowDiscount>
      <ItemStatus>1</ItemStatus>
      <ItemId>88407</ItemId>
    </Item>
    <Item>
      <PriceUpdateDate>2023-12-31 12:52:22</PriceUpdateDate>
      <ItemCode>7290014343764</ItemCode>
      <ItemType>1</ItemType>
      <ItemName>סברינה מנה אישית חלב</ItemName>
      <ManufacturerName>,</ManufacturerName>
      <ManufactureCountry>לא ידוע</ManufactureCountry>
      <ManufacturerItemDescription>סברינה מנה אישית חלב</ManufacturerItemDescription>
      <UnitQty>גרמים</UnitQty>
      <Quantity>330.00</Quantity>
      <UnitOfMeasure>100 גרם</UnitOfMeasure>
      <bIsWeighted>0</bIsWeighted>
      <QtyInPackage>1</QtyInPackage>
      <ItemPrice>19.90</ItemPrice>
      <UnitOfMeasurePrice>6.0303</UnitOfMeasurePrice>
      <AllowDiscount>1</AllowDiscount>
      <ItemStatus>1</ItemStatus>
      <ItemId>88466</ItemId>
    </Item>
    <Item>
      <PriceUpdateDate>2023-12-31 12:52:22</PriceUpdateDate>
      <ItemCode>7290015161589</ItemCode>
      <ItemType>1</ItemType>
      <ItemName>פת פריכה אורגנית ללא</ItemName>
      <ManufacturerName>,</ManufacturerName>
      <ManufactureCountry>לא ידוע</ManufactureCountry>
      <ManufacturerItemDescription>פת פריכה אורגנית ללא גלוטן ירקות גינה</ManufacturerItemDescription>
      <UnitQty>גרמים</UnitQty>
      <Quantity>100.00</Quantity>
      <UnitOfMeasure>100 גרם</UnitOfMeasure>
      <bIsWeighted>0</bIsWeighted>
      <QtyInPackage>1</QtyInPackage>
      <ItemPrice>17.90</ItemPrice>
      <UnitOfMeasurePrice>17.9000</UnitOfMeasurePrice>
      <AllowDiscount>1</AllowDiscount>
      <ItemStatus>1</ItemStatus>
      <ItemId>88483</ItemId>
    </Item>
    <Item>
      <PriceUpdateDate>2023-12-31 12:52:22</PriceUpdateDate>
      <ItemCode>7290015161886</ItemCode>
      <ItemType>1</ItemType>
      <ItemName>פת פריכה אורגנית פרו</ItemName>
      <ManufacturerName>,</ManufacturerName>
      <ManufactureCountry>לא ידוע</ManufactureCountry>
      <ManufacturerItemDescription>פת פריכה אורגנית פרו ללא גלוטן חומוס אפו</ManufacturerItemDescription>
      <UnitQty>גרמים</UnitQty>
      <Quantity>100.00</Quantity>
      <UnitOfMeasure>100 גרם</UnitOfMeasure>
      <bIsWeighted>0</bIsWeighted>
      <QtyInPackage>1</QtyInPackage>
      <ItemPrice>19.90</ItemPrice>
      <UnitOfMeasurePrice>19.9000</UnitOfMeasurePrice>
      <AllowDiscount>1</AllowDiscount>
      <ItemStatus>1</ItemStatus>
      <ItemId>88484</ItemId>
    </Item>
    <Item>
      <PriceUpdateDate>2023-12-31 12:52:23</PriceUpdateDate>
      <ItemCode>7290102302864</ItemCode>
      <ItemType>1</ItemType>
      <ItemName>גבינה גאודה פסטו 200</ItemName>
      <ManufacturerName>,</ManufacturerName>
      <ManufactureCountry>לא ידוע</ManufactureCountry>
      <ManufacturerItemDescription>גבינה גאודה פסטו 200</ManufacturerItemDescription>
      <UnitQty>גרמים</UnitQty>
      <Quantity>200.00</Quantity>
      <UnitOfMeasure>100 גרם</UnitOfMeasure>
      <bIsWeighted>0</bIsWeighted>
      <QtyInPackage>1</QtyInPackage>
      <ItemPrice>36.90</ItemPrice>
      <UnitOfMeasurePrice>18.4500</UnitOfMeasurePrice>
      <AllowDiscount>1</AllowDiscount>
      <ItemStatus>1</ItemStatus>
      <ItemId>88638</ItemId>
    </Item>
    <Item>
      <PriceUpdateDate>2023-12-31 12:52:24</PriceUpdateDate>
      <ItemCode>8002550502333</ItemCode>
      <ItemType>1</ItemType>
      <ItemName>יין פרוסקו אקסטרא דר</ItemName>
      <ManufacturerName>,</ManufacturerName>
      <ManufactureCountry>לא ידוע</ManufactureCountry>
      <ManufacturerItemDescription>יין פרוסקו אקסטרא דריי מאסקיו דיי קאבליי</ManufacturerItemDescription>
      <UnitQty>Unknown </UnitQty>
      <Quantity>0.00</Quantity>
      <UnitOfMeasure>Unknown </UnitOfMeasure>
      <bIsWeighted>0</bIsWeighted>
      <QtyInPackage>1</QtyInPackage>
      <ItemPrice>44.90</ItemPrice>
      <UnitOfMeasurePrice>0.0000</UnitOfMeasurePrice>
      <AllowDiscount>1</AllowDiscount>
      <ItemStatus>1</ItemStatus>
      <ItemId>88749</ItemId>
    </Item>
    <Item>
      <PriceUpdateDate>2023-12-31 12:52:24</PriceUpdateDate>
      <ItemCode>8023354006117</ItemCode>
      <ItemType>1</ItemType>
      <ItemName>יין פרימיטיבו אורגני</ItemName>
      <ManufacturerName>,</ManufacturerName>
      <ManufactureCountry>לא ידוע</ManufactureCountry>
      <ManufacturerItemDescription>יין פרימיטיבו אורגני נוטה רוסה 750 מל</ManufacturerItemDescription>
      <UnitQty>מיליליטרים</UnitQty>
      <Quantity>750.00</Quantity>
      <UnitOfMeasure>100 מ"ל</UnitOfMeasure>
      <bIsWeighted>0</bIsWeighted>
      <QtyInPackage>1</QtyInPackage>
      <ItemPrice>44.90</ItemPrice>
      <UnitOfMeasurePrice>5.9867</UnitOfMeasurePrice>
      <AllowDiscount>1</AllowDiscount>
      <ItemStatus>1</ItemStatus>
      <ItemId>88794</ItemId>
    </Item>
    <Item>
      <PriceUpdateDate>2025-07-16 08:27:18</PriceUpdateDate>
      <ItemCode>8032993003371</ItemCode>
      <ItemType>1</ItemType>
      <ItemName>דפי לזניה ביצים 250</ItemName>
      <ManufacturerName>,</ManufacturerName>
      <ManufactureCountry>לא ידוע</ManufactureCountry>
      <ManufacturerItemDescription>דפי לזניה ביצים 250 גר</ManufacturerItemDescription>
      <UnitQty>גרמים</UnitQty>
      <Quantity>250.00</Quantity>
      <UnitOfMeasure>100 גרם</UnitOfMeasure>
      <bIsWeighted>0</bIsWeighted>
      <QtyInPackage>1</QtyInPackage>
      <ItemPrice>22.90</ItemPrice>
      <UnitOfMeasurePrice>9.1600</UnitOfMeasurePrice>
      <AllowDiscount>1</AllowDiscount>
      <ItemStatus>1</ItemStatus>
      <ItemId>88808</ItemId>
    </Item>
    <Item>
      <PriceUpdateDate>2025-07-16 08:27:18</PriceUpdateDate>
      <ItemCode>8053259248725</ItemCode>
      <ItemType>1</ItemType>
      <ItemName>רוטב בסלמי מצומצם קל</ItemName>
      <ManufacturerName>,</ManufacturerName>
      <ManufactureCountry>לא ידוע</ManufactureCountry>
      <ManufacturerItemDescription>רוטב בסלמי מצומצם קלאסי 180 גר</ManufacturerItemDescription>
      <UnitQty>גרמים</UnitQty>
      <Quantity>180.00</Quantity>
      <UnitOfMeasure>100 גרם</UnitOfMeasure>
      <bIsWeighted>0</bIsWeighted>
      <QtyInPackage>1</QtyInPackage>
      <ItemPrice>15.90</ItemPrice>
      <UnitOfMeasurePrice>8.8333</UnitOfMeasurePrice>
      <AllowDiscount>1</AllowDiscount>
      <ItemStatus>1</ItemStatus>
      <ItemId>88823</ItemId>
    </Item>
    <Item>
      <PriceUpdateDate>2025-10-19 19:55:11</PriceUpdateDate>
      <ItemCode>810020931754</ItemCode>
      <ItemType>1</ItemType>
      <ItemName>רוטב גק דניאלס מקורי</ItemName>
      <ManufacturerName>,</ManufacturerName>
      <ManufactureCountry>לא ידוע</ManufactureCountry>
      <ManufacturerItemDescription>רוטב גק דניאלס מקורי 533 גר</ManufacturerItemDescription>
      <UnitQty>גרמים</UnitQty>
      <Quantity>533.00</Quantity>
      <UnitOfMeasure>100 גרם</UnitOfMeasure>
      <bIsWeighted>0</bIsWeighted>
      <QtyInPackage>1</QtyInPackage>
      <ItemPrice>42.90</ItemPrice>
      <UnitOfMeasurePrice>8.0488</UnitOfMeasurePrice>
      <AllowDiscount>1</AllowDiscount>
      <ItemStatus>1</ItemStatus>
      <ItemId>88830</ItemId>
    </Item>
    <Item>
      <PriceUpdateDate>2024-10-18 08:55:16</PriceUpdateDate>
      <ItemCode>8710812011102</ItemCode>
      <ItemType>1</ItemType>
      <ItemName>ריבת תות שדה ביתית 4</ItemName>
      <ManufacturerName>,</ManufacturerName>
      <ManufactureCountry>לא ידוע</ManufactureCountry>
      <ManufacturerItemDescription>ריבת תות שדה ביתית 450 גר</ManufacturerItemDescription>
      <UnitQty>גרמים</UnitQty>
      <Quantity>450.00</Quantity>
      <UnitOfMeasure>100 גרם</UnitOfMeasure>
      <bIsWeighted>0</bIsWeighted>
      <QtyInPackage>1</QtyInPackage>
      <ItemPrice>16.90</ItemPrice>
      <UnitOfMeasurePrice>3.7556</UnitOfMeasurePrice>
      <AllowDiscount>1</AllowDiscount>
      <ItemStatus>1</ItemStatus>
      <ItemId>88880</ItemId>
    </Item>
    <Item>
      <PriceUpdateDate>2023-12-31 12:52:25</PriceUpdateDate>
      <ItemCode>8710812011126</ItemCode>
      <ItemType>1</ItemType>
      <ItemName>ריבת דובדבנים הולנד</ItemName>
      <ManufacturerName>,</ManufacturerName>
      <ManufactureCountry>לא ידוע</ManufactureCountry>
      <ManufacturerItemDescription>ריבת דובדבנים הולנד 450 גר</ManufacturerItemDescription>
      <UnitQty>גרמים</UnitQty>
      <Quantity>450.00</Quantity>
      <UnitOfMeasure>100 גרם</UnitOfMeasure>
      <bIsWeighted>0</bIsWeighted>
      <QtyInPackage>1</QtyInPackage>
      <ItemPrice>14.90</ItemPrice>
      <UnitOfMeasurePrice>3.3111</UnitOfMeasurePrice>
      <AllowDiscount>1</AllowDiscount>
      <ItemStatus>1</ItemStatus>
      <ItemId>88881</ItemId>
    </Item>
    <Item>
      <PriceUpdateDate>2025-10-19 19:55:12</PriceUpdateDate>
      <ItemCode>8710812011164</ItemCode>
      <ItemType>1</ItemType>
      <ItemName>ריבת אוכמניות ביתית</ItemName>
      <ManufacturerName>,</ManufacturerName>
      <ManufactureCountry>לא ידוע</ManufactureCountry>
      <ManufacturerItemDescription>ריבת אוכמניות ביתית 450 גר</ManufacturerItemDescription>
      <UnitQty>גרמים</UnitQty>
      <Quantity>450.00</Quantity>
      <UnitOfMeasure>100 גרם</UnitOfMeasure>
      <bIsWeighted>0</bIsWeighted>
      <QtyInPackage>1</QtyInPackage>
      <ItemPrice>16.90</ItemPrice>
      <UnitOfMeasurePrice>3.7556</UnitOfMeasurePrice>
      <AllowDiscount>1</AllowDiscount>
      <ItemStatus>1</ItemStatus>
      <ItemId>88882</ItemId>
    </Item>
    <Item>
      <PriceUpdateDate>2023-12-31 12:52:25</PriceUpdateDate>
      <ItemCode>8854404000225</ItemCode>
      <ItemType>1</ItemType>
      <ItemName>מחית קארי צהוב 70 גר</ItemName>
      <ManufacturerName>,</ManufacturerName>
      <ManufactureCountry>לא ידוע</ManufactureCountry>
      <ManufacturerItemDescription>מחית קארי צהוב 70 גר</ManufacturerItemDescription>
      <UnitQty>גרמים</UnitQty>
      <Quantity>70.00</Quantity>
      <UnitOfMeasure>100 גרם</UnitOfMeasure>
      <bIsWeighted>0</bIsWeighted>
      <QtyInPackage>1</QtyInPackage>
      <ItemPrice>14.90</ItemPrice>
      <UnitOfMeasurePrice>21.2857</UnitOfMeasurePrice>
      <AllowDiscount>1</AllowDiscount>
      <ItemStatus>1</ItemStatus>
      <ItemId>88896</ItemId>
    </Item>
    <Item>
      <PriceUpdateDate>2025-07-16 08:27:18</PriceUpdateDate>
      <ItemCode>8854404005220</ItemCode>
      <ItemType>1</ItemType>
      <ItemName>רוטב קארי אדום 300 ג</ItemName>
      <ManufacturerName>,</ManufacturerName>
      <ManufactureCountry>לא ידוע</ManufactureCountry>
      <ManufacturerItemDescription>רוטב קארי אדום 300 גר</ManufacturerItemDescription>
      <UnitQty>גרמים</UnitQty>
      <Quantity>300.00</Quantity>
      <UnitOfMeasure>100 גרם</UnitOfMeasure>
      <bIsWeighted>0</bIsWeighted>
      <QtyInPackage>1</QtyInPackage>
      <ItemPrice>26.90</ItemPrice>
      <UnitOfMeasurePrice>8.9667</UnitOfMeasurePrice>
      <AllowDiscount>1</AllowDiscount>
      <ItemStatus>1</ItemStatus>
      <ItemId>88901</ItemId>
    </Item>
    <Item>
      <PriceUpdateDate>2025-07-16 08:27:18</PriceUpdateDate>
      <ItemCode>8854404005237</ItemCode>
      <ItemType>1</ItemType>
      <ItemName>רוטב קארי ירוק 300 ג</ItemName>
      <ManufacturerName>,</ManufacturerName>
      <ManufactureCountry>לא ידוע</ManufactureCountry>
      <ManufacturerItemDescription>רוטב קארי ירוק 300 גר</ManufacturerItemDescription>
      <UnitQty>גרמים</UnitQty>
      <Quantity>300.00</Quantity>
      <UnitOfMeasure>100 גרם</UnitOfMeasure>
      <bIsWeighted>0</bIsWeighted>
      <QtyInPackage>1</QtyInPackage>
      <ItemPrice>26.90</ItemPrice>
      <UnitOfMeasurePrice>8.9667</UnitOfMeasurePrice>
      <AllowDiscount>1</AllowDiscount>
      <ItemStatus>1</ItemStatus>
      <ItemId>88902</ItemId>
    </Item>
    <Item>
      <PriceUpdateDate>2025-07-16 08:27:19</PriceUpdateDate>
      <ItemCode>8854404007002</ItemCode>
      <ItemType>1</ItemType>
      <ItemName>בסיס להכנת מרק טום י</ItemName>
      <ManufacturerName>,</ManufacturerName>
      <ManufactureCountry>לא ידוע</ManufactureCountry>
      <ManufacturerItemDescription>בסיס להכנת מרק טום יאם 250 גר</ManufacturerItemDescription>
      <UnitQty>גרמים</UnitQty>
      <Quantity>250.00</Quantity>
      <UnitOfMeasure>100 גרם</UnitOfMeasure>
      <bIsWeighted>0</bIsWeighted>
      <QtyInPackage>1</QtyInPackage>
      <ItemPrice>25.90</ItemPrice>
      <UnitOfMeasurePrice>10.3600</UnitOfMeasurePrice>
      <AllowDiscount>1</AllowDiscount>
      <ItemStatus>1</ItemStatus>
      <ItemId>88904</ItemId>
    </Item>
    <Item>
      <PriceUpdateDate>2023-12-31 12:52:25</PriceUpdateDate>
      <ItemCode>8859501300582</ItemCode>
      <ItemType>1</ItemType>
      <ItemName>גיוזה עוף 240 גר</ItemName>
      <ManufacturerName>,</ManufacturerName>
      <ManufactureCountry>לא ידוע</ManufactureCountry>
      <ManufacturerItemDescription>גיוזה עוף 240 גר</ManufacturerItemDescription>
      <UnitQty>גרמים</UnitQty>
      <Quantity>240.00</Quantity>
      <UnitOfMeasure>100 גרם</UnitOfMeasure>
      <bIsWeighted>0</bIsWeighted>
      <QtyInPackage>1</QtyInPackage>
      <ItemPrice>25.90</ItemPrice>
      <UnitOfMeasurePrice>10.7917</UnitOfMeasurePrice>
      <AllowDiscount>1</AllowDiscount>
      <ItemStatus>1</ItemStatus>
      <ItemId>88948</ItemId>
    </Item>
    <Item>
      <PriceUpdateDate>2024-05-13 08:47:57</PriceUpdateDate>
      <ItemCode>8856307836109</ItemCode>
      <ItemType>1</ItemType>
      <ItemName>ציפס בטטה בטעם פטריו</ItemName>
      <ManufacturerName>,</ManufacturerName>
      <ManufactureCountry>לא ידוע</ManufactureCountry>
      <ManufacturerItemDescription>ציפס בטטה בטעם פטריות כמהין 28 גר</ManufacturerItemDescription>
      <UnitQty>גרמים</UnitQty>
      <Quantity>28.00</Quantity>
      <UnitOfMeasure>100 גרם</UnitOfMeasure>
      <bIsWeighted>0</bIsWeighted>
      <QtyInPackage>1</QtyInPackage>
      <ItemPrice>5.90</ItemPrice>
      <UnitOfMeasurePrice>21.0714</UnitOfMeasurePrice>
      <AllowDiscount>1</AllowDiscount>
      <ItemStatus>1</ItemStatus>
      <ItemId>88984</ItemId>
    </Item>
    <Item>
      <PriceUpdateDate>2024-05-13 08:47:57</PriceUpdateDate>
      <ItemCode>8856307836406</ItemCode>
      <ItemType>1</ItemType>
      <ItemName>ציפס בטטה עם מלח ים</ItemName>
      <ManufacturerName>,</ManufacturerName>
      <ManufactureCountry>לא ידוע</ManufactureCountry>
      <ManufacturerItemDescription>ציפס בטטה עם מלח ים 28 גר</ManufacturerItemDescription>
      <UnitQty>גרמים</UnitQty>
      <Quantity>28.00</Quantity>
      <UnitOfMeasure>100 גרם</UnitOfMeasure>
      <bIsWeighted>0</bIsWeighted>
      <QtyInPackage>1</QtyInPackage>
      <ItemPrice>5.90</ItemPrice>
      <UnitOfMeasurePrice>21.0714</UnitOfMeasurePrice>
      <AllowDiscount>1</AllowDiscount>
      <ItemStatus>1</ItemStatus>
      <ItemId>88986</ItemId>
    </Item>
    <Item>
      <PriceUpdateDate>2024-11-19 15:35:08</PriceUpdateDate>
      <ItemCode>4770275051118</ItemCode>
      <ItemType>1</ItemType>
      <ItemName>טבורוג סבליה 3% 350</ItemName>
      <ManufacturerName>,</ManufacturerName>
      <ManufactureCountry>לא ידוע</ManufactureCountry>
      <ManufacturerItemDescription>טבורוג סבליה 3% 350 גר</ManufacturerItemDescription>
      <UnitQty>גרמים</UnitQty>
      <Quantity>350.00</Quantity>
      <UnitOfMeasure>100 גרם</UnitOfMeasure>
      <bIsWeighted>0</bIsWeighted>
      <QtyInPackage>1</QtyInPackage>
      <ItemPrice>21.90</ItemPrice>
      <UnitOfMeasurePrice>6.2571</UnitOfMeasurePrice>
      <AllowDiscount>1</AllowDiscount>
      <ItemStatus>1</ItemStatus>
      <ItemId>88999</ItemId>
    </Item>
    <Item>
      <PriceUpdateDate>2024-11-27 12:47:19</PriceUpdateDate>
      <ItemCode>4770275051101</ItemCode>
      <ItemType>1</ItemType>
      <ItemName>טבורוג סבליה 5% 350</ItemName>
      <ManufacturerName>,</ManufacturerName>
      <ManufactureCountry>לא ידוע</ManufactureCountry>
      <ManufacturerItemDescription>טבורוג סבליה 5% 350 גר</ManufacturerItemDescription>
      <UnitQty>גרמים</UnitQty>
      <Quantity>350.00</Quantity>
      <UnitOfMeasure>100 גרם</UnitOfMeasure>
      <bIsWeighted>0</bIsWeighted>
      <QtyInPackage>1</QtyInPackage>
      <ItemPrice>22.90</ItemPrice>
      <UnitOfMeasurePrice>6.5429</UnitOfMeasurePrice>
      <AllowDiscount>1</AllowDiscount>
      <ItemStatus>1</ItemStatus>
      <ItemId>89000</ItemId>
    </Item>
    <Item>
      <PriceUpdateDate>2024-11-19 15:35:08</PriceUpdateDate>
      <ItemCode>4770275051095</ItemCode>
      <ItemType>1</ItemType>
      <ItemName>טבורוג סבליה 5% 800</ItemName>
      <ManufacturerName>,</ManufacturerName>
      <ManufactureCountry>לא ידוע</ManufactureCountry>
      <ManufacturerItemDescription>טבורוג סבליה 5% 800 גר</ManufacturerItemDescription>
      <UnitQty>גרמים</UnitQty>
      <Quantity>800.00</Quantity>
      <UnitOfMeasure>100 גרם</UnitOfMeasure>
      <bIsWeighted>0</bIsWeighted>
      <QtyInPackage>1</QtyInPackage>
      <ItemPrice>43.90</ItemPrice>
      <UnitOfMeasurePrice>5.4875</UnitOfMeasurePrice>
      <AllowDiscount>1</AllowDiscount>
      <ItemStatus>1</ItemStatus>
      <ItemId>89001</ItemId>
    </Item>
    <Item>
      <PriceUpdateDate>2024-02-20 12:12:42</PriceUpdateDate>
      <ItemCode>4607934470761</ItemCode>
      <ItemType>1</ItemType>
      <ItemName>עוגת סופלה צירומישקי</ItemName>
      <ManufacturerName>,</ManufacturerName>
      <ManufactureCountry>לא ידוע</ManufactureCountry>
      <ManufacturerItemDescription>עוגת סופלה צירומישקי 450 גר</ManufacturerItemDescription>
      <UnitQty>גרמים</UnitQty>
      <Quantity>450.00</Quantity>
      <UnitOfMeasure>100 גרם</UnitOfMeasure>
      <bIsWeighted>0</bIsWeighted>
      <QtyInPackage>1</QtyInPackage>
      <ItemPrice>24.90</ItemPrice>
      <UnitOfMeasurePrice>5.5333</UnitOfMeasurePrice>
      <AllowDiscount>1</AllowDiscount>
      <ItemStatus>1</ItemStatus>
      <ItemId>89011</ItemId>
    </Item>
    <Item>
      <PriceUpdateDate>2023-12-31 12:52:26</PriceUpdateDate>
      <ItemCode>7290012077067</ItemCode>
      <ItemType>1</ItemType>
      <ItemName>עוגת שכבות מרנג קפה</ItemName>
      <ManufacturerName>,</ManufacturerName>
      <ManufactureCountry>לא ידוע</ManufactureCountry>
      <ManufacturerItemDescription>עוגת שכבות מרנג קפה</ManufacturerItemDescription>
      <UnitQty>גרמים</UnitQty>
      <Quantity>580.00</Quantity>
      <UnitOfMeasure>100 גרם</UnitOfMeasure>
      <bIsWeighted>0</bIsWeighted>
      <QtyInPackage>1</QtyInPackage>
      <ItemPrice>59.00</ItemPrice>
      <UnitOfMeasurePrice>10.1724</UnitOfMeasurePrice>
      <AllowDiscount>1</AllowDiscount>
      <ItemStatus>1</ItemStatus>
      <ItemId>89030</ItemId>
    </Item>
    <Item>
      <PriceUpdateDate>2025-11-18 11:02:43</PriceUpdateDate>
      <ItemCode>7290012077685</ItemCode>
      <ItemType>1</ItemType>
      <ItemName>עוגת נפוליאון 770 גר</ItemName>
      <ManufacturerName>,</ManufacturerName>
      <ManufactureCountry>לא ידוע</ManufactureCountry>
      <ManufacturerItemDescription>עוגת נפוליאון 770 גר</ManufacturerItemDescription>
      <UnitQty>גרמים</UnitQty>
      <Quantity>770.00</Quantity>
      <UnitOfMeasure>100 גרם</UnitOfMeasure>
      <bIsWeighted>0</bIsWeighted>
      <QtyInPackage>1</QtyInPackage>
      <ItemPrice>75.00</ItemPrice>
      <UnitOfMeasurePrice>9.7403</UnitOfMeasurePrice>
      <AllowDiscount>1</AllowDiscount>
      <ItemStatus>1</ItemStatus>
      <ItemId>89035</ItemId>
    </Item>
    <Item>
      <PriceUpdateDate>2024-06-18 08:39:09</PriceUpdateDate>
      <ItemCode>7290012077807</ItemCode>
      <ItemType>1</ItemType>
      <ItemName>עוגת בוחטה פרג ללא ס</ItemName>
      <ManufacturerName>,</ManufacturerName>
      <ManufactureCountry>לא ידוע</ManufactureCountry>
      <ManufacturerItemDescription>עוגת בוחטה פרג ללא ס</ManufacturerItemDescription>
      <UnitQty>גרמים</UnitQty>
      <Quantity>680.00</Quantity>
      <UnitOfMeasure>100 גרם</UnitOfMeasure>
      <bIsWeighted>0</bIsWeighted>
      <QtyInPackage>1</QtyInPackage>
      <ItemPrice>69.00</ItemPrice>
      <UnitOfMeasurePrice>10.1471</UnitOfMeasurePrice>
      <AllowDiscount>1</AllowDiscount>
      <ItemStatus>1</ItemStatus>
      <ItemId>89036</ItemId>
    </Item>
    <Item>
      <PriceUpdateDate>2023-12-31 12:52:26</PriceUpdateDate>
      <ItemCode>7290012077951</ItemCode>
      <ItemType>1</ItemType>
      <ItemName>עוגת בריוש פרלינה מר</ItemName>
      <ManufacturerName>,</ManufacturerName>
      <ManufactureCountry>לא ידוע</ManufactureCountry>
      <ManufacturerItemDescription>עוגת בריוש פרלינה מר</ManufacturerItemDescription>
      <UnitQty>גרמים</UnitQty>
      <Quantity>840.00</Quantity>
      <UnitOfMeasure>100 גרם</UnitOfMeasure>
      <bIsWeighted>0</bIsWeighted>
      <QtyInPackage>1</QtyInPackage>
      <ItemPrice>65.00</ItemPrice>
      <UnitOfMeasurePrice>7.7381</UnitOfMeasurePrice>
      <AllowDiscount>1</AllowDiscount>
      <ItemStatus>1</ItemStatus>
      <ItemId>89040</ItemId>
    </Item>
    <Item>
      <PriceUpdateDate>2023-12-31 12:52:26</PriceUpdateDate>
      <ItemCode>7290012078224</ItemCode>
      <ItemType>1</ItemType>
      <ItemName>עוגיות שושנים ללא סו</ItemName>
      <ManufacturerName>,</ManufacturerName>
      <ManufactureCountry>לא ידוע</ManufactureCountry>
      <ManufacturerItemDescription>עוגיות שושנים ללא סו</ManufacturerItemDescription>
      <UnitQty>גרמים</UnitQty>
      <Quantity>200.00</Quantity>
      <UnitOfMeasure>100 גרם</UnitOfMeasure>
      <bIsWeighted>0</bIsWeighted>
      <QtyInPackage>1</QtyInPackage>
      <ItemPrice>42.00</ItemPrice>
      <UnitOfMeasurePrice>21.0000</UnitOfMeasurePrice>
      <AllowDiscount>1</AllowDiscount>
      <ItemStatus>1</ItemStatus>
      <ItemId>89045</ItemId>
    </Item>
    <Item>
      <PriceUpdateDate>2023-12-31 12:52:26</PriceUpdateDate>
      <ItemCode>7290012078231</ItemCode>
      <ItemType>1</ItemType>
      <ItemName>עוגיות שושנים 300 גר</ItemName>
      <ManufacturerName>,</ManufacturerName>
      <ManufactureCountry>לא ידוע</ManufactureCountry>
      <ManufacturerItemDescription>עוגיות שושנים 300 גר</ManufacturerItemDescription>
      <UnitQty>גרמים</UnitQty>
      <Quantity>300.00</Quantity>
      <UnitOfMeasure>100 גרם</UnitOfMeasure>
      <bIsWeighted>0</bIsWeighted>
      <QtyInPackage>1</QtyInPackage>
      <ItemPrice>45.00</ItemPrice>
      <UnitOfMeasurePrice>15.0000</UnitOfMeasurePrice>
      <AllowDiscount>1</AllowDiscount>
      <ItemStatus>1</ItemStatus>
      <ItemId>89046</ItemId>
    </Item>
    <Item>
      <PriceUpdateDate>2024-06-18 08:39:09</PriceUpdateDate>
      <ItemCode>7290012078354</ItemCode>
      <ItemType>1</ItemType>
      <ItemName>עוגיות שקד לימון ללא</ItemName>
      <ManufacturerName>,</ManufacturerName>
      <ManufactureCountry>לא ידוע</ManufactureCountry>
      <ManufacturerItemDescription>עוגיות שקד לימון ללא</ManufacturerItemDescription>
      <UnitQty>גרמים</UnitQty>
      <Quantity>240.00</Quantity>
      <UnitOfMeasure>100 גרם</UnitOfMeasure>
      <bIsWeighted>0</bIsWeighted>
      <QtyInPackage>1</QtyInPackage>
      <ItemPrice>45.00</ItemPrice>
      <UnitOfMeasurePrice>18.7500</UnitOfMeasurePrice>
      <AllowDiscount>1</AllowDiscount>
      <ItemStatus>1</ItemStatus>
      <ItemId>89047</ItemId>
    </Item>
    <Item>
      <PriceUpdateDate>2025-03-28 12:52:11</PriceUpdateDate>
      <ItemCode>7290012078415</ItemCode>
      <ItemType>1</ItemType>
      <ItemName>עוגיות בראוניז 350 ג</ItemName>
      <ManufacturerName>,</ManufacturerName>
      <ManufactureCountry>לא ידוע</ManufactureCountry>
      <ManufacturerItemDescription>עוגיות בראוניז 350 גר</ManufacturerItemDescription>
      <UnitQty>גרמים</UnitQty>
      <Quantity>350.00</Quantity>
      <UnitOfMeasure>100 גרם</UnitOfMeasure>
      <bIsWeighted>0</bIsWeighted>
      <QtyInPackage>1</QtyInPackage>
      <ItemPrice>59.00</ItemPrice>
      <UnitOfMeasurePrice>16.8571</UnitOfMeasurePrice>
      <AllowDiscount>1</AllowDiscount>
      <ItemStatus>1</ItemStatus>
      <ItemId>89048</ItemId>
    </Item>
    <Item>
      <PriceUpdateDate>2023-12-31 12:52:26</PriceUpdateDate>
      <ItemCode>7290012078651</ItemCode>
      <ItemType>1</ItemType>
      <ItemName>עוגת בריוששוקולטה 68</ItemName>
      <ManufacturerName>,</ManufacturerName>
      <ManufactureCountry>לא ידוע</ManufactureCountry>
      <ManufacturerItemDescription>עוגת בריוששוקולטה 68</ManufacturerItemDescription>
      <UnitQty>גרמים</UnitQty>
      <Quantity>680.00</Quantity>
      <UnitOfMeasure>100 גרם</UnitOfMeasure>
      <bIsWeighted>0</bIsWeighted>
      <QtyInPackage>1</QtyInPackage>
      <ItemPrice>65.00</ItemPrice>
      <UnitOfMeasurePrice>9.5588</UnitOfMeasurePrice>
      <AllowDiscount>1</AllowDiscount>
      <ItemStatus>1</ItemStatus>
      <ItemId>89049</ItemId>
    </Item>
    <Item>
      <PriceUpdateDate>2023-12-31 12:52:26</PriceUpdateDate>
      <ItemCode>7290012078668</ItemCode>
      <ItemType>1</ItemType>
      <ItemName>עוגיות פלמיי ללא סוכ</ItemName>
      <ManufacturerName>,</ManufacturerName>
      <ManufactureCountry>לא ידוע</ManufactureCountry>
      <ManufacturerItemDescription>עוגיות פלמיי ללא סוכ</ManufacturerItemDescription>
      <UnitQty>גרמים</UnitQty>
      <Quantity>160.00</Quantity>
      <UnitOfMeasure>100 גרם</UnitOfMeasure>
      <bIsWeighted>0</bIsWeighted>
      <QtyInPackage>1</QtyInPackage>
      <ItemPrice>42.00</ItemPrice>
      <UnitOfMeasurePrice>26.2500</UnitOfMeasurePrice>
      <AllowDiscount>1</AllowDiscount>
      <ItemStatus>1</ItemStatus>
      <ItemId>89050</ItemId>
    </Item>
    <Item>
      <PriceUpdateDate>2023-12-31 12:52:26</PriceUpdateDate>
      <ItemCode>7290012078682</ItemCode>
      <ItemType>1</ItemType>
      <ItemName>עוגיות מלוחות מקלות</ItemName>
      <ManufacturerName>,</ManufacturerName>
      <ManufactureCountry>לא ידוע</ManufactureCountry>
      <ManufacturerItemDescription>עוגיות מלוחות מקלות</ManufacturerItemDescription>
      <UnitQty>גרמים</UnitQty>
      <Quantity>200.00</Quantity>
      <UnitOfMeasure>100 גרם</UnitOfMeasure>
      <bIsWeighted>0</bIsWeighted>
      <QtyInPackage>1</QtyInPackage>
      <ItemPrice>45.00</ItemPrice>
      <UnitOfMeasurePrice>22.5000</UnitOfMeasurePrice>
      <AllowDiscount>1</AllowDiscount>
      <ItemStatus>1</ItemStatus>
      <ItemId>89051</ItemId>
    </Item>
    <Item>
      <PriceUpdateDate>2023-12-31 12:52:26</PriceUpdateDate>
      <ItemCode>7290012078705</ItemCode>
      <ItemType>1</ItemType>
      <ItemName>עוגיות שכבות רוזמרי</ItemName>
      <ManufacturerName>,</ManufacturerName>
      <ManufactureCountry>לא ידוע</ManufactureCountry>
      <ManufacturerItemDescription>עוגיות שכבות רוזמרי</ManufacturerItemDescription>
      <UnitQty>גרמים</UnitQty>
      <Quantity>300.00</Quantity>
      <UnitOfMeasure>100 גרם</UnitOfMeasure>
      <bIsWeighted>0</bIsWeighted>
      <QtyInPackage>1</QtyInPackage>
      <ItemPrice>45.00</ItemPrice>
      <UnitOfMeasurePrice>15.0000</UnitOfMeasurePrice>
      <AllowDiscount>1</AllowDiscount>
      <ItemStatus>1</ItemStatus>
      <ItemId>89052</ItemId>
    </Item>
    <Item>
      <PriceUpdateDate>2023-12-31 12:52:26</PriceUpdateDate>
      <ItemCode>7290012078774</ItemCode>
      <ItemType>1</ItemType>
      <ItemName>עוגיות שכבות חלבה 30</ItemName>
      <ManufacturerName>,</ManufacturerName>
      <ManufactureCountry>לא ידוע</ManufactureCountry>
      <ManufacturerItemDescription>עוגיות שכבות חלבה 30</ManufacturerItemDescription>
      <UnitQty>גרמים</UnitQty>
      <Quantity>300.00</Quantity>
      <UnitOfMeasure>100 גרם</UnitOfMeasure>
      <bIsWeighted>0</bIsWeighted>
      <QtyInPackage>1</QtyInPackage>
      <ItemPrice>45.00</ItemPrice>
      <UnitOfMeasurePrice>15.0000</UnitOfMeasurePrice>
      <AllowDiscount>1</AllowDiscount>
      <ItemStatus>1</ItemStatus>
      <ItemId>89054</ItemId>
    </Item>
    <Item>
      <PriceUpdateDate>2025-01-01 09:13:46</PriceUpdateDate>
      <ItemCode>7290012078927</ItemCode>
      <ItemType>1</ItemType>
      <ItemName>עוגיות חמאה כוורת 22</ItemName>
      <ManufacturerName>,</ManufacturerName>
      <ManufactureCountry>לא ידוע</ManufactureCountry>
      <ManufacturerItemDescription>עוגיות חמאה כוורת 22</ManufacturerItemDescription>
      <UnitQty>גרמים</UnitQty>
      <Quantity>220.00</Quantity>
      <UnitOfMeasure>100 גרם</UnitOfMeasure>
      <bIsWeighted>0</bIsWeighted>
      <QtyInPackage>1</QtyInPackage>
      <ItemPrice>49.00</ItemPrice>
      <UnitOfMeasurePrice>22.2727</UnitOfMeasurePrice>
      <AllowDiscount>1</AllowDiscount>
      <ItemStatus>1</ItemStatus>
      <ItemId>89059</ItemId>
    </Item>
    <Item>
      <PriceUpdateDate>2023-12-31 12:52:26</PriceUpdateDate>
      <ItemCode>7290012078996</ItemCode>
      <ItemType>1</ItemType>
      <ItemName>עוגיות מלוחות רוקפור</ItemName>
      <ManufacturerName>,</ManufacturerName>
      <ManufactureCountry>לא ידוע</ManufactureCountry>
      <ManufacturerItemDescription>עוגיות מלוחות רוקפור</ManufacturerItemDescription>
      <UnitQty>גרמים</UnitQty>
      <Quantity>200.00</Quantity>
      <UnitOfMeasure>100 גרם</UnitOfMeasure>
      <bIsWeighted>0</bIsWeighted>
      <QtyInPackage>1</QtyInPackage>
      <ItemPrice>45.00</ItemPrice>
      <UnitOfMeasurePrice>22.5000</UnitOfMeasurePrice>
      <AllowDiscount>1</AllowDiscount>
      <ItemStatus>1</ItemStatus>
      <ItemId>89061</ItemId>
    </Item>
    <Item>
      <PriceUpdateDate>2025-03-28 12:52:11</PriceUpdateDate>
      <ItemCode>7290012161063</ItemCode>
      <ItemType>1</ItemType>
      <ItemName>עוגת מוס אייריש קרים</ItemName>
      <ManufacturerName>,</ManufacturerName>
      <ManufactureCountry>לא ידוע</ManufactureCountry>
      <ManufacturerItemDescription>עוגת מוס אייריש קרים 550 גר</ManufacturerItemDescription>
      <UnitQty>גרמים</UnitQty>
      <Quantity>550.00</Quantity>
      <UnitOfMeasure>100 גרם</UnitOfMeasure>
      <bIsWeighted>0</bIsWeighted>
      <QtyInPackage>1</QtyInPackage>
      <ItemPrice>79.00</ItemPrice>
      <UnitOfMeasurePrice>14.3636</UnitOfMeasurePrice>
      <AllowDiscount>1</AllowDiscount>
      <ItemStatus>1</ItemStatus>
      <ItemId>89062</ItemId>
    </Item>
    <Item>
      <PriceUpdateDate>2025-11-18 11:02:44</PriceUpdateDate>
      <ItemCode>7290012161506</ItemCode>
      <ItemType>1</ItemType>
      <ItemName>עוגת מוס בוואריה פטל</ItemName>
      <ManufacturerName>,</ManufacturerName>
      <ManufactureCountry>לא ידוע</ManufactureCountry>
      <ManufacturerItemDescription>עוגת מוס בוואריה פטל</ManufacturerItemDescription>
      <UnitQty>גרמים</UnitQty>
      <Quantity>550.00</Quantity>
      <UnitOfMeasure>100 גרם</UnitOfMeasure>
      <bIsWeighted>0</bIsWeighted>
      <QtyInPackage>1</QtyInPackage>
      <ItemPrice>79.00</ItemPrice>
      <UnitOfMeasurePrice>14.3636</UnitOfMeasurePrice>
      <AllowDiscount>1</AllowDiscount>
      <ItemStatus>1</ItemStatus>
      <ItemId>89066</ItemId>
    </Item>
    <Item>
      <PriceUpdateDate>2025-11-18 11:02:44</PriceUpdateDate>
      <ItemCode>7290012161513</ItemCode>
      <ItemType>1</ItemType>
      <ItemName>עוגת מוס דוקולד ללא</ItemName>
      <ManufacturerName>,</ManufacturerName>
      <ManufactureCountry>לא ידוע</ManufactureCountry>
      <ManufacturerItemDescription>עוגת מוס דוקולד ללא</ManufacturerItemDescription>
      <UnitQty>גרמים</UnitQty>
      <Quantity>550.00</Quantity>
      <UnitOfMeasure>100 גרם</UnitOfMeasure>
      <bIsWeighted>0</bIsWeighted>
      <QtyInPackage>1</QtyInPackage>
      <ItemPrice>79.00</ItemPrice>
      <UnitOfMeasurePrice>14.3636</UnitOfMeasurePrice>
      <AllowDiscount>1</AllowDiscount>
      <ItemStatus>1</ItemStatus>
      <ItemId>89067</ItemId>
    </Item>
    <Item>
      <PriceUpdateDate>2023-12-31 12:52:26</PriceUpdateDate>
      <ItemCode>7290012161766</ItemCode>
      <ItemType>1</ItemType>
      <ItemName>עוגת בריוש קרואסון ש</ItemName>
      <ManufacturerName>,</ManufacturerName>
      <ManufactureCountry>לא ידוע</ManufactureCountry>
      <ManufacturerItemDescription>עוגת בריוש קרואסון ש</ManufacturerItemDescription>
      <UnitQty>גרמים</UnitQty>
      <Quantity>620.00</Quantity>
      <UnitOfMeasure>100 גרם</UnitOfMeasure>
      <bIsWeighted>0</bIsWeighted>
      <QtyInPackage>1</QtyInPackage>
      <ItemPrice>65.00</ItemPrice>
      <UnitOfMeasurePrice>10.4839</UnitOfMeasurePrice>
      <AllowDiscount>1</AllowDiscount>
      <ItemStatus>1</ItemStatus>
      <ItemId>89069</ItemId>
    </Item>
    <Item>
      <PriceUpdateDate>2025-03-28 12:52:11</PriceUpdateDate>
      <ItemCode>7290012161964</ItemCode>
      <ItemType>1</ItemType>
      <ItemName>עוגיות אלפחורס 300 ג</ItemName>
      <ManufacturerName>,</ManufacturerName>
      <ManufactureCountry>לא ידוע</ManufactureCountry>
      <ManufacturerItemDescription>עוגיות אלפחורס 300 גר</ManufacturerItemDescription>
      <UnitQty>גרמים</UnitQty>
      <Quantity>300.00</Quantity>
      <UnitOfMeasure>100 גרם</UnitOfMeasure>
      <bIsWeighted>0</bIsWeighted>
      <QtyInPackage>1</QtyInPackage>
      <ItemPrice>59.00</ItemPrice>
      <UnitOfMeasurePrice>19.6667</UnitOfMeasurePrice>
      <AllowDiscount>1</AllowDiscount>
      <ItemStatus>1</ItemStatus>
      <ItemId>89071</ItemId>
    </Item>
    <Item>
      <PriceUpdateDate>2023-12-31 12:52:26</PriceUpdateDate>
      <ItemCode>7290012167119</ItemCode>
      <ItemType>1</ItemType>
      <ItemName>עוגת קרנץ נוטלה 650</ItemName>
      <ManufacturerName>,</ManufacturerName>
      <ManufactureCountry>לא ידוע</ManufactureCountry>
      <ManufacturerItemDescription>עוגת קרנץ נוטלה 650</ManufacturerItemDescription>
      <UnitQty>גרמים</UnitQty>
      <Quantity>650.00</Quantity>
      <UnitOfMeasure>100 גרם</UnitOfMeasure>
      <bIsWeighted>0</bIsWeighted>
      <QtyInPackage>1</QtyInPackage>
      <ItemPrice>59.00</ItemPrice>
      <UnitOfMeasurePrice>9.0769</UnitOfMeasurePrice>
      <AllowDiscount>1</AllowDiscount>
      <ItemStatus>1</ItemStatus>
      <ItemId>89073</ItemId>
    </Item>
    <Item>
      <PriceUpdateDate>2025-01-01 09:13:46</PriceUpdateDate>
      <ItemCode>7290012167232</ItemCode>
      <ItemType>1</ItemType>
      <ItemName>עוגיות רולדה תמרים ו</ItemName>
      <ManufacturerName>,</ManufacturerName>
      <ManufactureCountry>לא ידוע</ManufactureCountry>
      <ManufacturerItemDescription>עוגיות רולדה תמרים ו</ManufacturerItemDescription>
      <UnitQty>גרמים</UnitQty>
      <Quantity>280.00</Quantity>
      <UnitOfMeasure>100 גרם</UnitOfMeasure>
      <bIsWeighted>0</bIsWeighted>
      <QtyInPackage>1</QtyInPackage>
      <ItemPrice>45.00</ItemPrice>
      <UnitOfMeasurePrice>16.0714</UnitOfMeasurePrice>
      <AllowDiscount>1</AllowDiscount>
      <ItemStatus>1</ItemStatus>
      <ItemId>89074</ItemId>
    </Item>
    <Item>
      <PriceUpdateDate>2025-03-28 12:52:12</PriceUpdateDate>
      <ItemCode>7290012167300</ItemCode>
      <ItemType>1</ItemType>
      <ItemName>עוגת מוס קונקורד ללא</ItemName>
      <ManufacturerName>,</ManufacturerName>
      <ManufactureCountry>לא ידוע</ManufactureCountry>
      <ManufacturerItemDescription>עוגת מוס קונקורד ללא חלב 550 גר</ManufacturerItemDescription>
      <UnitQty>גרמים</UnitQty>
      <Quantity>550.00</Quantity>
      <UnitOfMeasure>100 גרם</UnitOfMeasure>
      <bIsWeighted>0</bIsWeighted>
      <QtyInPackage>1</QtyInPackage>
      <ItemPrice>79.00</ItemPrice>
      <UnitOfMeasurePrice>14.3636</UnitOfMeasurePrice>
      <AllowDiscount>1</AllowDiscount>
      <ItemStatus>1</ItemStatus>
      <ItemId>89076</ItemId>
    </Item>
    <Item>
      <PriceUpdateDate>2025-03-23 13:08:52</PriceUpdateDate>
      <ItemCode>6903478120178</ItemCode>
      <ItemType>1</ItemType>
      <ItemName>פטריות שלמות עם שום</ItemName>
      <ManufacturerName>,</ManufacturerName>
      <ManufactureCountry>לא ידוע</ManufactureCountry>
      <ManufacturerItemDescription>פטריות שלמות עם שום אוייסטר 840 גר</ManufacturerItemDescription>
      <UnitQty>גרמים</UnitQty>
      <Quantity>840.00</Quantity>
      <UnitOfMeasure>100 גרם</UnitOfMeasure>
      <bIsWeighted>0</bIsWeighted>
      <QtyInPackage>1</QtyInPackage>
      <ItemPrice>21.90</ItemPrice>
      <UnitOfMeasurePrice>2.6071</UnitOfMeasurePrice>
      <AllowDiscount>1</AllowDiscount>
      <ItemStatus>1</ItemStatus>
      <ItemId>89115</ItemId>
    </Item>
    <Item>
      <PriceUpdateDate>2025-08-03 11:17:49</PriceUpdateDate>
      <ItemCode>4607029055354</ItemCode>
      <ItemType>1</ItemType>
      <ItemName>ממרח קישואים קובנוצק</ItemName>
      <ManufacturerName>,</ManufacturerName>
      <ManufactureCountry>לא ידוע</ManufactureCountry>
      <ManufacturerItemDescription>ממרח קישואים קובנוצקה 360 גר</ManufacturerItemDescription>
      <UnitQty>גרמים</UnitQty>
      <Quantity>360.00</Quantity>
      <UnitOfMeasure>100 גרם</UnitOfMeasure>
      <bIsWeighted>0</bIsWeighted>
      <QtyInPackage>1</QtyInPackage>
      <ItemPrice>12.90</ItemPrice>
      <UnitOfMeasurePrice>3.5833</UnitOfMeasurePrice>
      <AllowDiscount>1</AllowDiscount>
      <ItemStatus>1</ItemStatus>
      <ItemId>97429</ItemId>
    </Item>
    <Item>
      <PriceUpdateDate>2025-03-23 13:08:52</PriceUpdateDate>
      <ItemCode>6903478120154</ItemCode>
      <ItemType>1</ItemType>
      <ItemName>תערובת פטריות מוחמצו</ItemName>
      <ManufacturerName>,</ManufacturerName>
      <ManufactureCountry>לא ידוע</ManufactureCountry>
      <ManufacturerItemDescription>תערובת פטריות מוחמצות 840 גר</ManufacturerItemDescription>
      <UnitQty>גרמים</UnitQty>
      <Quantity>840.00</Quantity>
      <UnitOfMeasure>100 גרם</UnitOfMeasure>
      <bIsWeighted>0</bIsWeighted>
      <QtyInPackage>1</QtyInPackage>
      <ItemPrice>21.90</ItemPrice>
      <UnitOfMeasurePrice>2.6071</UnitOfMeasurePrice>
      <AllowDiscount>1</AllowDiscount>
      <ItemStatus>1</ItemStatus>
      <ItemId>89117</ItemId>
    </Item>
    <Item>
      <PriceUpdateDate>2024-04-07 18:03:48</PriceUpdateDate>
      <ItemCode>18805</ItemCode>
      <ItemType>0</ItemType>
      <ItemName>לחם 7 גרעינים 500 גר</ItemName>
      <ManufacturerName>,</ManufacturerName>
      <ManufactureCountry>לא ידוע</ManufactureCountry>
      <ManufacturerItemDescription>לחם 7 גרעינים 500 גר</ManufacturerItemDescription>
      <UnitQty>גרמים</UnitQty>
      <Quantity>500.00</Quantity>
      <UnitOfMeasure>100 גרם</UnitOfMeasure>
      <bIsWeighted>0</bIsWeighted>
      <QtyInPackage>לא ידוע</QtyInPackage>
      <ItemPrice>19.90</ItemPrice>
      <UnitOfMeasurePrice>3.9800</UnitOfMeasurePrice>
      <AllowDiscount>1</AllowDiscount>
      <ItemStatus>1</ItemStatus>
      <ItemId>89334</ItemId>
    </Item>
    <Item>
      <PriceUpdateDate>2024-01-14 08:32:13</PriceUpdateDate>
      <ItemCode>18800</ItemCode>
      <ItemType>0</ItemType>
      <ItemName>לחם כוסמין בלי שפיץ</ItemName>
      <ManufacturerName>,</ManufacturerName>
      <ManufactureCountry>לא ידוע</ManufactureCountry>
      <ManufacturerItemDescription>לחם כוסמין בלי שפיץ 500 גר</ManufacturerItemDescription>
      <UnitQty>גרמים</UnitQty>
      <Quantity>500.00</Quantity>
      <UnitOfMeasure>100 גרם</UnitOfMeasure>
      <bIsWeighted>0</bIsWeighted>
      <QtyInPackage>לא ידוע</QtyInPackage>
      <ItemPrice>19.90</ItemPrice>
      <UnitOfMeasurePrice>3.9800</UnitOfMeasurePrice>
      <AllowDiscount>1</AllowDiscount>
      <ItemStatus>1</ItemStatus>
      <ItemId>89335</ItemId>
    </Item>
    <Item>
      <PriceUpdateDate>2024-01-14 08:32:14</PriceUpdateDate>
      <ItemCode>18804</ItemCode>
      <ItemType>0</ItemType>
      <ItemName>לחם אגוזים אובלי 500</ItemName>
      <ManufacturerName>,</ManufacturerName>
      <ManufactureCountry>לא ידוע</ManufactureCountry>
      <ManufacturerItemDescription>לחם אגוזים אובלי 500 גר</ManufacturerItemDescription>
      <UnitQty>גרמים</UnitQty>
      <Quantity>500.00</Quantity>
      <UnitOfMeasure>100 גרם</UnitOfMeasure>
      <bIsWeighted>0</bIsWeighted>
      <QtyInPackage>לא ידוע</QtyInPackage>
      <ItemPrice>19.90</ItemPrice>
      <UnitOfMeasurePrice>3.9800</UnitOfMeasurePrice>
      <AllowDiscount>1</AllowDiscount>
      <ItemStatus>1</ItemStatus>
      <ItemId>89336</ItemId>
    </Item>
    <Item>
      <PriceUpdateDate>2024-01-15 08:50:46</PriceUpdateDate>
      <ItemCode>4601916007037</ItemCode>
      <ItemType>1</ItemType>
      <ItemName>פריכיות דגנים פירות</ItemName>
      <ManufacturerName>,</ManufacturerName>
      <ManufactureCountry>לא ידוע</ManufactureCountry>
      <ManufacturerItemDescription>פריכיות דגנים פירות יער 100 גר</ManufacturerItemDescription>
      <UnitQty>גרמים</UnitQty>
      <Quantity>100.00</Quantity>
      <UnitOfMeasure>100 גרם</UnitOfMeasure>
      <bIsWeighted>0</bIsWeighted>
      <QtyInPackage>1</QtyInPackage>
      <ItemPrice>7.90</ItemPrice>
      <UnitOfMeasurePrice>7.9000</UnitOfMeasurePrice>
      <AllowDiscount>1</AllowDiscount>
      <ItemStatus>1</ItemStatus>
      <ItemId>89372</ItemId>
    </Item>
    <Item>
      <PriceUpdateDate>2024-12-02 08:58:52</PriceUpdateDate>
      <ItemCode>4601916005064</ItemCode>
      <ItemType>1</ItemType>
      <ItemName>סולת 800 גר</ItemName>
      <ManufacturerName>,</ManufacturerName>
      <ManufactureCountry>לא ידוע</ManufactureCountry>
      <ManufacturerItemDescription>סולת 800 גר</ManufacturerItemDescription>
      <UnitQty>גרמים</UnitQty>
      <Quantity>800.00</Quantity>
      <UnitOfMeasure>100 גרם</UnitOfMeasure>
      <bIsWeighted>0</bIsWeighted>
      <QtyInPackage>1</QtyInPackage>
      <ItemPrice>10.90</ItemPrice>
      <UnitOfMeasurePrice>1.3625</UnitOfMeasurePrice>
      <AllowDiscount>1</AllowDiscount>
      <ItemStatus>1</ItemStatus>
      <ItemId>89376</ItemId>
    </Item>
    <Item>
      <PriceUpdateDate>2024-01-15 08:50:46</PriceUpdateDate>
      <ItemCode>4601916000502</ItemCode>
      <ItemType>1</ItemType>
      <ItemName>כוסמת 900 גר</ItemName>
      <ManufacturerName>,</ManufacturerName>
      <ManufactureCountry>לא ידוע</ManufactureCountry>
      <ManufacturerItemDescription>כוסמת 900 גר</ManufacturerItemDescription>
      <UnitQty>גרמים</UnitQty>
      <Quantity>900.00</Quantity>
      <UnitOfMeasure>100 גרם</UnitOfMeasure>
      <bIsWeighted>0</bIsWeighted>
      <QtyInPackage>1</QtyInPackage>
      <ItemPrice>11.90</ItemPrice>
      <UnitOfMeasurePrice>1.3222</UnitOfMeasurePrice>
      <AllowDiscount>1</AllowDiscount>
      <ItemStatus>1</ItemStatus>
      <ItemId>89379</ItemId>
    </Item>
    <Item>
      <PriceUpdateDate>2024-12-02 08:58:52</PriceUpdateDate>
      <ItemCode>4601916004531</ItemCode>
      <ItemType>1</ItemType>
      <ItemName>בורגול 500 גר</ItemName>
      <ManufacturerName>,</ManufacturerName>
      <ManufactureCountry>לא ידוע</ManufactureCountry>
      <ManufacturerItemDescription>בורגול 500 גר</ManufacturerItemDescription>
      <UnitQty>גרמים</UnitQty>
      <Quantity>500.00</Quantity>
      <UnitOfMeasure>100 גרם</UnitOfMeasure>
      <bIsWeighted>0</bIsWeighted>
      <QtyInPackage>1</QtyInPackage>
      <ItemPrice>10.90</ItemPrice>
      <UnitOfMeasurePrice>2.1800</UnitOfMeasurePrice>
      <AllowDiscount>1</AllowDiscount>
      <ItemStatus>1</ItemStatus>
      <ItemId>89381</ItemId>
    </Item>
    <Item>
      <PriceUpdateDate>2024-05-05 08:51:46</PriceUpdateDate>
      <ItemCode>5010278100710</ItemCode>
      <ItemType>1</ItemType>
      <ItemName>ויסקי גים בים רד סטא</ItemName>
      <ManufacturerName>בים סנטורי</ManufacturerName>
      <ManufactureCountry>לא ידוע</ManufactureCountry>
      <ManufacturerItemDescription>ויסקי גים בים רד סטאג 700 מל</ManufacturerItemDescription>
      <UnitQty>מיליליטרים</UnitQty>
      <Quantity>700.00</Quantity>
      <UnitOfMeasure>100 מ"ל</UnitOfMeasure>
      <bIsWeighted>0</bIsWeighted>
      <QtyInPackage>1</QtyInPackage>
      <ItemPrice>99.90</ItemPrice>
      <UnitOfMeasurePrice>14.2714</UnitOfMeasurePrice>
      <AllowDiscount>1</AllowDiscount>
      <ItemStatus>1</ItemStatus>
      <ItemId>89445</ItemId>
    </Item>
    <Item>
      <PriceUpdateDate>2024-01-16 17:32:39</PriceUpdateDate>
      <ItemCode>16712</ItemCode>
      <ItemType>0</ItemType>
      <ItemName>לקט ירקות</ItemName>
      <ManufacturerName>,</ManufacturerName>
      <ManufactureCountry>לא ידוע</ManufactureCountry>
      <ManufacturerItemDescription>לקט ירקות</ManufacturerItemDescription>
      <UnitQty>קילוגרמים</UnitQty>
      <Quantity>1.00</Quantity>
      <UnitOfMeasure>ק"ג</UnitOfMeasure>
      <bIsWeighted>1</bIsWeighted>
      <QtyInPackage>לא ידוע</QtyInPackage>
      <ItemPrice>39.00</ItemPrice>
      <UnitOfMeasurePrice>39.0000</UnitOfMeasurePrice>
      <AllowDiscount>1</AllowDiscount>
      <ItemStatus>1</ItemStatus>
      <ItemId>89446</ItemId>
    </Item>
    <Item>
      <PriceUpdateDate>2024-06-05 16:19:11</PriceUpdateDate>
      <ItemCode>7290008855051</ItemCode>
      <ItemType>1</ItemType>
      <ItemName>טליאטלה ביצים 450 גר</ItemName>
      <ManufacturerName>,</ManufacturerName>
      <ManufactureCountry>לא ידוע</ManufactureCountry>
      <ManufacturerItemDescription>טליאטלה ביצים 450 גר</ManufacturerItemDescription>
      <UnitQty>גרמים</UnitQty>
      <Quantity>450.00</Quantity>
      <UnitOfMeasure>100 גרם</UnitOfMeasure>
      <bIsWeighted>0</bIsWeighted>
      <QtyInPackage>לא ידוע</QtyInPackage>
      <ItemPrice>34.90</ItemPrice>
      <UnitOfMeasurePrice>7.7556</UnitOfMeasurePrice>
      <AllowDiscount>1</AllowDiscount>
      <ItemStatus>1</ItemStatus>
      <ItemId>89455</ItemId>
    </Item>
    <Item>
      <PriceUpdateDate>2024-01-17 16:28:12</PriceUpdateDate>
      <ItemCode>4770583215202</ItemCode>
      <ItemType>1</ItemType>
      <ItemName>רוטב עגבניות מתובל א</ItemName>
      <ManufacturerName>,</ManufacturerName>
      <ManufactureCountry>לא ידוע</ManufactureCountry>
      <ManufacturerItemDescription>רוטב עגבניות מתובל אדזיקה 260 גר</ManufacturerItemDescription>
      <UnitQty>גרמים</UnitQty>
      <Quantity>260.00</Quantity>
      <UnitOfMeasure>100 גרם</UnitOfMeasure>
      <bIsWeighted>0</bIsWeighted>
      <QtyInPackage>1</QtyInPackage>
      <ItemPrice>14.90</ItemPrice>
      <UnitOfMeasurePrice>5.7308</UnitOfMeasurePrice>
      <AllowDiscount>1</AllowDiscount>
      <ItemStatus>1</ItemStatus>
      <ItemId>89459</ItemId>
    </Item>
    <Item>
      <PriceUpdateDate>2025-07-16 08:27:18</PriceUpdateDate>
      <ItemCode>8854404001154</ItemCode>
      <ItemType>1</ItemType>
      <ItemName>רוטב דגים 200 מל</ItemName>
      <ManufacturerName>,</ManufacturerName>
      <ManufactureCountry>לא ידוע</ManufactureCountry>
      <ManufacturerItemDescription>רוטב דגים 200 מל</ManufacturerItemDescription>
      <UnitQty>מיליליטרים</UnitQty>
      <Quantity>200.00</Quantity>
      <UnitOfMeasure>100 מ"ל</UnitOfMeasure>
      <bIsWeighted>0</bIsWeighted>
      <QtyInPackage>1</QtyInPackage>
      <ItemPrice>8.90</ItemPrice>
      <UnitOfMeasurePrice>4.4500</UnitOfMeasurePrice>
      <AllowDiscount>1</AllowDiscount>
      <ItemStatus>1</ItemStatus>
      <ItemId>89472</ItemId>
    </Item>
    <Item>
      <PriceUpdateDate>2025-11-17 19:56:47</PriceUpdateDate>
      <ItemCode>5768</ItemCode>
      <ItemType>0</ItemType>
      <ItemName>אקלר שוקולד דודו אוט</ItemName>
      <ManufacturerName>,</ManufacturerName>
      <ManufactureCountry>לא ידוע</ManufactureCountry>
      <ManufacturerItemDescription>אקלר שוקולד דודו אוטמזגין</ManufacturerItemDescription>
      <UnitQty>Unknown </UnitQty>
      <Quantity>0.00</Quantity>
      <UnitOfMeasure>Unknown </UnitOfMeasure>
      <bIsWeighted>0</bIsWeighted>
      <QtyInPackage>לא ידוע</QtyInPackage>
      <ItemPrice>15.00</ItemPrice>
      <UnitOfMeasurePrice>0.0000</UnitOfMeasurePrice>
      <AllowDiscount>1</AllowDiscount>
      <ItemStatus>1</ItemStatus>
      <ItemId>89496</ItemId>
    </Item>
    <Item>
      <PriceUpdateDate>2025-01-01 09:13:44</PriceUpdateDate>
      <ItemCode>5769</ItemCode>
      <ItemType>0</ItemType>
      <ItemName>עוגת סברינה אישית 20</ItemName>
      <ManufacturerName>,</ManufacturerName>
      <ManufactureCountry>לא ידוע</ManufactureCountry>
      <ManufacturerItemDescription>עוגת סברינה אישית 200 גר</ManufacturerItemDescription>
      <UnitQty>גרמים</UnitQty>
      <Quantity>200.00</Quantity>
      <UnitOfMeasure>100 גרם</UnitOfMeasure>
      <bIsWeighted>0</bIsWeighted>
      <QtyInPackage>לא ידוע</QtyInPackage>
      <ItemPrice>45.00</ItemPrice>
      <UnitOfMeasurePrice>22.5000</UnitOfMeasurePrice>
      <AllowDiscount>1</AllowDiscount>
      <ItemStatus>1</ItemStatus>
      <ItemId>89497</ItemId>
    </Item>
    <Item>
      <PriceUpdateDate>2025-04-14 13:00:32</PriceUpdateDate>
      <ItemCode>4860102001970</ItemCode>
      <ItemType>1</ItemType>
      <ItemName>תבלין חמלי סונלי גאו</ItemName>
      <ManufacturerName>,</ManufacturerName>
      <ManufactureCountry>לא ידוע</ManufactureCountry>
      <ManufacturerItemDescription>תבלין חמלי סונלי גאורגי 110 גר</ManufacturerItemDescription>
      <UnitQty>גרמים</UnitQty>
      <Quantity>110.00</Quantity>
      <UnitOfMeasure>100 גרם</UnitOfMeasure>
      <bIsWeighted>0</bIsWeighted>
      <QtyInPackage>1</QtyInPackage>
      <ItemPrice>15.90</ItemPrice>
      <UnitOfMeasurePrice>14.4545</UnitOfMeasurePrice>
      <AllowDiscount>1</AllowDiscount>
      <ItemStatus>1</ItemStatus>
      <ItemId>89508</ItemId>
    </Item>
    <Item>
      <PriceUpdateDate>2025-04-14 13:00:32</PriceUpdateDate>
      <ItemCode>4860102001949</ItemCode>
      <ItemType>1</ItemType>
      <ItemName>מלח סוונטי קלאסי 200</ItemName>
      <ManufacturerName>,</ManufacturerName>
      <ManufactureCountry>לא ידוע</ManufactureCountry>
      <ManufacturerItemDescription>מלח סוונטי קלאסי 200 גר</ManufacturerItemDescription>
      <UnitQty>גרמים</UnitQty>
      <Quantity>200.00</Quantity>
      <UnitOfMeasure>100 גרם</UnitOfMeasure>
      <bIsWeighted>0</bIsWeighted>
      <QtyInPackage>1</QtyInPackage>
      <ItemPrice>15.90</ItemPrice>
      <UnitOfMeasurePrice>7.9500</UnitOfMeasurePrice>
      <AllowDiscount>1</AllowDiscount>
      <ItemStatus>1</ItemStatus>
      <ItemId>89509</ItemId>
    </Item>
    <Item>
      <PriceUpdateDate>2025-04-14 13:00:32</PriceUpdateDate>
      <ItemCode>4860102001956</ItemCode>
      <ItemType>1</ItemType>
      <ItemName>מלח סוונטי חריף 200</ItemName>
      <ManufacturerName>,</ManufacturerName>
      <ManufactureCountry>לא ידוע</ManufactureCountry>
      <ManufacturerItemDescription>מלח סוונטי חריף 200 גר</ManufacturerItemDescription>
      <UnitQty>גרמים</UnitQty>
      <Quantity>200.00</Quantity>
      <UnitOfMeasure>100 גרם</UnitOfMeasure>
      <bIsWeighted>0</bIsWeighted>
      <QtyInPackage>1</QtyInPackage>
      <ItemPrice>15.90</ItemPrice>
      <UnitOfMeasurePrice>7.9500</UnitOfMeasurePrice>
      <AllowDiscount>1</AllowDiscount>
      <ItemStatus>1</ItemStatus>
      <ItemId>89510</ItemId>
    </Item>
    <Item>
      <PriceUpdateDate>2024-01-23 13:44:48</PriceUpdateDate>
      <ItemCode>4820182742934</ItemCode>
      <ItemType>1</ItemType>
      <ItemName>צנימים פלינט בטעם גב</ItemName>
      <ManufacturerName>,</ManufacturerName>
      <ManufactureCountry>לא ידוע</ManufactureCountry>
      <ManufacturerItemDescription>צנימים פלינט בטעם גבינה 110 גר</ManufacturerItemDescription>
      <UnitQty>גרמים</UnitQty>
      <Quantity>110.00</Quantity>
      <UnitOfMeasure>100 גרם</UnitOfMeasure>
      <bIsWeighted>0</bIsWeighted>
      <QtyInPackage>1</QtyInPackage>
      <ItemPrice>6.90</ItemPrice>
      <UnitOfMeasurePrice>6.2727</UnitOfMeasurePrice>
      <AllowDiscount>1</AllowDiscount>
      <ItemStatus>1</ItemStatus>
      <ItemId>89538</ItemId>
    </Item>
    <Item>
      <PriceUpdateDate>2024-01-23 13:44:48</PriceUpdateDate>
      <ItemCode>4820182747113</ItemCode>
      <ItemType>1</ItemType>
      <ItemName>צנימים פלינט בטעם סל</ItemName>
      <ManufacturerName>,</ManufacturerName>
      <ManufactureCountry>לא ידוע</ManufactureCountry>
      <ManufacturerItemDescription>צנימים פלינט בטעם סלמי 110 גר</ManufacturerItemDescription>
      <UnitQty>גרמים</UnitQty>
      <Quantity>110.00</Quantity>
      <UnitOfMeasure>100 גרם</UnitOfMeasure>
      <bIsWeighted>0</bIsWeighted>
      <QtyInPackage>1</QtyInPackage>
      <ItemPrice>6.90</ItemPrice>
      <UnitOfMeasurePrice>6.2727</UnitOfMeasurePrice>
      <AllowDiscount>1</AllowDiscount>
      <ItemStatus>1</ItemStatus>
      <ItemId>89539</ItemId>
    </Item>
    <Item>
      <PriceUpdateDate>2024-01-23 13:44:48</PriceUpdateDate>
      <ItemCode>4820182742958</ItemCode>
      <ItemType>1</ItemType>
      <ItemName>צנימים פלינט בטעם קו</ItemName>
      <ManufacturerName>,</ManufacturerName>
      <ManufactureCountry>לא ידוע</ManufactureCountry>
      <ManufacturerItemDescription>צנימים פלינט בטעם קוויאר אדום 110 גר</ManufacturerItemDescription>
      <UnitQty>גרמים</UnitQty>
      <Quantity>110.00</Quantity>
      <UnitOfMeasure>100 גרם</UnitOfMeasure>
      <bIsWeighted>0</bIsWeighted>
      <QtyInPackage>1</QtyInPackage>
      <ItemPrice>6.90</ItemPrice>
      <UnitOfMeasurePrice>6.2727</UnitOfMeasurePrice>
      <AllowDiscount>1</AllowDiscount>
      <ItemStatus>1</ItemStatus>
      <ItemId>89540</ItemId>
    </Item>
    <Item>
      <PriceUpdateDate>2024-01-23 13:44:48</PriceUpdateDate>
      <ItemCode>4820182742842</ItemCode>
      <ItemType>1</ItemType>
      <ItemName>צנימים פלינט בטעם סר</ItemName>
      <ManufacturerName>,</ManufacturerName>
      <ManufactureCountry>לא ידוע</ManufactureCountry>
      <ManufacturerItemDescription>צנימים פלינט בטעם סרטן ים 110 גר</ManufacturerItemDescription>
      <UnitQty>גרמים</UnitQty>
      <Quantity>110.00</Quantity>
      <UnitOfMeasure>100 גרם</UnitOfMeasure>
      <bIsWeighted>0</bIsWeighted>
      <QtyInPackage>1</QtyInPackage>
      <ItemPrice>6.90</ItemPrice>
      <UnitOfMeasurePrice>6.2727</UnitOfMeasurePrice>
      <AllowDiscount>1</AllowDiscount>
      <ItemStatus>1</ItemStatus>
      <ItemId>89541</ItemId>
    </Item>
    <Item>
      <PriceUpdateDate>2024-01-23 13:44:48</PriceUpdateDate>
      <ItemCode>4820182742828</ItemCode>
      <ItemType>1</ItemType>
      <ItemName>צנימים פלינט בטעם סר</ItemName>
      <ManufacturerName>,</ManufacturerName>
      <ManufactureCountry>לא ידוע</ManufactureCountry>
      <ManufacturerItemDescription>צנימים פלינט בטעם סרטן ים 110 גר</ManufacturerItemDescription>
      <UnitQty>גרמים</UnitQty>
      <Quantity>110.00</Quantity>
      <UnitOfMeasure>100 גרם</UnitOfMeasure>
      <bIsWeighted>0</bIsWeighted>
      <QtyInPackage>1</QtyInPackage>
      <ItemPrice>6.90</ItemPrice>
      <UnitOfMeasurePrice>6.2727</UnitOfMeasurePrice>
      <AllowDiscount>1</AllowDiscount>
      <ItemStatus>1</ItemStatus>
      <ItemId>89542</ItemId>
    </Item>
    <Item>
      <PriceUpdateDate>2024-01-23 13:44:48</PriceUpdateDate>
      <ItemCode>4820182743177</ItemCode>
      <ItemType>1</ItemType>
      <ItemName>קרוטונים פלינט שיפון</ItemName>
      <ManufacturerName>MALBI CHOCOLATE</ManufacturerName>
      <ManufactureCountry>לא ידוע</ManufactureCountry>
      <ManufacturerItemDescription>קרוטונים פלינט שיפון בטעם סאלו 70 גר</ManufacturerItemDescription>
      <UnitQty>גרמים</UnitQty>
      <Quantity>70.00</Quantity>
      <UnitOfMeasure>100 גרם</UnitOfMeasure>
      <bIsWeighted>0</bIsWeighted>
      <QtyInPackage>1</QtyInPackage>
      <ItemPrice>3.90</ItemPrice>
      <UnitOfMeasurePrice>5.5714</UnitOfMeasurePrice>
      <AllowDiscount>1</AllowDiscount>
      <ItemStatus>1</ItemStatus>
      <ItemId>89543</ItemId>
    </Item>
    <Item>
      <PriceUpdateDate>2024-01-23 13:44:49</PriceUpdateDate>
      <ItemCode>4678599099055</ItemCode>
      <ItemType>1</ItemType>
      <ItemName>דג סודק ארנה 300 גר</ItemName>
      <ManufacturerName>,</ManufacturerName>
      <ManufactureCountry>לא ידוע</ManufactureCountry>
      <ManufacturerItemDescription>דג סודק ארנה 300 גר</ManufacturerItemDescription>
      <UnitQty>גרמים</UnitQty>
      <Quantity>300.00</Quantity>
      <UnitOfMeasure>100 גרם</UnitOfMeasure>
      <bIsWeighted>0</bIsWeighted>
      <QtyInPackage>1</QtyInPackage>
      <ItemPrice>39.90</ItemPrice>
      <UnitOfMeasurePrice>13.3000</UnitOfMeasurePrice>
      <AllowDiscount>1</AllowDiscount>
      <ItemStatus>1</ItemStatus>
      <ItemId>89553</ItemId>
    </Item>
    <Item>
      <PriceUpdateDate>2025-06-20 08:31:13</PriceUpdateDate>
      <ItemCode>5902574395788</ItemCode>
      <ItemType>1</ItemType>
      <ItemName>שוקולד מריר 99% מילנ</ItemName>
      <ManufacturerName>,</ManufacturerName>
      <ManufactureCountry>לא ידוע</ManufactureCountry>
      <ManufacturerItemDescription>שוקולד מריר 99% מילניום פייבוריט 100 גר</ManufacturerItemDescription>
      <UnitQty>גרמים</UnitQty>
      <Quantity>100.00</Quantity>
      <UnitOfMeasure>100 גרם</UnitOfMeasure>
      <bIsWeighted>0</bIsWeighted>
      <QtyInPackage>1</QtyInPackage>
      <ItemPrice>16.90</ItemPrice>
      <UnitOfMeasurePrice>16.9000</UnitOfMeasurePrice>
      <AllowDiscount>1</AllowDiscount>
      <ItemStatus>1</ItemStatus>
      <ItemId>89559</ItemId>
    </Item>
    <Item>
      <PriceUpdateDate>2024-11-22 08:30:13</PriceUpdateDate>
      <ItemCode>4604248019655</ItemCode>
      <ItemType>1</ItemType>
      <ItemName>רוטב מחייב פלפל צילי</ItemName>
      <ManufacturerName>LEKORNA</ManufacturerName>
      <ManufactureCountry>לא ידוע</ManufactureCountry>
      <ManufacturerItemDescription>רוטב מחייב פלפל צילי 230 גר</ManufacturerItemDescription>
      <UnitQty>גרמים</UnitQty>
      <Quantity>230.00</Quantity>
      <UnitOfMeasure>100 גרם</UnitOfMeasure>
      <bIsWeighted>0</bIsWeighted>
      <QtyInPackage>1</QtyInPackage>
      <ItemPrice>9.90</ItemPrice>
      <UnitOfMeasurePrice>4.3043</UnitOfMeasurePrice>
      <AllowDiscount>1</AllowDiscount>
      <ItemStatus>1</ItemStatus>
      <ItemId>89568</ItemId>
    </Item>
    <Item>
      <PriceUpdateDate>2024-06-13 18:01:43</PriceUpdateDate>
      <ItemCode>7290012161100</ItemCode>
      <ItemType>1</ItemType>
      <ItemName>עוגיות קנטוציני ללא</ItemName>
      <ManufacturerName>,</ManufacturerName>
      <ManufactureCountry>לא ידוע</ManufactureCountry>
      <ManufacturerItemDescription>עוגיות קנטוציני ללא סוכר 200 גר</ManufacturerItemDescription>
      <UnitQty>גרמים</UnitQty>
      <Quantity>200.00</Quantity>
      <UnitOfMeasure>100 גרם</UnitOfMeasure>
      <bIsWeighted>0</bIsWeighted>
      <QtyInPackage>1</QtyInPackage>
      <ItemPrice>45.00</ItemPrice>
      <UnitOfMeasurePrice>22.5000</UnitOfMeasurePrice>
      <AllowDiscount>1</AllowDiscount>
      <ItemStatus>1</ItemStatus>
      <ItemId>91849</ItemId>
    </Item>
    <Item>
      <PriceUpdateDate>2025-11-03 09:12:55</PriceUpdateDate>
      <ItemCode>4820065110065</ItemCode>
      <ItemType>1</ItemType>
      <ItemName>תערובת יבשה קרם וניל</ItemName>
      <ManufacturerName>,</ManufacturerName>
      <ManufactureCountry>לא ידוע</ManufactureCountry>
      <ManufacturerItemDescription>תערובת יבשה קרם וניל חמאה 75 גר</ManufacturerItemDescription>
      <UnitQty>גרמים</UnitQty>
      <Quantity>75.00</Quantity>
      <UnitOfMeasure>100 גרם</UnitOfMeasure>
      <bIsWeighted>0</bIsWeighted>
      <QtyInPackage>1</QtyInPackage>
      <ItemPrice>6.90</ItemPrice>
      <UnitOfMeasurePrice>9.2000</UnitOfMeasurePrice>
      <AllowDiscount>1</AllowDiscount>
      <ItemStatus>1</ItemStatus>
      <ItemId>90311</ItemId>
    </Item>
    <Item>
      <PriceUpdateDate>2024-06-16 09:46:49</PriceUpdateDate>
      <ItemCode>6230</ItemCode>
      <ItemType>0</ItemType>
      <ItemName>קוביות פטה עם פסטו</ItemName>
      <ManufacturerName>,</ManufacturerName>
      <ManufactureCountry>לא ידוע</ManufactureCountry>
      <ManufacturerItemDescription>קוביות פטה עם פסטו</ManufacturerItemDescription>
      <UnitQty>קילוגרמים</UnitQty>
      <Quantity>1.00</Quantity>
      <UnitOfMeasure>ק"ג</UnitOfMeasure>
      <bIsWeighted>1</bIsWeighted>
      <QtyInPackage>לא ידוע</QtyInPackage>
      <ItemPrice>89.00</ItemPrice>
      <UnitOfMeasurePrice>89.0000</UnitOfMeasurePrice>
      <AllowDiscount>1</AllowDiscount>
      <ItemStatus>1</ItemStatus>
      <ItemId>89621</ItemId>
    </Item>
    <Item>
      <PriceUpdateDate>2024-01-29 14:32:08</PriceUpdateDate>
      <ItemCode>3453040000429</ItemCode>
      <ItemType>1</ItemType>
      <ItemName>יין דומיין אסטרוק מא</ItemName>
      <ManufacturerName>,</ManufacturerName>
      <ManufactureCountry>לא ידוע</ManufactureCountry>
      <ManufacturerItemDescription>יין דומיין אסטרוק מאלבק 750 מל</ManufacturerItemDescription>
      <UnitQty>מיליליטרים</UnitQty>
      <Quantity>750.00</Quantity>
      <UnitOfMeasure>100 מ"ל</UnitOfMeasure>
      <bIsWeighted>0</bIsWeighted>
      <QtyInPackage>1</QtyInPackage>
      <ItemPrice>44.90</ItemPrice>
      <UnitOfMeasurePrice>5.9867</UnitOfMeasurePrice>
      <AllowDiscount>1</AllowDiscount>
      <ItemStatus>1</ItemStatus>
      <ItemId>89632</ItemId>
    </Item>
    <Item>
      <PriceUpdateDate>2024-01-29 14:32:08</PriceUpdateDate>
      <ItemCode>3453040000177</ItemCode>
      <ItemType>1</ItemType>
      <ItemName>יין דומיין אסטרוק קב</ItemName>
      <ManufacturerName>,</ManufacturerName>
      <ManufactureCountry>לא ידוע</ManufactureCountry>
      <ManufacturerItemDescription>יין דומיין אסטרוק קברנה סוביניון 750 מל</ManufacturerItemDescription>
      <UnitQty>מיליליטרים</UnitQty>
      <Quantity>750.00</Quantity>
      <UnitOfMeasure>100 מ"ל</UnitOfMeasure>
      <bIsWeighted>0</bIsWeighted>
      <QtyInPackage>1</QtyInPackage>
      <ItemPrice>44.90</ItemPrice>
      <UnitOfMeasurePrice>5.9867</UnitOfMeasurePrice>
      <AllowDiscount>1</AllowDiscount>
      <ItemStatus>1</ItemStatus>
      <ItemId>89633</ItemId>
    </Item>
    <Item>
      <PriceUpdateDate>2024-01-29 14:32:08</PriceUpdateDate>
      <ItemCode>3760040432281</ItemCode>
      <ItemType>1</ItemType>
      <ItemName>יין דומיין אסטרוק שר</ItemName>
      <ManufacturerName>,</ManufacturerName>
      <ManufactureCountry>לא ידוע</ManufactureCountry>
      <ManufacturerItemDescription>יין דומיין אסטרוק שרדונה 750 מל</ManufacturerItemDescription>
      <UnitQty>מיליליטרים</UnitQty>
      <Quantity>750.00</Quantity>
      <UnitOfMeasure>100 מ"ל</UnitOfMeasure>
      <bIsWeighted>0</bIsWeighted>
      <QtyInPackage>1</QtyInPackage>
      <ItemPrice>44.90</ItemPrice>
      <UnitOfMeasurePrice>5.9867</UnitOfMeasurePrice>
      <AllowDiscount>1</AllowDiscount>
      <ItemStatus>1</ItemStatus>
      <ItemId>89635</ItemId>
    </Item>
    <Item>
      <PriceUpdateDate>2025-04-02 13:22:11</PriceUpdateDate>
      <ItemCode>4631171150124</ItemCode>
      <ItemType>1</ItemType>
      <ItemName>ממתק צורצחלה אגוז מל</ItemName>
      <ManufacturerName>,</ManufacturerName>
      <ManufactureCountry>לא ידוע</ManufactureCountry>
      <ManufacturerItemDescription>ממתק צורצחלה אגוז מלך ומיץ רימונים 75 גר</ManufacturerItemDescription>
      <UnitQty>גרמים</UnitQty>
      <Quantity>75.00</Quantity>
      <UnitOfMeasure>100 גרם</UnitOfMeasure>
      <bIsWeighted>0</bIsWeighted>
      <QtyInPackage>1</QtyInPackage>
      <ItemPrice>14.90</ItemPrice>
      <UnitOfMeasurePrice>19.8667</UnitOfMeasurePrice>
      <AllowDiscount>1</AllowDiscount>
      <ItemStatus>1</ItemStatus>
      <ItemId>89653</ItemId>
    </Item>
    <Item>
      <PriceUpdateDate>2025-04-02 13:22:11</PriceUpdateDate>
      <ItemCode>4631171158946</ItemCode>
      <ItemType>1</ItemType>
      <ItemName>ממתק צורצחלה אגוזי מ</ItemName>
      <ManufacturerName>,</ManufacturerName>
      <ManufactureCountry>לא ידוע</ManufactureCountry>
      <ManufacturerItemDescription>ממתק צורצחלה אגוזי מלך ומיץ ענבים אדומים</ManufacturerItemDescription>
      <UnitQty>גרמים</UnitQty>
      <Quantity>75.00</Quantity>
      <UnitOfMeasure>100 גרם</UnitOfMeasure>
      <bIsWeighted>0</bIsWeighted>
      <QtyInPackage>1</QtyInPackage>
      <ItemPrice>14.90</ItemPrice>
      <UnitOfMeasurePrice>19.8667</UnitOfMeasurePrice>
      <AllowDiscount>1</AllowDiscount>
      <ItemStatus>1</ItemStatus>
      <ItemId>89655</ItemId>
    </Item>
    <Item>
      <PriceUpdateDate>2025-04-02 13:22:11</PriceUpdateDate>
      <ItemCode>4631171158984</ItemCode>
      <ItemType>1</ItemType>
      <ItemName>ממתק צורצחלה אגוזי מ</ItemName>
      <ManufacturerName>,</ManufacturerName>
      <ManufactureCountry>לא ידוע</ManufactureCountry>
      <ManufacturerItemDescription>ממתק צורצחלה אגוזי מלך ומיץ ענבים 80 גר</ManufacturerItemDescription>
      <UnitQty>גרמים</UnitQty>
      <Quantity>80.00</Quantity>
      <UnitOfMeasure>100 גרם</UnitOfMeasure>
      <bIsWeighted>0</bIsWeighted>
      <QtyInPackage>1</QtyInPackage>
      <ItemPrice>14.90</ItemPrice>
      <UnitOfMeasurePrice>18.6250</UnitOfMeasurePrice>
      <AllowDiscount>1</AllowDiscount>
      <ItemStatus>1</ItemStatus>
      <ItemId>89658</ItemId>
    </Item>
    <Item>
      <PriceUpdateDate>2025-04-02 13:22:23</PriceUpdateDate>
      <ItemCode>4610174794238</ItemCode>
      <ItemType>1</ItemType>
      <ItemName>ממתק חלווה חמניות 50</ItemName>
      <ManufacturerName>,</ManufacturerName>
      <ManufactureCountry>לא ידוע</ManufactureCountry>
      <ManufacturerItemDescription>ממתק חלווה חמניות 500 גר</ManufacturerItemDescription>
      <UnitQty>גרמים</UnitQty>
      <Quantity>500.00</Quantity>
      <UnitOfMeasure>100 גרם</UnitOfMeasure>
      <bIsWeighted>0</bIsWeighted>
      <QtyInPackage>1</QtyInPackage>
      <ItemPrice>10.90</ItemPrice>
      <UnitOfMeasurePrice>2.1800</UnitOfMeasurePrice>
      <AllowDiscount>1</AllowDiscount>
      <ItemStatus>1</ItemStatus>
      <ItemId>89678</ItemId>
    </Item>
    <Item>
      <PriceUpdateDate>2025-04-02 13:22:23</PriceUpdateDate>
      <ItemCode>4610174794245</ItemCode>
      <ItemType>1</ItemType>
      <ItemName>ממתק חלווה חמניות עם</ItemName>
      <ManufacturerName>,</ManufacturerName>
      <ManufactureCountry>לא ידוע</ManufactureCountry>
      <ManufacturerItemDescription>ממתק חלווה חמניות עם בוטנים 500 גר</ManufacturerItemDescription>
      <UnitQty>גרמים</UnitQty>
      <Quantity>500.00</Quantity>
      <UnitOfMeasure>100 גרם</UnitOfMeasure>
      <bIsWeighted>0</bIsWeighted>
      <QtyInPackage>1</QtyInPackage>
      <ItemPrice>10.90</ItemPrice>
      <UnitOfMeasurePrice>2.1800</UnitOfMeasurePrice>
      <AllowDiscount>1</AllowDiscount>
      <ItemStatus>1</ItemStatus>
      <ItemId>89679</ItemId>
    </Item>
    <Item>
      <PriceUpdateDate>2025-04-02 13:22:23</PriceUpdateDate>
      <ItemCode>4610174794269</ItemCode>
      <ItemType>1</ItemType>
      <ItemName>ממתק חלווה חמניות עם</ItemName>
      <ManufacturerName>,</ManufacturerName>
      <ManufactureCountry>לא ידוע</ManufactureCountry>
      <ManufacturerItemDescription>ממתק חלווה חמניות עם צימוקים 500 גר</ManufacturerItemDescription>
      <UnitQty>גרמים</UnitQty>
      <Quantity>500.00</Quantity>
      <UnitOfMeasure>100 גרם</UnitOfMeasure>
      <bIsWeighted>0</bIsWeighted>
      <QtyInPackage>1</QtyInPackage>
      <ItemPrice>10.90</ItemPrice>
      <UnitOfMeasurePrice>2.1800</UnitOfMeasurePrice>
      <AllowDiscount>1</AllowDiscount>
      <ItemStatus>1</ItemStatus>
      <ItemId>89680</ItemId>
    </Item>
    <Item>
      <PriceUpdateDate>2024-02-12 08:30:42</PriceUpdateDate>
      <ItemCode>8034115194066</ItemCode>
      <ItemType>1</ItemType>
      <ItemName>יין נרו אורו דאבולה</ItemName>
      <ManufacturerName>,</ManufacturerName>
      <ManufactureCountry>לא ידוע</ManufactureCountry>
      <ManufacturerItemDescription>יין נרו אורו דאבולה אפסימנטו סיציליה 750</ManufacturerItemDescription>
      <UnitQty>מיליליטרים</UnitQty>
      <Quantity>750.00</Quantity>
      <UnitOfMeasure>100 מ"ל</UnitOfMeasure>
      <bIsWeighted>0</bIsWeighted>
      <QtyInPackage>1</QtyInPackage>
      <ItemPrice>59.90</ItemPrice>
      <UnitOfMeasurePrice>7.9867</UnitOfMeasurePrice>
      <AllowDiscount>1</AllowDiscount>
      <ItemStatus>1</ItemStatus>
      <ItemId>89712</ItemId>
    </Item>
    <Item>
      <PriceUpdateDate>2024-07-25 08:46:36</PriceUpdateDate>
      <ItemCode>8002053035925</ItemCode>
      <ItemType>1</ItemType>
      <ItemName>יין קנטינה דה נגרר א</ItemName>
      <ManufacturerName>,</ManufacturerName>
      <ManufactureCountry>לא ידוע</ManufactureCountry>
      <ManufacturerItemDescription>יין קנטינה דה נגרר אפסימנטו 750 מל</ManufacturerItemDescription>
      <UnitQty>מיליליטרים</UnitQty>
      <Quantity>750.00</Quantity>
      <UnitOfMeasure>100 מ"ל</UnitOfMeasure>
      <bIsWeighted>0</bIsWeighted>
      <QtyInPackage>1</QtyInPackage>
      <ItemPrice>59.90</ItemPrice>
      <UnitOfMeasurePrice>7.9867</UnitOfMeasurePrice>
      <AllowDiscount>1</AllowDiscount>
      <ItemStatus>1</ItemStatus>
      <ItemId>89715</ItemId>
    </Item>
    <Item>
      <PriceUpdateDate>2024-01-10 09:48:42</PriceUpdateDate>
      <ItemCode>7290015009676</ItemCode>
      <ItemType>1</ItemType>
      <ItemName>לבבות דקל 400 גר</ItemName>
      <ManufacturerName>,</ManufacturerName>
      <ManufactureCountry>לא ידוע</ManufactureCountry>
      <ManufacturerItemDescription>לבבות דקל 400 גר</ManufacturerItemDescription>
      <UnitQty>גרמים</UnitQty>
      <Quantity>400.00</Quantity>
      <UnitOfMeasure>100 גרם</UnitOfMeasure>
      <bIsWeighted>0</bIsWeighted>
      <QtyInPackage>1</QtyInPackage>
      <ItemPrice>19.90</ItemPrice>
      <UnitOfMeasurePrice>4.9750</UnitOfMeasurePrice>
      <AllowDiscount>1</AllowDiscount>
      <ItemStatus>1</ItemStatus>
      <ItemId>89222</ItemId>
    </Item>
    <Item>
      <PriceUpdateDate>2024-01-10 09:48:56</PriceUpdateDate>
      <ItemCode>7290013186614</ItemCode>
      <ItemType>1</ItemType>
      <ItemName>שרימפס מבושל עם ראש</ItemName>
      <ManufacturerName>,</ManufacturerName>
      <ManufactureCountry>לא ידוע</ManufactureCountry>
      <ManufacturerItemDescription>שרימפס מבושל עם ראש 500 גר</ManufacturerItemDescription>
      <UnitQty>גרמים</UnitQty>
      <Quantity>500.00</Quantity>
      <UnitOfMeasure>100 גרם</UnitOfMeasure>
      <bIsWeighted>0</bIsWeighted>
      <QtyInPackage>1</QtyInPackage>
      <ItemPrice>32.90</ItemPrice>
      <UnitOfMeasurePrice>6.5800</UnitOfMeasurePrice>
      <AllowDiscount>1</AllowDiscount>
      <ItemStatus>1</ItemStatus>
      <ItemId>89227</ItemId>
    </Item>
    <Item>
      <PriceUpdateDate>2024-02-01 13:53:41</PriceUpdateDate>
      <ItemCode>7290000001142</ItemCode>
      <ItemType>1</ItemType>
      <ItemName>נקניק קריסטיאנסקיה ב</ItemName>
      <ManufacturerName>מעדני מניה תעשיות בש</ManufacturerName>
      <ManufactureCountry>לא ידוע</ManufactureCountry>
      <ManufacturerItemDescription>נקניק קריסטיאנסקיה בקר</ManufacturerItemDescription>
      <UnitQty>קילוגרמים</UnitQty>
      <Quantity>1.00</Quantity>
      <UnitOfMeasure>ק"ג</UnitOfMeasure>
      <bIsWeighted>1</bIsWeighted>
      <QtyInPackage>לא ידוע</QtyInPackage>
      <ItemPrice>89.00</ItemPrice>
      <UnitOfMeasurePrice>89.0000</UnitOfMeasurePrice>
      <AllowDiscount>1</AllowDiscount>
      <ItemStatus>1</ItemStatus>
      <ItemId>89735</ItemId>
    </Item>
    <Item>
      <PriceUpdateDate>2024-02-02 12:24:16</PriceUpdateDate>
      <ItemCode>7290018677643</ItemCode>
      <ItemType>1</ItemType>
      <ItemName>אטריות ראמן רייסברי</ItemName>
      <ManufacturerName>,</ManufacturerName>
      <ManufactureCountry>לא ידוע</ManufactureCountry>
      <ManufacturerItemDescription>אטריות ראמן רייסברי 280 גר</ManufacturerItemDescription>
      <UnitQty>גרמים</UnitQty>
      <Quantity>280.00</Quantity>
      <UnitOfMeasure>100 גרם</UnitOfMeasure>
      <bIsWeighted>0</bIsWeighted>
      <QtyInPackage>1</QtyInPackage>
      <ItemPrice>20.90</ItemPrice>
      <UnitOfMeasurePrice>7.4643</UnitOfMeasurePrice>
      <AllowDiscount>1</AllowDiscount>
      <ItemStatus>1</ItemStatus>
      <ItemId>89750</ItemId>
    </Item>
    <Item>
      <PriceUpdateDate>2024-02-02 12:24:16</PriceUpdateDate>
      <ItemCode>7290018677636</ItemCode>
      <ItemType>1</ItemType>
      <ItemName>אטריות ראמן אורז מלא</ItemName>
      <ManufacturerName>,</ManufacturerName>
      <ManufactureCountry>לא ידוע</ManufactureCountry>
      <ManufacturerItemDescription>אטריות ראמן אורז מלא 280 גר</ManufacturerItemDescription>
      <UnitQty>גרמים</UnitQty>
      <Quantity>280.00</Quantity>
      <UnitOfMeasure>100 גרם</UnitOfMeasure>
      <bIsWeighted>0</bIsWeighted>
      <QtyInPackage>1</QtyInPackage>
      <ItemPrice>20.90</ItemPrice>
      <UnitOfMeasurePrice>7.4643</UnitOfMeasurePrice>
      <AllowDiscount>1</AllowDiscount>
      <ItemStatus>1</ItemStatus>
      <ItemId>89751</ItemId>
    </Item>
    <Item>
      <PriceUpdateDate>2024-01-12 08:59:17</PriceUpdateDate>
      <ItemCode>4607141339851</ItemCode>
      <ItemType>1</ItemType>
      <ItemName>תה שחור ברגמוט ורדים</ItemName>
      <ManufacturerName>,</ManufacturerName>
      <ManufactureCountry>לא ידוע</ManufactureCountry>
      <ManufacturerItemDescription>תה שחור ברגמוט ורדים לנקסטר 75 גר</ManufacturerItemDescription>
      <UnitQty>גרמים</UnitQty>
      <Quantity>75.00</Quantity>
      <UnitOfMeasure>100 גרם</UnitOfMeasure>
      <bIsWeighted>0</bIsWeighted>
      <QtyInPackage>1</QtyInPackage>
      <ItemPrice>24.90</ItemPrice>
      <UnitOfMeasurePrice>33.2000</UnitOfMeasurePrice>
      <AllowDiscount>1</AllowDiscount>
      <ItemStatus>1</ItemStatus>
      <ItemId>89317</ItemId>
    </Item>
    <Item>
      <PriceUpdateDate>2024-07-10 14:35:09</PriceUpdateDate>
      <ItemCode>4778003303669</ItemCode>
      <ItemType>1</ItemType>
      <ItemName>פילה סלמון מעושן פרו</ItemName>
      <ManufacturerName>,</ManufacturerName>
      <ManufactureCountry>לא ידוע</ManufactureCountry>
      <ManufacturerItemDescription>פילה סלמון מעושן פרוס קפוא 100 גר</ManufacturerItemDescription>
      <UnitQty>גרמים</UnitQty>
      <Quantity>100.00</Quantity>
      <UnitOfMeasure>100 גרם</UnitOfMeasure>
      <bIsWeighted>0</bIsWeighted>
      <QtyInPackage>1</QtyInPackage>
      <ItemPrice>24.90</ItemPrice>
      <UnitOfMeasurePrice>24.9000</UnitOfMeasurePrice>
      <AllowDiscount>1</AllowDiscount>
      <ItemStatus>1</ItemStatus>
      <ItemId>92284</ItemId>
    </Item>
    <Item>
      <PriceUpdateDate>2024-12-17 10:56:51</PriceUpdateDate>
      <ItemCode>7290018749463</ItemCode>
      <ItemType>1</ItemType>
      <ItemName>בלינצס מאמוצקה במילו</ItemName>
      <ManufacturerName>,</ManufacturerName>
      <ManufactureCountry>לא ידוע</ManufactureCountry>
      <ManufacturerItemDescription>בלינצס מאמוצקה במילוי בשר עוף 600 גר</ManufacturerItemDescription>
      <UnitQty>גרמים</UnitQty>
      <Quantity>600.00</Quantity>
      <UnitOfMeasure>100 גרם</UnitOfMeasure>
      <bIsWeighted>0</bIsWeighted>
      <QtyInPackage>1</QtyInPackage>
      <ItemPrice>34.90</ItemPrice>
      <UnitOfMeasurePrice>5.8167</UnitOfMeasurePrice>
      <AllowDiscount>1</AllowDiscount>
      <ItemStatus>1</ItemStatus>
      <ItemId>90349</ItemId>
    </Item>
    <Item>
      <PriceUpdateDate>2024-12-17 10:56:51</PriceUpdateDate>
      <ItemCode>7290018749470</ItemCode>
      <ItemType>1</ItemType>
      <ItemName>בלינצס מאמוצקה במילו</ItemName>
      <ManufacturerName>,</ManufacturerName>
      <ManufactureCountry>לא ידוע</ManufactureCountry>
      <ManufacturerItemDescription>בלינצס מאמוצקה  במילוי תפוע קינמון אגוז</ManufacturerItemDescription>
      <UnitQty>גרמים</UnitQty>
      <Quantity>600.00</Quantity>
      <UnitOfMeasure>100 גרם</UnitOfMeasure>
      <bIsWeighted>0</bIsWeighted>
      <QtyInPackage>1</QtyInPackage>
      <ItemPrice>34.90</ItemPrice>
      <UnitOfMeasurePrice>5.8167</UnitOfMeasurePrice>
      <AllowDiscount>1</AllowDiscount>
      <ItemStatus>1</ItemStatus>
      <ItemId>90350</ItemId>
    </Item>
    <Item>
      <PriceUpdateDate>2024-02-06 08:31:46</PriceUpdateDate>
      <ItemCode>8594001696383</ItemCode>
      <ItemType>1</ItemType>
      <ItemName>ממרח דג מקרל המה 100</ItemName>
      <ManufacturerName>,</ManufacturerName>
      <ManufactureCountry>לא ידוע</ManufactureCountry>
      <ManufacturerItemDescription>ממרח דג מקרל המה 100 גר</ManufacturerItemDescription>
      <UnitQty>גרמים</UnitQty>
      <Quantity>100.00</Quantity>
      <UnitOfMeasure>100 גרם</UnitOfMeasure>
      <bIsWeighted>0</bIsWeighted>
      <QtyInPackage>1</QtyInPackage>
      <ItemPrice>6.90</ItemPrice>
      <UnitOfMeasurePrice>6.9000</UnitOfMeasurePrice>
      <AllowDiscount>1</AllowDiscount>
      <ItemStatus>1</ItemStatus>
      <ItemId>89857</ItemId>
    </Item>
    <Item>
      <PriceUpdateDate>2024-02-06 08:31:46</PriceUpdateDate>
      <ItemCode>8594001696390</ItemCode>
      <ItemType>1</ItemType>
      <ItemName>ממרח דג שיבוט המה 10</ItemName>
      <ManufacturerName>,</ManufacturerName>
      <ManufactureCountry>לא ידוע</ManufactureCountry>
      <ManufacturerItemDescription>ממרח דג שיבוט המה 100 גר</ManufacturerItemDescription>
      <UnitQty>גרמים</UnitQty>
      <Quantity>100.00</Quantity>
      <UnitOfMeasure>100 גרם</UnitOfMeasure>
      <bIsWeighted>0</bIsWeighted>
      <QtyInPackage>1</QtyInPackage>
      <ItemPrice>6.90</ItemPrice>
      <UnitOfMeasurePrice>6.9000</UnitOfMeasurePrice>
      <AllowDiscount>1</AllowDiscount>
      <ItemStatus>1</ItemStatus>
      <ItemId>89858</ItemId>
    </Item>
    <Item>
      <PriceUpdateDate>2024-02-06 08:31:46</PriceUpdateDate>
      <ItemCode>8594001696413</ItemCode>
      <ItemType>1</ItemType>
      <ItemName>ממרח דג טונה המה 100</ItemName>
      <ManufacturerName>,</ManufacturerName>
      <ManufactureCountry>לא ידוע</ManufactureCountry>
      <ManufacturerItemDescription>ממרח דג טונה המה 100 גר</ManufacturerItemDescription>
      <UnitQty>גרמים</UnitQty>
      <Quantity>100.00</Quantity>
      <UnitOfMeasure>100 גרם</UnitOfMeasure>
      <bIsWeighted>0</bIsWeighted>
      <QtyInPackage>1</QtyInPackage>
      <ItemPrice>6.90</ItemPrice>
      <UnitOfMeasurePrice>6.9000</UnitOfMeasurePrice>
      <AllowDiscount>1</AllowDiscount>
      <ItemStatus>1</ItemStatus>
      <ItemId>89859</ItemId>
    </Item>
    <Item>
      <PriceUpdateDate>2024-02-06 08:31:46</PriceUpdateDate>
      <ItemCode>8594001696369</ItemCode>
      <ItemType>1</ItemType>
      <ItemName>ממרח דג סלמון המה 10</ItemName>
      <ManufacturerName>,</ManufacturerName>
      <ManufactureCountry>לא ידוע</ManufactureCountry>
      <ManufacturerItemDescription>ממרח דג סלמון המה 100 גר</ManufacturerItemDescription>
      <UnitQty>גרמים</UnitQty>
      <Quantity>100.00</Quantity>
      <UnitOfMeasure>100 גרם</UnitOfMeasure>
      <bIsWeighted>0</bIsWeighted>
      <QtyInPackage>1</QtyInPackage>
      <ItemPrice>6.90</ItemPrice>
      <UnitOfMeasurePrice>6.9000</UnitOfMeasurePrice>
      <AllowDiscount>1</AllowDiscount>
      <ItemStatus>1</ItemStatus>
      <ItemId>89860</ItemId>
    </Item>
    <Item>
      <PriceUpdateDate>2024-02-06 08:31:46</PriceUpdateDate>
      <ItemCode>4630014500454</ItemCode>
      <ItemType>1</ItemType>
      <ItemName>פסטילה תפוחים ללא תו</ItemName>
      <ManufacturerName>,</ManufacturerName>
      <ManufactureCountry>לא ידוע</ManufactureCountry>
      <ManufacturerItemDescription>פסטילה תפוחים ללא תוספת סוכר 180 גר</ManufacturerItemDescription>
      <UnitQty>גרמים</UnitQty>
      <Quantity>180.00</Quantity>
      <UnitOfMeasure>100 גרם</UnitOfMeasure>
      <bIsWeighted>0</bIsWeighted>
      <QtyInPackage>1</QtyInPackage>
      <ItemPrice>17.90</ItemPrice>
      <UnitOfMeasurePrice>9.9444</UnitOfMeasurePrice>
      <AllowDiscount>1</AllowDiscount>
      <ItemStatus>1</ItemStatus>
      <ItemId>89863</ItemId>
    </Item>
    <Item>
      <PriceUpdateDate>2024-02-06 08:31:46</PriceUpdateDate>
      <ItemCode>4630014500485</ItemCode>
      <ItemType>1</ItemType>
      <ItemName>פסטילה תפוח ודובדבן</ItemName>
      <ManufacturerName>,</ManufacturerName>
      <ManufactureCountry>לא ידוע</ManufactureCountry>
      <ManufacturerItemDescription>פסטילה תפוח ודובדבן ללא תוספת סוכר 180 ג</ManufacturerItemDescription>
      <UnitQty>גרמים</UnitQty>
      <Quantity>180.00</Quantity>
      <UnitOfMeasure>100 גרם</UnitOfMeasure>
      <bIsWeighted>0</bIsWeighted>
      <QtyInPackage>1</QtyInPackage>
      <ItemPrice>17.90</ItemPrice>
      <UnitOfMeasurePrice>9.9444</UnitOfMeasurePrice>
      <AllowDiscount>1</AllowDiscount>
      <ItemStatus>1</ItemStatus>
      <ItemId>89865</ItemId>
    </Item>
    <Item>
      <PriceUpdateDate>2024-07-11 08:39:52</PriceUpdateDate>
      <ItemCode>4607806761591</ItemCode>
      <ItemType>1</ItemType>
      <ItemName>קרוטונים שיפון בטעם</ItemName>
      <ManufacturerName>,</ManufacturerName>
      <ManufactureCountry>לא ידוע</ManufactureCountry>
      <ManufacturerItemDescription>קרוטונים שיפון בטעם נקניקיות בגריל 60 גר</ManufacturerItemDescription>
      <UnitQty>גרמים</UnitQty>
      <Quantity>60.00</Quantity>
      <UnitOfMeasure>100 גרם</UnitOfMeasure>
      <bIsWeighted>0</bIsWeighted>
      <QtyInPackage>1</QtyInPackage>
      <ItemPrice>6.90</ItemPrice>
      <UnitOfMeasurePrice>11.5000</UnitOfMeasurePrice>
      <AllowDiscount>1</AllowDiscount>
      <ItemStatus>1</ItemStatus>
      <ItemId>92299</ItemId>
    </Item>
    <Item>
      <PriceUpdateDate>2024-07-11 08:39:52</PriceUpdateDate>
      <ItemCode>4620011194220</ItemCode>
      <ItemType>1</ItemType>
      <ItemName>קרוטונים שיפון בטעם</ItemName>
      <ManufacturerName>,</ManufacturerName>
      <ManufactureCountry>לא ידוע</ManufactureCountry>
      <ManufacturerItemDescription>קרוטונים שיפון בטעם צלעות בגריל 60 גר</ManufacturerItemDescription>
      <UnitQty>גרמים</UnitQty>
      <Quantity>60.00</Quantity>
      <UnitOfMeasure>100 גרם</UnitOfMeasure>
      <bIsWeighted>0</bIsWeighted>
      <QtyInPackage>1</QtyInPackage>
      <ItemPrice>6.90</ItemPrice>
      <UnitOfMeasurePrice>11.5000</UnitOfMeasurePrice>
      <AllowDiscount>1</AllowDiscount>
      <ItemStatus>1</ItemStatus>
      <ItemId>92300</ItemId>
    </Item>
    <Item>
      <PriceUpdateDate>2024-07-11 08:39:52</PriceUpdateDate>
      <ItemCode>4620011190697</ItemCode>
      <ItemType>1</ItemType>
      <ItemName>קרוטונים שיפון בטעם</ItemName>
      <ManufacturerName>,</ManufacturerName>
      <ManufactureCountry>לא ידוע</ManufactureCountry>
      <ManufacturerItemDescription>קרוטונים שיפון בטעם רוטב אגיקה 60 גר</ManufacturerItemDescription>
      <UnitQty>גרמים</UnitQty>
      <Quantity>60.00</Quantity>
      <UnitOfMeasure>100 גרם</UnitOfMeasure>
      <bIsWeighted>0</bIsWeighted>
      <QtyInPackage>1</QtyInPackage>
      <ItemPrice>6.90</ItemPrice>
      <UnitOfMeasurePrice>11.5000</UnitOfMeasurePrice>
      <AllowDiscount>1</AllowDiscount>
      <ItemStatus>1</ItemStatus>
      <ItemId>92301</ItemId>
    </Item>
    <Item>
      <PriceUpdateDate>2024-07-11 08:39:52</PriceUpdateDate>
      <ItemCode>4620011190598</ItemCode>
      <ItemType>1</ItemType>
      <ItemName>קרוטונים שיפון בטעם</ItemName>
      <ManufacturerName>,</ManufacturerName>
      <ManufactureCountry>לא ידוע</ManufactureCountry>
      <ManufacturerItemDescription>קרוטונים שיפון בטעם שום 60 גר</ManufacturerItemDescription>
      <UnitQty>גרמים</UnitQty>
      <Quantity>60.00</Quantity>
      <UnitOfMeasure>100 גרם</UnitOfMeasure>
      <bIsWeighted>0</bIsWeighted>
      <QtyInPackage>1</QtyInPackage>
      <ItemPrice>6.90</ItemPrice>
      <UnitOfMeasurePrice>11.5000</UnitOfMeasurePrice>
      <AllowDiscount>1</AllowDiscount>
      <ItemStatus>1</ItemStatus>
      <ItemId>92302</ItemId>
    </Item>
    <Item>
      <PriceUpdateDate>2024-02-06 17:55:31</PriceUpdateDate>
      <ItemCode>5200100945217</ItemCode>
      <ItemType>1</ItemType>
      <ItemName>זירו עוגיות וניל תפו</ItemName>
      <ManufacturerName>,</ManufacturerName>
      <ManufactureCountry>לא ידוע</ManufactureCountry>
      <ManufacturerItemDescription>זירו עוגיות וניל תפוז פיצפוצי שוקולד 170</ManufacturerItemDescription>
      <UnitQty>גרמים</UnitQty>
      <Quantity>170.00</Quantity>
      <UnitOfMeasure>100 גרם</UnitOfMeasure>
      <bIsWeighted>0</bIsWeighted>
      <QtyInPackage>1</QtyInPackage>
      <ItemPrice>14.90</ItemPrice>
      <UnitOfMeasurePrice>8.7647</UnitOfMeasurePrice>
      <AllowDiscount>1</AllowDiscount>
      <ItemStatus>1</ItemStatus>
      <ItemId>89892</ItemId>
    </Item>
    <Item>
      <PriceUpdateDate>2024-03-14 10:39:11</PriceUpdateDate>
      <ItemCode>4860106233247</ItemCode>
      <ItemType>1</ItemType>
      <ItemName>תבלין אוצחו סונלי 50</ItemName>
      <ManufacturerName>,</ManufacturerName>
      <ManufactureCountry>לא ידוע</ManufactureCountry>
      <ManufacturerItemDescription>תבלין אוצחו סונלי 50 גר</ManufacturerItemDescription>
      <UnitQty>גרמים</UnitQty>
      <Quantity>50.00</Quantity>
      <UnitOfMeasure>100 גרם</UnitOfMeasure>
      <bIsWeighted>0</bIsWeighted>
      <QtyInPackage>1</QtyInPackage>
      <ItemPrice>8.90</ItemPrice>
      <UnitOfMeasurePrice>17.8000</UnitOfMeasurePrice>
      <AllowDiscount>1</AllowDiscount>
      <ItemStatus>1</ItemStatus>
      <ItemId>90412</ItemId>
    </Item>
    <Item>
      <PriceUpdateDate>2024-03-14 10:39:11</PriceUpdateDate>
      <ItemCode>4860106233285</ItemCode>
      <ItemType>1</ItemType>
      <ItemName>תבלין גאורגי אדגיקה</ItemName>
      <ManufacturerName>,</ManufacturerName>
      <ManufactureCountry>לא ידוע</ManufactureCountry>
      <ManufacturerItemDescription>תבלין גאורגי אדגיקה יבשה 100 גר</ManufacturerItemDescription>
      <UnitQty>גרמים</UnitQty>
      <Quantity>100.00</Quantity>
      <UnitOfMeasure>100 גרם</UnitOfMeasure>
      <bIsWeighted>0</bIsWeighted>
      <QtyInPackage>1</QtyInPackage>
      <ItemPrice>8.90</ItemPrice>
      <UnitOfMeasurePrice>8.9000</UnitOfMeasurePrice>
      <AllowDiscount>1</AllowDiscount>
      <ItemStatus>1</ItemStatus>
      <ItemId>90417</ItemId>
    </Item>
    <Item>
      <PriceUpdateDate>2024-03-14 10:39:11</PriceUpdateDate>
      <ItemCode>4860106233308</ItemCode>
      <ItemType>1</ItemType>
      <ItemName>תבלין על האש 50 גר</ItemName>
      <ManufacturerName>,</ManufacturerName>
      <ManufactureCountry>לא ידוע</ManufactureCountry>
      <ManufacturerItemDescription>תבלין על האש 50 גר</ManufacturerItemDescription>
      <UnitQty>גרמים</UnitQty>
      <Quantity>50.00</Quantity>
      <UnitOfMeasure>100 גרם</UnitOfMeasure>
      <bIsWeighted>0</bIsWeighted>
      <QtyInPackage>1</QtyInPackage>
      <ItemPrice>8.90</ItemPrice>
      <UnitOfMeasurePrice>17.8000</UnitOfMeasurePrice>
      <AllowDiscount>1</AllowDiscount>
      <ItemStatus>1</ItemStatus>
      <ItemId>90418</ItemId>
    </Item>
    <Item>
      <PriceUpdateDate>2024-03-14 10:39:11</PriceUpdateDate>
      <ItemCode>4860106233315</ItemCode>
      <ItemType>1</ItemType>
      <ItemName>תבלין לדגים 50 גר</ItemName>
      <ManufacturerName>,</ManufacturerName>
      <ManufactureCountry>לא ידוע</ManufactureCountry>
      <ManufacturerItemDescription>תבלין לדגים 50 גר</ManufacturerItemDescription>
      <UnitQty>גרמים</UnitQty>
      <Quantity>50.00</Quantity>
      <UnitOfMeasure>100 גרם</UnitOfMeasure>
      <bIsWeighted>0</bIsWeighted>
      <QtyInPackage>1</QtyInPackage>
      <ItemPrice>8.90</ItemPrice>
      <UnitOfMeasurePrice>17.8000</UnitOfMeasurePrice>
      <AllowDiscount>1</AllowDiscount>
      <ItemStatus>1</ItemStatus>
      <ItemId>90419</ItemId>
    </Item>
    <Item>
      <PriceUpdateDate>2024-03-14 10:39:11</PriceUpdateDate>
      <ItemCode>4860106233216</ItemCode>
      <ItemType>1</ItemType>
      <ItemName>תבלין לפלוב 50 גר</ItemName>
      <ManufacturerName>,</ManufacturerName>
      <ManufactureCountry>לא ידוע</ManufactureCountry>
      <ManufacturerItemDescription>תבלין לפלוב 50 גר</ManufacturerItemDescription>
      <UnitQty>גרמים</UnitQty>
      <Quantity>50.00</Quantity>
      <UnitOfMeasure>100 גרם</UnitOfMeasure>
      <bIsWeighted>0</bIsWeighted>
      <QtyInPackage>1</QtyInPackage>
      <ItemPrice>8.90</ItemPrice>
      <UnitOfMeasurePrice>17.8000</UnitOfMeasurePrice>
      <AllowDiscount>1</AllowDiscount>
      <ItemStatus>1</ItemStatus>
      <ItemId>90420</ItemId>
    </Item>
    <Item>
      <PriceUpdateDate>2024-03-14 10:39:11</PriceUpdateDate>
      <ItemCode>4860106233223</ItemCode>
      <ItemType>1</ItemType>
      <ItemName>תבלין פרובאנס 40 גר</ItemName>
      <ManufacturerName>,</ManufacturerName>
      <ManufactureCountry>לא ידוע</ManufactureCountry>
      <ManufacturerItemDescription>תבלין פרובאנס 40 גר</ManufacturerItemDescription>
      <UnitQty>גרמים</UnitQty>
      <Quantity>40.00</Quantity>
      <UnitOfMeasure>100 גרם</UnitOfMeasure>
      <bIsWeighted>0</bIsWeighted>
      <QtyInPackage>1</QtyInPackage>
      <ItemPrice>8.90</ItemPrice>
      <UnitOfMeasurePrice>22.2500</UnitOfMeasurePrice>
      <AllowDiscount>1</AllowDiscount>
      <ItemStatus>1</ItemStatus>
      <ItemId>90421</ItemId>
    </Item>
    <Item>
      <PriceUpdateDate>2024-03-14 10:39:11</PriceUpdateDate>
      <ItemCode>4860106233261</ItemCode>
      <ItemType>1</ItemType>
      <ItemName>עלי דפנה פרימיום בפל</ItemName>
      <ManufacturerName>,</ManufacturerName>
      <ManufactureCountry>לא ידוע</ManufactureCountry>
      <ManufacturerItemDescription>עלי דפנה פרימיום בפלסטיק 60 גר</ManufacturerItemDescription>
      <UnitQty>גרמים</UnitQty>
      <Quantity>60.00</Quantity>
      <UnitOfMeasure>100 גרם</UnitOfMeasure>
      <bIsWeighted>0</bIsWeighted>
      <QtyInPackage>1</QtyInPackage>
      <ItemPrice>23.90</ItemPrice>
      <UnitOfMeasurePrice>39.8333</UnitOfMeasurePrice>
      <AllowDiscount>1</AllowDiscount>
      <ItemStatus>1</ItemStatus>
      <ItemId>90422</ItemId>
    </Item>
    <Item>
      <PriceUpdateDate>2024-03-14 14:58:54</PriceUpdateDate>
      <ItemCode>4067700025814</ItemCode>
      <ItemType>1</ItemType>
      <ItemName>ליקר יגרמייסטר מניפס</ItemName>
      <ManufacturerName>,</ManufacturerName>
      <ManufactureCountry>לא ידוע</ManufactureCountry>
      <ManufacturerItemDescription>ליקר יגרמייסטר מניפסט 500 מל</ManufacturerItemDescription>
      <UnitQty>מיליליטרים</UnitQty>
      <Quantity>500.00</Quantity>
      <UnitOfMeasure>100 מ"ל</UnitOfMeasure>
      <bIsWeighted>0</bIsWeighted>
      <QtyInPackage>1</QtyInPackage>
      <ItemPrice>109.90</ItemPrice>
      <UnitOfMeasurePrice>21.9800</UnitOfMeasurePrice>
      <AllowDiscount>1</AllowDiscount>
      <ItemStatus>1</ItemStatus>
      <ItemId>90475</ItemId>
    </Item>
    <Item>
      <PriceUpdateDate>2024-03-17 09:04:13</PriceUpdateDate>
      <ItemCode>6920510505175</ItemCode>
      <ItemType>1</ItemType>
      <ItemName>סוויט בוקס צעצוע בוב</ItemName>
      <ManufacturerName>,</ManufacturerName>
      <ManufactureCountry>לא ידוע</ManufactureCountry>
      <ManufacturerItemDescription>סוויט בוקס צעצוע בובה 1 עם ממתק</ManufacturerItemDescription>
      <UnitQty>Unknown </UnitQty>
      <Quantity>0.00</Quantity>
      <UnitOfMeasure>Unknown </UnitOfMeasure>
      <bIsWeighted>0</bIsWeighted>
      <QtyInPackage>1</QtyInPackage>
      <ItemPrice>11.90</ItemPrice>
      <UnitOfMeasurePrice>0.0000</UnitOfMeasurePrice>
      <AllowDiscount>1</AllowDiscount>
      <ItemStatus>1</ItemStatus>
      <ItemId>90483</ItemId>
    </Item>
    <Item>
      <PriceUpdateDate>2025-08-03 11:17:48</PriceUpdateDate>
      <ItemCode>4607029053923</ItemCode>
      <ItemType>1</ItemType>
      <ItemName>רוטב אדגיקה עם פלפל</ItemName>
      <ManufacturerName>,</ManufacturerName>
      <ManufactureCountry>לא ידוע</ManufactureCountry>
      <ManufacturerItemDescription>רוטב אדגיקה עם פלפל קובנוצקה 200 גר</ManufacturerItemDescription>
      <UnitQty>גרמים</UnitQty>
      <Quantity>200.00</Quantity>
      <UnitOfMeasure>100 גרם</UnitOfMeasure>
      <bIsWeighted>0</bIsWeighted>
      <QtyInPackage>1</QtyInPackage>
      <ItemPrice>9.90</ItemPrice>
      <UnitOfMeasurePrice>4.9500</UnitOfMeasurePrice>
      <AllowDiscount>1</AllowDiscount>
      <ItemStatus>1</ItemStatus>
      <ItemId>90517</ItemId>
    </Item>
    <Item>
      <PriceUpdateDate>2025-08-10 09:41:16</PriceUpdateDate>
      <ItemCode>4850004383434</ItemCode>
      <ItemType>1</ItemType>
      <ItemName>מבחר ממתקים אלור 140</ItemName>
      <ManufacturerName>,</ManufacturerName>
      <ManufactureCountry>לא ידוע</ManufactureCountry>
      <ManufacturerItemDescription>מבחר ממתקים אלור 140 גר</ManufacturerItemDescription>
      <UnitQty>גרמים</UnitQty>
      <Quantity>140.00</Quantity>
      <UnitOfMeasure>100 גרם</UnitOfMeasure>
      <bIsWeighted>0</bIsWeighted>
      <QtyInPackage>1</QtyInPackage>
      <ItemPrice>29.90</ItemPrice>
      <UnitOfMeasurePrice>21.3571</UnitOfMeasurePrice>
      <AllowDiscount>1</AllowDiscount>
      <ItemStatus>1</ItemStatus>
      <ItemId>90004</ItemId>
    </Item>
    <Item>
      <PriceUpdateDate>2025-08-10 09:41:16</PriceUpdateDate>
      <ItemCode>4850004383946</ItemCode>
      <ItemType>1</ItemType>
      <ItemName>מבחר ממתקים אלור פרח</ItemName>
      <ManufacturerName>,</ManufacturerName>
      <ManufactureCountry>לא ידוע</ManufactureCountry>
      <ManufacturerItemDescription>מבחר ממתקים אלור פרחים 140 גר</ManufacturerItemDescription>
      <UnitQty>גרמים</UnitQty>
      <Quantity>140.00</Quantity>
      <UnitOfMeasure>100 גרם</UnitOfMeasure>
      <bIsWeighted>0</bIsWeighted>
      <QtyInPackage>1</QtyInPackage>
      <ItemPrice>29.90</ItemPrice>
      <UnitOfMeasurePrice>21.3571</UnitOfMeasurePrice>
      <AllowDiscount>1</AllowDiscount>
      <ItemStatus>1</ItemStatus>
      <ItemId>90005</ItemId>
    </Item>
    <Item>
      <PriceUpdateDate>2024-03-20 08:32:33</PriceUpdateDate>
      <ItemCode>8412289006499</ItemCode>
      <ItemType>1</ItemType>
      <ItemName>גבינה ויוה אספניה כמ</ItemName>
      <ManufacturerName>,</ManufacturerName>
      <ManufactureCountry>לא ידוע</ManufactureCountry>
      <ManufacturerItemDescription>גבינה ויוה אספניה כמהין 150 גר</ManufacturerItemDescription>
      <UnitQty>גרמים</UnitQty>
      <Quantity>150.00</Quantity>
      <UnitOfMeasure>100 גרם</UnitOfMeasure>
      <bIsWeighted>0</bIsWeighted>
      <QtyInPackage>1</QtyInPackage>
      <ItemPrice>28.90</ItemPrice>
      <UnitOfMeasurePrice>19.2667</UnitOfMeasurePrice>
      <AllowDiscount>1</AllowDiscount>
      <ItemStatus>1</ItemStatus>
      <ItemId>90529</ItemId>
    </Item>
    <Item>
      <PriceUpdateDate>2025-03-06 18:27:26</PriceUpdateDate>
      <ItemCode>4823097815861</ItemCode>
      <ItemType>1</ItemType>
      <ItemName>גלידת שמנת פלומביר ו</ItemName>
      <ManufacturerName>,</ManufacturerName>
      <ManufactureCountry>לא ידוע</ManufactureCountry>
      <ManufacturerItemDescription>גלידת שמנת פלומביר וניל סנדוויץ 80 גר</ManufacturerItemDescription>
      <UnitQty>גרמים</UnitQty>
      <Quantity>80.00</Quantity>
      <UnitOfMeasure>100 גרם</UnitOfMeasure>
      <bIsWeighted>0</bIsWeighted>
      <QtyInPackage>1</QtyInPackage>
      <ItemPrice>6.90</ItemPrice>
      <UnitOfMeasurePrice>8.6250</UnitOfMeasurePrice>
      <AllowDiscount>1</AllowDiscount>
      <ItemStatus>1</ItemStatus>
      <ItemId>90536</ItemId>
    </Item>
    <Item>
      <PriceUpdateDate>2024-03-21 08:27:56</PriceUpdateDate>
      <ItemCode>8002650008780</ItemCode>
      <ItemType>1</ItemType>
      <ItemName>קפסולות קפה וולוטו א</ItemName>
      <ManufacturerName>,</ManufacturerName>
      <ManufactureCountry>לא ידוע</ManufactureCountry>
      <ManufacturerItemDescription>קפסולות קפה וולוטו אספרסו 30 יח</ManufacturerItemDescription>
      <UnitQty>יחידה   </UnitQty>
      <Quantity>30.00</Quantity>
      <UnitOfMeasure>יחידה   </UnitOfMeasure>
      <bIsWeighted>0</bIsWeighted>
      <QtyInPackage>1</QtyInPackage>
      <ItemPrice>34.90</ItemPrice>
      <UnitOfMeasurePrice>1.1633</UnitOfMeasurePrice>
      <AllowDiscount>1</AllowDiscount>
      <ItemStatus>1</ItemStatus>
      <ItemId>90550</ItemId>
    </Item>
    <Item>
      <PriceUpdateDate>2024-03-21 11:13:19</PriceUpdateDate>
      <ItemCode>8002650005284</ItemCode>
      <ItemType>1</ItemType>
      <ItemName>קפסולות אספרסו מרקם</ItemName>
      <ManufacturerName>,</ManufacturerName>
      <ManufactureCountry>לא ידוע</ManufactureCountry>
      <ManufacturerItemDescription>קפסולות אספרסו מרקם עשיר דודו 10 י</ManufacturerItemDescription>
      <UnitQty>יחידה   </UnitQty>
      <Quantity>10.00</Quantity>
      <UnitOfMeasure>יחידה   </UnitOfMeasure>
      <bIsWeighted>0</bIsWeighted>
      <QtyInPackage>1</QtyInPackage>
      <ItemPrice>17.90</ItemPrice>
      <UnitOfMeasurePrice>1.7900</UnitOfMeasurePrice>
      <AllowDiscount>1</AllowDiscount>
      <ItemStatus>1</ItemStatus>
      <ItemId>90552</ItemId>
    </Item>
    <Item>
      <PriceUpdateDate>2024-03-21 11:13:19</PriceUpdateDate>
      <ItemCode>8002650005277</ItemCode>
      <ItemType>1</ItemType>
      <ItemName>קפסולות אספרסו קרמי</ItemName>
      <ManufacturerName>,</ManufacturerName>
      <ManufactureCountry>לא ידוע</ManufactureCountry>
      <ManufacturerItemDescription>קפסולות אספרסו קרמי טעם חזק דודו 10 יח</ManufacturerItemDescription>
      <UnitQty>יחידה   </UnitQty>
      <Quantity>10.00</Quantity>
      <UnitOfMeasure>יחידה   </UnitOfMeasure>
      <bIsWeighted>0</bIsWeighted>
      <QtyInPackage>1</QtyInPackage>
      <ItemPrice>17.90</ItemPrice>
      <UnitOfMeasurePrice>1.7900</UnitOfMeasurePrice>
      <AllowDiscount>1</AllowDiscount>
      <ItemStatus>1</ItemStatus>
      <ItemId>90554</ItemId>
    </Item>
    <Item>
      <PriceUpdateDate>2024-03-21 11:13:19</PriceUpdateDate>
      <ItemCode>8002650005314</ItemCode>
      <ItemType>1</ItemType>
      <ItemName>קפסולות אספרסו טעם ע</ItemName>
      <ManufacturerName>,</ManufacturerName>
      <ManufactureCountry>לא ידוע</ManufactureCountry>
      <ManufacturerItemDescription>קפסולות אספרסו טעם עדין דודו 10 יח</ManufacturerItemDescription>
      <UnitQty>יחידה   </UnitQty>
      <Quantity>10.00</Quantity>
      <UnitOfMeasure>יחידה   </UnitOfMeasure>
      <bIsWeighted>0</bIsWeighted>
      <QtyInPackage>1</QtyInPackage>
      <ItemPrice>17.90</ItemPrice>
      <UnitOfMeasurePrice>1.7900</UnitOfMeasurePrice>
      <AllowDiscount>1</AllowDiscount>
      <ItemStatus>1</ItemStatus>
      <ItemId>90556</ItemId>
    </Item>
    <Item>
      <PriceUpdateDate>2024-03-21 11:13:19</PriceUpdateDate>
      <ItemCode>8002650005307</ItemCode>
      <ItemType>1</ItemType>
      <ItemName>קפסולות אספרסו נטול</ItemName>
      <ManufacturerName>,</ManufacturerName>
      <ManufactureCountry>לא ידוע</ManufactureCountry>
      <ManufacturerItemDescription>קפסולות קפה נטול קפאין דודו אוטמזגין 10</ManufacturerItemDescription>
      <UnitQty>יחידה   </UnitQty>
      <Quantity>10.00</Quantity>
      <UnitOfMeasure>יחידה   </UnitOfMeasure>
      <bIsWeighted>0</bIsWeighted>
      <QtyInPackage>1</QtyInPackage>
      <ItemPrice>17.90</ItemPrice>
      <UnitOfMeasurePrice>1.7900</UnitOfMeasurePrice>
      <AllowDiscount>1</AllowDiscount>
      <ItemStatus>1</ItemStatus>
      <ItemId>90557</ItemId>
    </Item>
    <Item>
      <PriceUpdateDate>2024-03-21 15:38:00</PriceUpdateDate>
      <ItemCode>4620015851952</ItemCode>
      <ItemType>1</ItemType>
      <ItemName>תה ירוק מוחיטו תות ק</ItemName>
      <ManufacturerName>או א.או מאי קומפני</ManufacturerName>
      <ManufactureCountry>לא ידוע</ManufactureCountry>
      <ManufacturerItemDescription>תה ירוק מוחיטו תות קורטיס 34 גר</ManufacturerItemDescription>
      <UnitQty>גרמים</UnitQty>
      <Quantity>34.00</Quantity>
      <UnitOfMeasure>100 גרם</UnitOfMeasure>
      <bIsWeighted>0</bIsWeighted>
      <QtyInPackage>1</QtyInPackage>
      <ItemPrice>12.90</ItemPrice>
      <UnitOfMeasurePrice>37.9412</UnitOfMeasurePrice>
      <AllowDiscount>1</AllowDiscount>
      <ItemStatus>1</ItemStatus>
      <ItemId>90559</ItemId>
    </Item>
    <Item>
      <PriceUpdateDate>2024-03-21 15:38:00</PriceUpdateDate>
      <ItemCode>4620015855349</ItemCode>
      <ItemType>1</ItemType>
      <ItemName>תה שחור קורטיס וארי</ItemName>
      <ManufacturerName>או א.או מאי קומפני</ManufacturerName>
      <ManufactureCountry>לא ידוע</ManufactureCountry>
      <ManufacturerItemDescription>תה שחור קורטיס וארי בארי 34 גר</ManufacturerItemDescription>
      <UnitQty>גרמים</UnitQty>
      <Quantity>34.00</Quantity>
      <UnitOfMeasure>100 גרם</UnitOfMeasure>
      <bIsWeighted>0</bIsWeighted>
      <QtyInPackage>1</QtyInPackage>
      <ItemPrice>12.90</ItemPrice>
      <UnitOfMeasurePrice>37.9412</UnitOfMeasurePrice>
      <AllowDiscount>1</AllowDiscount>
      <ItemStatus>1</ItemStatus>
      <ItemId>90563</ItemId>
    </Item>
    <Item>
      <PriceUpdateDate>2025-05-02 08:13:41</PriceUpdateDate>
      <ItemCode>4602358009429</ItemCode>
      <ItemType>1</ItemType>
      <ItemName>גלידה מגה כוס דובדבן</ItemName>
      <ManufacturerName>,</ManufacturerName>
      <ManufactureCountry>לא ידוע</ManufactureCountry>
      <ManufacturerItemDescription>גלידה מגה כוס דובדבן 100 גר</ManufacturerItemDescription>
      <UnitQty>גרמים</UnitQty>
      <Quantity>100.00</Quantity>
      <UnitOfMeasure>100 גרם</UnitOfMeasure>
      <bIsWeighted>0</bIsWeighted>
      <QtyInPackage>1</QtyInPackage>
      <ItemPrice>8.90</ItemPrice>
      <UnitOfMeasurePrice>8.9000</UnitOfMeasurePrice>
      <AllowDiscount>1</AllowDiscount>
      <ItemStatus>1</ItemStatus>
      <ItemId>91882</ItemId>
    </Item>
    <Item>
      <PriceUpdateDate>2025-02-25 14:20:54</PriceUpdateDate>
      <ItemCode>3046920021777</ItemCode>
      <ItemType>1</ItemType>
      <ItemName>שוקולד לינדט אקסלנס</ItemName>
      <ManufacturerName>,</ManufacturerName>
      <ManufactureCountry>לא ידוע</ManufactureCountry>
      <ManufacturerItemDescription>שוקולד לינדט אקסלנס קרמל הזלנט 100 גר</ManufacturerItemDescription>
      <UnitQty>גרמים</UnitQty>
      <Quantity>100.00</Quantity>
      <UnitOfMeasure>100 גרם</UnitOfMeasure>
      <bIsWeighted>0</bIsWeighted>
      <QtyInPackage>1</QtyInPackage>
      <ItemPrice>22.90</ItemPrice>
      <UnitOfMeasurePrice>22.9000</UnitOfMeasurePrice>
      <AllowDiscount>1</AllowDiscount>
      <ItemStatus>1</ItemStatus>
      <ItemId>90091</ItemId>
    </Item>
    <Item>
      <PriceUpdateDate>2024-03-27 10:31:01</PriceUpdateDate>
      <ItemCode>6113</ItemCode>
      <ItemType>0</ItemType>
      <ItemName>מעורב חציל מוחמץ</ItemName>
      <ManufacturerName>,</ManufacturerName>
      <ManufactureCountry>לא ידוע</ManufactureCountry>
      <ManufacturerItemDescription>מעורב חציל מוחמץ</ManufacturerItemDescription>
      <UnitQty>קילוגרמים</UnitQty>
      <Quantity>1.00</Quantity>
      <UnitOfMeasure>ק"ג</UnitOfMeasure>
      <bIsWeighted>1</bIsWeighted>
      <QtyInPackage>לא ידוע</QtyInPackage>
      <ItemPrice>79.00</ItemPrice>
      <UnitOfMeasurePrice>79.0000</UnitOfMeasurePrice>
      <AllowDiscount>1</AllowDiscount>
      <ItemStatus>1</ItemStatus>
      <ItemId>90618</ItemId>
    </Item>
    <Item>
      <PriceUpdateDate>2025-05-02 08:13:41</PriceUpdateDate>
      <ItemCode>4602358010043</ItemCode>
      <ItemType>1</ItemType>
      <ItemName>גלידה מגה כוס פטל 10</ItemName>
      <ManufacturerName>,</ManufacturerName>
      <ManufactureCountry>לא ידוע</ManufactureCountry>
      <ManufacturerItemDescription>גלידה מגה כוס פטל 100 גר</ManufacturerItemDescription>
      <UnitQty>גרמים</UnitQty>
      <Quantity>100.00</Quantity>
      <UnitOfMeasure>100 גרם</UnitOfMeasure>
      <bIsWeighted>0</bIsWeighted>
      <QtyInPackage>1</QtyInPackage>
      <ItemPrice>8.90</ItemPrice>
      <UnitOfMeasurePrice>8.9000</UnitOfMeasurePrice>
      <AllowDiscount>1</AllowDiscount>
      <ItemStatus>1</ItemStatus>
      <ItemId>91883</ItemId>
    </Item>
    <Item>
      <PriceUpdateDate>2025-05-02 08:13:41</PriceUpdateDate>
      <ItemCode>4602358009993</ItemCode>
      <ItemType>1</ItemType>
      <ItemName>גלידה רול פטל 90 גר</ItemName>
      <ManufacturerName>,</ManufacturerName>
      <ManufactureCountry>לא ידוע</ManufactureCountry>
      <ManufacturerItemDescription>גלידה רול פטל 90 גר</ManufacturerItemDescription>
      <UnitQty>גרמים</UnitQty>
      <Quantity>90.00</Quantity>
      <UnitOfMeasure>100 גרם</UnitOfMeasure>
      <bIsWeighted>0</bIsWeighted>
      <QtyInPackage>1</QtyInPackage>
      <ItemPrice>8.90</ItemPrice>
      <UnitOfMeasurePrice>9.8889</UnitOfMeasurePrice>
      <AllowDiscount>1</AllowDiscount>
      <ItemStatus>1</ItemStatus>
      <ItemId>91885</ItemId>
    </Item>
    <Item>
      <PriceUpdateDate>2024-07-25 08:41:36</PriceUpdateDate>
      <ItemCode>6344</ItemCode>
      <ItemType>0</ItemType>
      <ItemName>בולגרית מעודנת 5%</ItemName>
      <ManufacturerName>מחלבות גד שיווק 1992</ManufacturerName>
      <ManufactureCountry>לא ידוע</ManufactureCountry>
      <ManufacturerItemDescription>בולגרית מעודנת 5%</ManufacturerItemDescription>
      <UnitQty>קילוגרמים</UnitQty>
      <Quantity>1.00</Quantity>
      <UnitOfMeasure>ק"ג</UnitOfMeasure>
      <bIsWeighted>1</bIsWeighted>
      <QtyInPackage>לא ידוע</QtyInPackage>
      <ItemPrice>69.00</ItemPrice>
      <UnitOfMeasurePrice>69.0000</UnitOfMeasurePrice>
      <AllowDiscount>1</AllowDiscount>
      <ItemStatus>1</ItemStatus>
      <ItemId>92717</ItemId>
    </Item>
    <Item>
      <PriceUpdateDate>2025-05-02 08:13:41</PriceUpdateDate>
      <ItemCode>4602358007210</ItemCode>
      <ItemType>1</ItemType>
      <ItemName>גלידה אסקימו קרם ברו</ItemName>
      <ManufacturerName>,</ManufacturerName>
      <ManufactureCountry>לא ידוע</ManufactureCountry>
      <ManufacturerItemDescription>גלידה אסקימו קרם ברולה בציפוי קרמל 70 גר</ManufacturerItemDescription>
      <UnitQty>גרמים</UnitQty>
      <Quantity>70.00</Quantity>
      <UnitOfMeasure>100 גרם</UnitOfMeasure>
      <bIsWeighted>0</bIsWeighted>
      <QtyInPackage>1</QtyInPackage>
      <ItemPrice>8.90</ItemPrice>
      <UnitOfMeasurePrice>12.7143</UnitOfMeasurePrice>
      <AllowDiscount>1</AllowDiscount>
      <ItemStatus>1</ItemStatus>
      <ItemId>91886</ItemId>
    </Item>
    <Item>
      <PriceUpdateDate>2025-07-17 18:46:08</PriceUpdateDate>
      <ItemCode>8006380215661</ItemCode>
      <ItemType>1</ItemType>
      <ItemName>שוקולד מריר ממולא בש</ItemName>
      <ManufacturerName>,</ManufacturerName>
      <ManufactureCountry>לא ידוע</ManufactureCountry>
      <ManufacturerItemDescription>שוקולד מריר ממולא בשבבי אגוז 75 גר</ManufacturerItemDescription>
      <UnitQty>גרמים</UnitQty>
      <Quantity>75.00</Quantity>
      <UnitOfMeasure>100 גרם</UnitOfMeasure>
      <bIsWeighted>0</bIsWeighted>
      <QtyInPackage>1</QtyInPackage>
      <ItemPrice>15.90</ItemPrice>
      <UnitOfMeasurePrice>21.2000</UnitOfMeasurePrice>
      <AllowDiscount>1</AllowDiscount>
      <ItemStatus>1</ItemStatus>
      <ItemId>92392</ItemId>
    </Item>
    <Item>
      <PriceUpdateDate>2025-07-17 18:46:08</PriceUpdateDate>
      <ItemCode>8006380315743</ItemCode>
      <ItemType>1</ItemType>
      <ItemName>שוקולד מריר ממולא בק</ItemName>
      <ManufacturerName>,</ManufacturerName>
      <ManufactureCountry>לא ידוע</ManufactureCountry>
      <ManufacturerItemDescription>שוקולד מריר ממולא בקליפת לימון 75 גר</ManufacturerItemDescription>
      <UnitQty>גרמים</UnitQty>
      <Quantity>75.00</Quantity>
      <UnitOfMeasure>100 גרם</UnitOfMeasure>
      <bIsWeighted>0</bIsWeighted>
      <QtyInPackage>1</QtyInPackage>
      <ItemPrice>15.90</ItemPrice>
      <UnitOfMeasurePrice>21.2000</UnitOfMeasurePrice>
      <AllowDiscount>1</AllowDiscount>
      <ItemStatus>1</ItemStatus>
      <ItemId>92393</ItemId>
    </Item>
    <Item>
      <PriceUpdateDate>2025-07-17 18:46:08</PriceUpdateDate>
      <ItemCode>8006380215777</ItemCode>
      <ItemType>1</ItemType>
      <ItemName>שוקולד מריר ממולא בק</ItemName>
      <ManufacturerName>,</ManufacturerName>
      <ManufactureCountry>לא ידוע</ManufactureCountry>
      <ManufacturerItemDescription>שוקולד מריר ממולא בקליפת תפוז 75 גר</ManufacturerItemDescription>
      <UnitQty>גרמים</UnitQty>
      <Quantity>75.00</Quantity>
      <UnitOfMeasure>100 גרם</UnitOfMeasure>
      <bIsWeighted>0</bIsWeighted>
      <QtyInPackage>1</QtyInPackage>
      <ItemPrice>15.90</ItemPrice>
      <UnitOfMeasurePrice>21.2000</UnitOfMeasurePrice>
      <AllowDiscount>1</AllowDiscount>
      <ItemStatus>1</ItemStatus>
      <ItemId>92394</ItemId>
    </Item>
    <Item>
      <PriceUpdateDate>2025-07-17 18:46:08</PriceUpdateDate>
      <ItemCode>8006380215685</ItemCode>
      <ItemType>1</ItemType>
      <ItemName>שוקולד מריר בתוספת פ</ItemName>
      <ManufacturerName>,</ManufacturerName>
      <ManufactureCountry>לא ידוע</ManufactureCountry>
      <ManufacturerItemDescription>שוקולד מריר בתוספת פולי קקאו 75 גר</ManufacturerItemDescription>
      <UnitQty>גרמים</UnitQty>
      <Quantity>75.00</Quantity>
      <UnitOfMeasure>100 גרם</UnitOfMeasure>
      <bIsWeighted>0</bIsWeighted>
      <QtyInPackage>1</QtyInPackage>
      <ItemPrice>15.90</ItemPrice>
      <UnitOfMeasurePrice>21.2000</UnitOfMeasurePrice>
      <AllowDiscount>1</AllowDiscount>
      <ItemStatus>1</ItemStatus>
      <ItemId>92395</ItemId>
    </Item>
    <Item>
      <PriceUpdateDate>2024-11-22 08:34:17</PriceUpdateDate>
      <ItemCode>7290015839532</ItemCode>
      <ItemType>1</ItemType>
      <ItemName>עוגת קראנץ שוקולד 50</ItemName>
      <ManufacturerName>,</ManufacturerName>
      <ManufactureCountry>לא ידוע</ManufactureCountry>
      <ManufacturerItemDescription>עוגת קראנץ שוקולד 500 גר</ManufacturerItemDescription>
      <UnitQty>גרמים</UnitQty>
      <Quantity>500.00</Quantity>
      <UnitOfMeasure>100 גרם</UnitOfMeasure>
      <bIsWeighted>0</bIsWeighted>
      <QtyInPackage>1</QtyInPackage>
      <ItemPrice>34.90</ItemPrice>
      <UnitOfMeasurePrice>6.9800</UnitOfMeasurePrice>
      <AllowDiscount>1</AllowDiscount>
      <ItemStatus>1</ItemStatus>
      <ItemId>92190</ItemId>
    </Item>
    <Item>
      <PriceUpdateDate>2025-07-17 18:46:08</PriceUpdateDate>
      <ItemCode>8006380215715</ItemCode>
      <ItemType>1</ItemType>
      <ItemName>שוקולד מריר 75% קקאו</ItemName>
      <ManufacturerName>,</ManufacturerName>
      <ManufactureCountry>לא ידוע</ManufactureCountry>
      <ManufacturerItemDescription>שוקולד מריר 75% קקאו 75 גר</ManufacturerItemDescription>
      <UnitQty>גרמים</UnitQty>
      <Quantity>75.00</Quantity>
      <UnitOfMeasure>100 גרם</UnitOfMeasure>
      <bIsWeighted>0</bIsWeighted>
      <QtyInPackage>1</QtyInPackage>
      <ItemPrice>15.90</ItemPrice>
      <UnitOfMeasurePrice>21.2000</UnitOfMeasurePrice>
      <AllowDiscount>1</AllowDiscount>
      <ItemStatus>1</ItemStatus>
      <ItemId>92397</ItemId>
    </Item>
    <Item>
      <PriceUpdateDate>2025-06-03 08:35:09</PriceUpdateDate>
      <ItemCode>6346</ItemCode>
      <ItemType>0</ItemType>
      <ItemName>צפתית פרח 5%</ItemName>
      <ManufacturerName>,</ManufacturerName>
      <ManufactureCountry>לא ידוע</ManufactureCountry>
      <ManufacturerItemDescription>צפתית פרח 5%</ManufacturerItemDescription>
      <UnitQty>קילוגרמים</UnitQty>
      <Quantity>1.00</Quantity>
      <UnitOfMeasure>ק"ג</UnitOfMeasure>
      <bIsWeighted>1</bIsWeighted>
      <QtyInPackage>לא ידוע</QtyInPackage>
      <ItemPrice>75.00</ItemPrice>
      <UnitOfMeasurePrice>75.0000</UnitOfMeasurePrice>
      <AllowDiscount>1</AllowDiscount>
      <ItemStatus>1</ItemStatus>
      <ItemId>92718</ItemId>
    </Item>
    <Item>
      <PriceUpdateDate>2024-06-19 14:52:04</PriceUpdateDate>
      <ItemCode>4000504151822</ItemCode>
      <ItemType>1</ItemType>
      <ItemName>גבינה ברייט בטעם ריב</ItemName>
      <ManufacturerName>,</ManufacturerName>
      <ManufactureCountry>לא ידוע</ManufactureCountry>
      <ManufacturerItemDescription>גבינה ברייט בטעם ריבת חלב 125 גר</ManufacturerItemDescription>
      <UnitQty>גרמים</UnitQty>
      <Quantity>125.00</Quantity>
      <UnitOfMeasure>100 גרם</UnitOfMeasure>
      <bIsWeighted>0</bIsWeighted>
      <QtyInPackage>1</QtyInPackage>
      <ItemPrice>28.90</ItemPrice>
      <UnitOfMeasurePrice>23.1200</UnitOfMeasurePrice>
      <AllowDiscount>1</AllowDiscount>
      <ItemStatus>1</ItemStatus>
      <ItemId>91896</ItemId>
    </Item>
    <Item>
      <PriceUpdateDate>2024-06-19 14:52:04</PriceUpdateDate>
      <ItemCode>4000504149720</ItemCode>
      <ItemType>1</ItemType>
      <ItemName>גבינה ברייט כחולה במ</ItemName>
      <ManufacturerName>,</ManufacturerName>
      <ManufactureCountry>לא ידוע</ManufactureCountry>
      <ManufacturerItemDescription>גבינה ברייט כחולה במרקם קרמי 125 גר</ManufacturerItemDescription>
      <UnitQty>גרמים</UnitQty>
      <Quantity>125.00</Quantity>
      <UnitOfMeasure>100 גרם</UnitOfMeasure>
      <bIsWeighted>0</bIsWeighted>
      <QtyInPackage>1</QtyInPackage>
      <ItemPrice>28.90</ItemPrice>
      <UnitOfMeasurePrice>23.1200</UnitOfMeasurePrice>
      <AllowDiscount>1</AllowDiscount>
      <ItemStatus>1</ItemStatus>
      <ItemId>91897</ItemId>
    </Item>
    <Item>
      <PriceUpdateDate>2024-06-19 14:52:04</PriceUpdateDate>
      <ItemCode>4000504149829</ItemCode>
      <ItemType>1</ItemType>
      <ItemName>גבינה ברייט כתומה במ</ItemName>
      <ManufacturerName>,</ManufacturerName>
      <ManufactureCountry>לא ידוע</ManufactureCountry>
      <ManufacturerItemDescription>גבינה ברייט כתומה במרקם קרמי 125 גר</ManufacturerItemDescription>
      <UnitQty>גרמים</UnitQty>
      <Quantity>125.00</Quantity>
      <UnitOfMeasure>100 גרם</UnitOfMeasure>
      <bIsWeighted>0</bIsWeighted>
      <QtyInPackage>1</QtyInPackage>
      <ItemPrice>28.90</ItemPrice>
      <UnitOfMeasurePrice>23.1200</UnitOfMeasurePrice>
      <AllowDiscount>1</AllowDiscount>
      <ItemStatus>1</ItemStatus>
      <ItemId>91898</ItemId>
    </Item>
    <Item>
      <PriceUpdateDate>2024-03-01 08:53:54</PriceUpdateDate>
      <ItemCode>4810168064068</ItemCode>
      <ItemType>1</ItemType>
      <ItemName>בסגנון קוויאר אדום כ</ItemName>
      <ManufacturerName>פירסט קוואליטי תרייד</ManufacturerName>
      <ManufactureCountry>לא ידוע</ManufactureCountry>
      <ManufacturerItemDescription>בסגנון קוויאר אדום כדורי דג פורל 230 גר</ManufacturerItemDescription>
      <UnitQty>גרמים</UnitQty>
      <Quantity>230.00</Quantity>
      <UnitOfMeasure>100 גרם</UnitOfMeasure>
      <bIsWeighted>0</bIsWeighted>
      <QtyInPackage>1</QtyInPackage>
      <ItemPrice>14.90</ItemPrice>
      <UnitOfMeasurePrice>6.4783</UnitOfMeasurePrice>
      <AllowDiscount>1</AllowDiscount>
      <ItemStatus>1</ItemStatus>
      <ItemId>90157</ItemId>
    </Item>
    <Item>
      <PriceUpdateDate>2024-08-11 19:28:21</PriceUpdateDate>
      <ItemCode>7290003224975</ItemCode>
      <ItemType>1</ItemType>
      <ItemName>כיסוני בשר בקר מאמוצ</ItemName>
      <ManufacturerName>,</ManufacturerName>
      <ManufactureCountry>לא ידוע</ManufactureCountry>
      <ManufacturerItemDescription>כיסוני בשר בקר מאמוצקה 800 גר</ManufacturerItemDescription>
      <UnitQty>גרמים</UnitQty>
      <Quantity>800.00</Quantity>
      <UnitOfMeasure>100 גרם</UnitOfMeasure>
      <bIsWeighted>0</bIsWeighted>
      <QtyInPackage>1</QtyInPackage>
      <ItemPrice>49.90</ItemPrice>
      <UnitOfMeasurePrice>6.2375</UnitOfMeasurePrice>
      <AllowDiscount>1</AllowDiscount>
      <ItemStatus>1</ItemStatus>
      <ItemId>90678</ItemId>
    </Item>
    <Item>
      <PriceUpdateDate>2024-08-11 19:28:21</PriceUpdateDate>
      <ItemCode>7290003224982</ItemCode>
      <ItemType>1</ItemType>
      <ItemName>כיסוני בשר בקר וכבש</ItemName>
      <ManufacturerName>,</ManufacturerName>
      <ManufactureCountry>לא ידוע</ManufactureCountry>
      <ManufacturerItemDescription>כיסוני בשר בקר וכבש מאמוצקה 800 גר</ManufacturerItemDescription>
      <UnitQty>גרמים</UnitQty>
      <Quantity>800.00</Quantity>
      <UnitOfMeasure>100 גרם</UnitOfMeasure>
      <bIsWeighted>0</bIsWeighted>
      <QtyInPackage>1</QtyInPackage>
      <ItemPrice>49.90</ItemPrice>
      <UnitOfMeasurePrice>6.2375</UnitOfMeasurePrice>
      <AllowDiscount>1</AllowDiscount>
      <ItemStatus>1</ItemStatus>
      <ItemId>90679</ItemId>
    </Item>
    <Item>
      <PriceUpdateDate>2024-03-01 08:53:54</PriceUpdateDate>
      <ItemCode>4810168064075</ItemCode>
      <ItemType>1</ItemType>
      <ItemName>בסגנון קוויאר שחור כ</ItemName>
      <ManufacturerName>פירסט קוואליטי תרייד</ManufacturerName>
      <ManufactureCountry>לא ידוע</ManufactureCountry>
      <ManufacturerItemDescription>בסגנון קוויאר שחור כדורי דג פורל 230 גר</ManufacturerItemDescription>
      <UnitQty>גרמים</UnitQty>
      <Quantity>230.00</Quantity>
      <UnitOfMeasure>100 גרם</UnitOfMeasure>
      <bIsWeighted>0</bIsWeighted>
      <QtyInPackage>1</QtyInPackage>
      <ItemPrice>14.90</ItemPrice>
      <UnitOfMeasurePrice>6.4783</UnitOfMeasurePrice>
      <AllowDiscount>1</AllowDiscount>
      <ItemStatus>1</ItemStatus>
      <ItemId>90158</ItemId>
    </Item>
    <Item>
      <PriceUpdateDate>2024-04-02 08:33:58</PriceUpdateDate>
      <ItemCode>5010504100095</ItemCode>
      <ItemType>1</ItemType>
      <ItemName>ויסקי קאטי סארק 700</ItemName>
      <ManufacturerName>,</ManufacturerName>
      <ManufactureCountry>לא ידוע</ManufactureCountry>
      <ManufacturerItemDescription>ויסקי קאטי סארק 700 מל</ManufacturerItemDescription>
      <UnitQty>מיליליטרים</UnitQty>
      <Quantity>700.00</Quantity>
      <UnitOfMeasure>100 מ"ל</UnitOfMeasure>
      <bIsWeighted>0</bIsWeighted>
      <QtyInPackage>1</QtyInPackage>
      <ItemPrice>79.90</ItemPrice>
      <UnitOfMeasurePrice>11.4143</UnitOfMeasurePrice>
      <AllowDiscount>1</AllowDiscount>
      <ItemStatus>1</ItemStatus>
      <ItemId>90681</ItemId>
    </Item>
    <Item>
      <PriceUpdateDate>2024-07-22 08:38:32</PriceUpdateDate>
      <ItemCode>530</ItemCode>
      <ItemType>0</ItemType>
      <ItemName>ויטצינה סביניה כפרית</ItemName>
      <ManufacturerName>מעדני מניה תעשיות בש</ManufacturerName>
      <ManufactureCountry>לא ידוע</ManufactureCountry>
      <ManufacturerItemDescription>ויטצינה סביניה כפרית</ManufacturerItemDescription>
      <UnitQty>קילוגרמים</UnitQty>
      <Quantity>1.00</Quantity>
      <UnitOfMeasure>ק"ג</UnitOfMeasure>
      <bIsWeighted>1</bIsWeighted>
      <QtyInPackage>לא ידוע</QtyInPackage>
      <ItemPrice>85.00</ItemPrice>
      <UnitOfMeasurePrice>85.0000</UnitOfMeasurePrice>
      <AllowDiscount>1</AllowDiscount>
      <ItemStatus>1</ItemStatus>
      <ItemId>92446</ItemId>
    </Item>
    <Item>
      <PriceUpdateDate>2025-01-13 08:35:08</PriceUpdateDate>
      <ItemCode>2748</ItemCode>
      <ItemType>0</ItemType>
      <ItemName>גבינת פרומאג דפינואה</ItemName>
      <ManufacturerName>,</ManufacturerName>
      <ManufactureCountry>לא ידוע</ManufactureCountry>
      <ManufacturerItemDescription>גבינת פרומאג דפינואה טראפלס</ManufacturerItemDescription>
      <UnitQty>קילוגרמים</UnitQty>
      <Quantity>1.00</Quantity>
      <UnitOfMeasure>ק"ג</UnitOfMeasure>
      <bIsWeighted>1</bIsWeighted>
      <QtyInPackage>לא ידוע</QtyInPackage>
      <ItemPrice>279.00</ItemPrice>
      <UnitOfMeasurePrice>279.0000</UnitOfMeasurePrice>
      <AllowDiscount>1</AllowDiscount>
      <ItemStatus>1</ItemStatus>
      <ItemId>90687</ItemId>
    </Item>
    <Item>
      <PriceUpdateDate>2024-06-07 08:33:00</PriceUpdateDate>
      <ItemCode>4779039730283</ItemCode>
      <ItemType>1</ItemType>
      <ItemName>מרק פטריות אורגני 40</ItemName>
      <ManufacturerName>,</ManufacturerName>
      <ManufactureCountry>לא ידוע</ManufactureCountry>
      <ManufacturerItemDescription>מרק פטריות אורגני 400 גר</ManufacturerItemDescription>
      <UnitQty>גרמים</UnitQty>
      <Quantity>400.00</Quantity>
      <UnitOfMeasure>100 גרם</UnitOfMeasure>
      <bIsWeighted>0</bIsWeighted>
      <QtyInPackage>1</QtyInPackage>
      <ItemPrice>17.90</ItemPrice>
      <UnitOfMeasurePrice>4.4750</UnitOfMeasurePrice>
      <AllowDiscount>1</AllowDiscount>
      <ItemStatus>1</ItemStatus>
      <ItemId>91718</ItemId>
    </Item>
    <Item>
      <PriceUpdateDate>2024-04-03 15:13:48</PriceUpdateDate>
      <ItemCode>4607141339875</ItemCode>
      <ItemType>1</ItemType>
      <ItemName>תה שחור תבלינים הודי</ItemName>
      <ManufacturerName>,</ManufacturerName>
      <ManufactureCountry>לא ידוע</ManufactureCountry>
      <ManufacturerItemDescription>תה שחור תבלינים הודיים לנקסטר 75 גר</ManufacturerItemDescription>
      <UnitQty>גרמים</UnitQty>
      <Quantity>75.00</Quantity>
      <UnitOfMeasure>100 גרם</UnitOfMeasure>
      <bIsWeighted>0</bIsWeighted>
      <QtyInPackage>1</QtyInPackage>
      <ItemPrice>24.90</ItemPrice>
      <UnitOfMeasurePrice>33.2000</UnitOfMeasurePrice>
      <AllowDiscount>1</AllowDiscount>
      <ItemStatus>1</ItemStatus>
      <ItemId>90715</ItemId>
    </Item>
    <Item>
      <PriceUpdateDate>2024-06-07 08:33:00</PriceUpdateDate>
      <ItemCode>4779039732188</ItemCode>
      <ItemType>1</ItemType>
      <ItemName>מרק מינסטרונה אורגני</ItemName>
      <ManufacturerName>,</ManufacturerName>
      <ManufactureCountry>לא ידוע</ManufactureCountry>
      <ManufacturerItemDescription>מרק מינסטרונה אורגני 400 גר</ManufacturerItemDescription>
      <UnitQty>גרמים</UnitQty>
      <Quantity>400.00</Quantity>
      <UnitOfMeasure>100 גרם</UnitOfMeasure>
      <bIsWeighted>0</bIsWeighted>
      <QtyInPackage>1</QtyInPackage>
      <ItemPrice>17.90</ItemPrice>
      <UnitOfMeasurePrice>4.4750</UnitOfMeasurePrice>
      <AllowDiscount>1</AllowDiscount>
      <ItemStatus>1</ItemStatus>
      <ItemId>91719</ItemId>
    </Item>
    <Item>
      <PriceUpdateDate>2024-03-04 08:43:59</PriceUpdateDate>
      <ItemCode>4015576236513</ItemCode>
      <ItemType>1</ItemType>
      <ItemName>בירה לא מסוננת ברלינ</ItemName>
      <ManufacturerName>,</ManufacturerName>
      <ManufactureCountry>לא ידוע</ManufactureCountry>
      <ManufacturerItemDescription>בירה לא מסוננת ברלינר גשיחטה וויט 500 מל</ManufacturerItemDescription>
      <UnitQty>מיליליטרים</UnitQty>
      <Quantity>500.00</Quantity>
      <UnitOfMeasure>100 מ"ל</UnitOfMeasure>
      <bIsWeighted>0</bIsWeighted>
      <QtyInPackage>1</QtyInPackage>
      <ItemPrice>8.90</ItemPrice>
      <UnitOfMeasurePrice>1.7800</UnitOfMeasurePrice>
      <AllowDiscount>1</AllowDiscount>
      <ItemStatus>1</ItemStatus>
      <ItemId>90217</ItemId>
    </Item>
    <Item>
      <PriceUpdateDate>2024-04-07 18:03:44</PriceUpdateDate>
      <ItemCode>18813</ItemCode>
      <ItemType>0</ItemType>
      <ItemName>לחם צרפתי מלא 500 גר</ItemName>
      <ManufacturerName>,</ManufacturerName>
      <ManufactureCountry>לא ידוע</ManufactureCountry>
      <ManufacturerItemDescription>לחם צרפתי מלא 500 גר</ManufacturerItemDescription>
      <UnitQty>גרמים</UnitQty>
      <Quantity>500.00</Quantity>
      <UnitOfMeasure>100 גרם</UnitOfMeasure>
      <bIsWeighted>0</bIsWeighted>
      <QtyInPackage>1</QtyInPackage>
      <ItemPrice>19.90</ItemPrice>
      <UnitOfMeasurePrice>3.9800</UnitOfMeasurePrice>
      <AllowDiscount>1</AllowDiscount>
      <ItemStatus>1</ItemStatus>
      <ItemId>90744</ItemId>
    </Item>
    <Item>
      <PriceUpdateDate>2024-04-07 18:03:44</PriceUpdateDate>
      <ItemCode>18815</ItemCode>
      <ItemType>0</ItemType>
      <ItemName>לחם מחמצת לבן 500 גר</ItemName>
      <ManufacturerName>,</ManufacturerName>
      <ManufactureCountry>לא ידוע</ManufactureCountry>
      <ManufacturerItemDescription>לחם מחמצת לבן 500 גר</ManufacturerItemDescription>
      <UnitQty>גרמים</UnitQty>
      <Quantity>500.00</Quantity>
      <UnitOfMeasure>100 גרם</UnitOfMeasure>
      <bIsWeighted>0</bIsWeighted>
      <QtyInPackage>1</QtyInPackage>
      <ItemPrice>19.90</ItemPrice>
      <UnitOfMeasurePrice>3.9800</UnitOfMeasurePrice>
      <AllowDiscount>1</AllowDiscount>
      <ItemStatus>1</ItemStatus>
      <ItemId>90746</ItemId>
    </Item>
    <Item>
      <PriceUpdateDate>2024-04-07 18:03:45</PriceUpdateDate>
      <ItemCode>18816</ItemCode>
      <ItemType>0</ItemType>
      <ItemName>לחם שיפון אובלי 500</ItemName>
      <ManufacturerName>,</ManufacturerName>
      <ManufactureCountry>לא ידוע</ManufactureCountry>
      <ManufacturerItemDescription>לחם שיפון אובלי 500 גר</ManufacturerItemDescription>
      <UnitQty>גרמים</UnitQty>
      <Quantity>500.00</Quantity>
      <UnitOfMeasure>100 גרם</UnitOfMeasure>
      <bIsWeighted>0</bIsWeighted>
      <QtyInPackage>1</QtyInPackage>
      <ItemPrice>19.90</ItemPrice>
      <UnitOfMeasurePrice>3.9800</UnitOfMeasurePrice>
      <AllowDiscount>1</AllowDiscount>
      <ItemStatus>1</ItemStatus>
      <ItemId>90747</ItemId>
    </Item>
    <Item>
      <PriceUpdateDate>2024-06-20 17:54:46</PriceUpdateDate>
      <ItemCode>4810268023408</ItemCode>
      <ItemType>0</ItemType>
      <ItemName>קינוח טבורוג בטעם עו</ItemName>
      <ManufacturerName>,</ManufacturerName>
      <ManufactureCountry>לא ידוע</ManufactureCountry>
      <ManufacturerItemDescription>קינוח טבורוג בטעם עוגת גבינה 120 גר</ManufacturerItemDescription>
      <UnitQty>גרמים</UnitQty>
      <Quantity>120.00</Quantity>
      <UnitOfMeasure>100 גרם</UnitOfMeasure>
      <bIsWeighted>0</bIsWeighted>
      <QtyInPackage>לא ידוע</QtyInPackage>
      <ItemPrice>5.90</ItemPrice>
      <UnitOfMeasurePrice>4.9167</UnitOfMeasurePrice>
      <AllowDiscount>1</AllowDiscount>
      <ItemStatus>1</ItemStatus>
      <ItemId>91936</ItemId>
    </Item>
    <Item>
      <PriceUpdateDate>2024-06-20 17:54:46</PriceUpdateDate>
      <ItemCode>4810268023323</ItemCode>
      <ItemType>0</ItemType>
      <ItemName>קינוח טבורוג אוכמניו</ItemName>
      <ManufacturerName>,</ManufacturerName>
      <ManufactureCountry>לא ידוע</ManufactureCountry>
      <ManufacturerItemDescription>קינוח טבורוג אוכמניות 120 גר</ManufacturerItemDescription>
      <UnitQty>גרמים</UnitQty>
      <Quantity>120.00</Quantity>
      <UnitOfMeasure>100 גרם</UnitOfMeasure>
      <bIsWeighted>0</bIsWeighted>
      <QtyInPackage>לא ידוע</QtyInPackage>
      <ItemPrice>5.90</ItemPrice>
      <UnitOfMeasurePrice>4.9167</UnitOfMeasurePrice>
      <AllowDiscount>1</AllowDiscount>
      <ItemStatus>1</ItemStatus>
      <ItemId>91937</ItemId>
    </Item>
    <Item>
      <PriceUpdateDate>2025-08-12 12:29:47</PriceUpdateDate>
      <ItemCode>4601842007453</ItemCode>
      <ItemType>1</ItemType>
      <ItemName>קונפיטורת תות שדה 36</ItemName>
      <ManufacturerName>,</ManufacturerName>
      <ManufactureCountry>לא ידוע</ManufactureCountry>
      <ManufacturerItemDescription>קונפיטורת תות שדה 360 גר</ManufacturerItemDescription>
      <UnitQty>גרמים</UnitQty>
      <Quantity>360.00</Quantity>
      <UnitOfMeasure>100 גרם</UnitOfMeasure>
      <bIsWeighted>0</bIsWeighted>
      <QtyInPackage>1</QtyInPackage>
      <ItemPrice>19.90</ItemPrice>
      <UnitOfMeasurePrice>5.5278</UnitOfMeasurePrice>
      <AllowDiscount>1</AllowDiscount>
      <ItemStatus>1</ItemStatus>
      <ItemId>90230</ItemId>
    </Item>
    <Item>
      <PriceUpdateDate>2024-06-20 17:54:46</PriceUpdateDate>
      <ItemCode>4810268043024</ItemCode>
      <ItemType>0</ItemType>
      <ItemName>קינוח טבורוג תות שדה</ItemName>
      <ManufacturerName>,</ManufacturerName>
      <ManufactureCountry>לא ידוע</ManufactureCountry>
      <ManufacturerItemDescription>קינוח טבורוג תות שדה 120 גר</ManufacturerItemDescription>
      <UnitQty>גרמים</UnitQty>
      <Quantity>120.00</Quantity>
      <UnitOfMeasure>100 גרם</UnitOfMeasure>
      <bIsWeighted>0</bIsWeighted>
      <QtyInPackage>לא ידוע</QtyInPackage>
      <ItemPrice>5.90</ItemPrice>
      <UnitOfMeasurePrice>4.9167</UnitOfMeasurePrice>
      <AllowDiscount>1</AllowDiscount>
      <ItemStatus>1</ItemStatus>
      <ItemId>91938</ItemId>
    </Item>
    <Item>
      <PriceUpdateDate>2024-06-20 17:54:46</PriceUpdateDate>
      <ItemCode>4810268023330</ItemCode>
      <ItemType>0</ItemType>
      <ItemName>קינוח טבורוג דובדבן</ItemName>
      <ManufacturerName>,</ManufacturerName>
      <ManufactureCountry>לא ידוע</ManufactureCountry>
      <ManufacturerItemDescription>קינוח טבורוג דובדבן 120 גר</ManufacturerItemDescription>
      <UnitQty>גרמים</UnitQty>
      <Quantity>120.00</Quantity>
      <UnitOfMeasure>100 גרם</UnitOfMeasure>
      <bIsWeighted>0</bIsWeighted>
      <QtyInPackage>לא ידוע</QtyInPackage>
      <ItemPrice>5.90</ItemPrice>
      <UnitOfMeasurePrice>4.9167</UnitOfMeasurePrice>
      <AllowDiscount>1</AllowDiscount>
      <ItemStatus>1</ItemStatus>
      <ItemId>91939</ItemId>
    </Item>
    <Item>
      <PriceUpdateDate>2025-08-12 12:29:47</PriceUpdateDate>
      <ItemCode>4601842007477</ItemCode>
      <ItemType>1</ItemType>
      <ItemName>קונפיטורת חזרזר 360</ItemName>
      <ManufacturerName>,</ManufacturerName>
      <ManufactureCountry>לא ידוע</ManufactureCountry>
      <ManufacturerItemDescription>קונפיטורת חזרזר 360 גר</ManufacturerItemDescription>
      <UnitQty>גרמים</UnitQty>
      <Quantity>360.00</Quantity>
      <UnitOfMeasure>100 גרם</UnitOfMeasure>
      <bIsWeighted>0</bIsWeighted>
      <QtyInPackage>1</QtyInPackage>
      <ItemPrice>19.90</ItemPrice>
      <UnitOfMeasurePrice>5.5278</UnitOfMeasurePrice>
      <AllowDiscount>1</AllowDiscount>
      <ItemStatus>1</ItemStatus>
      <ItemId>90232</ItemId>
    </Item>
    <Item>
      <PriceUpdateDate>2025-08-12 12:29:47</PriceUpdateDate>
      <ItemCode>4601842007491</ItemCode>
      <ItemType>1</ItemType>
      <ItemName>קונפיטורת דומדמניות</ItemName>
      <ManufacturerName>,</ManufacturerName>
      <ManufactureCountry>לא ידוע</ManufactureCountry>
      <ManufacturerItemDescription>קונפיטורת דומדמניות שחורות 360 גר</ManufacturerItemDescription>
      <UnitQty>גרמים</UnitQty>
      <Quantity>360.00</Quantity>
      <UnitOfMeasure>100 גרם</UnitOfMeasure>
      <bIsWeighted>0</bIsWeighted>
      <QtyInPackage>1</QtyInPackage>
      <ItemPrice>19.90</ItemPrice>
      <UnitOfMeasurePrice>5.5278</UnitOfMeasurePrice>
      <AllowDiscount>1</AllowDiscount>
      <ItemStatus>1</ItemStatus>
      <ItemId>90233</ItemId>
    </Item>
    <Item>
      <PriceUpdateDate>2025-08-12 12:29:47</PriceUpdateDate>
      <ItemCode>4601842001444</ItemCode>
      <ItemType>1</ItemType>
      <ItemName>ריבת משמש 360 גר</ItemName>
      <ManufacturerName>,</ManufacturerName>
      <ManufactureCountry>לא ידוע</ManufactureCountry>
      <ManufacturerItemDescription>ריבת משמש 360 גר</ManufacturerItemDescription>
      <UnitQty>גרמים</UnitQty>
      <Quantity>360.00</Quantity>
      <UnitOfMeasure>100 גרם</UnitOfMeasure>
      <bIsWeighted>0</bIsWeighted>
      <QtyInPackage>1</QtyInPackage>
      <ItemPrice>15.90</ItemPrice>
      <UnitOfMeasurePrice>4.4167</UnitOfMeasurePrice>
      <AllowDiscount>1</AllowDiscount>
      <ItemStatus>1</ItemStatus>
      <ItemId>90236</ItemId>
    </Item>
    <Item>
      <PriceUpdateDate>2025-08-12 12:29:47</PriceUpdateDate>
      <ItemCode>4601842002250</ItemCode>
      <ItemType>1</ItemType>
      <ItemName>ריבת לימון 360 גר</ItemName>
      <ManufacturerName>,</ManufacturerName>
      <ManufactureCountry>לא ידוע</ManufactureCountry>
      <ManufacturerItemDescription>ריבת לימון 360 גר</ManufacturerItemDescription>
      <UnitQty>גרמים</UnitQty>
      <Quantity>360.00</Quantity>
      <UnitOfMeasure>100 גרם</UnitOfMeasure>
      <bIsWeighted>0</bIsWeighted>
      <QtyInPackage>1</QtyInPackage>
      <ItemPrice>15.90</ItemPrice>
      <UnitOfMeasurePrice>4.4167</UnitOfMeasurePrice>
      <AllowDiscount>1</AllowDiscount>
      <ItemStatus>1</ItemStatus>
      <ItemId>90239</ItemId>
    </Item>
    <Item>
      <PriceUpdateDate>2025-04-01 17:47:35</PriceUpdateDate>
      <ItemCode>4820229031281</ItemCode>
      <ItemType>1</ItemType>
      <ItemName>וודקה חורטיצה קלאסיק</ItemName>
      <ManufacturerName>,</ManufacturerName>
      <ManufactureCountry>לא ידוע</ManufactureCountry>
      <ManufacturerItemDescription>וודקה חורטיצה קלאסיק 700 מל</ManufacturerItemDescription>
      <UnitQty>מיליליטרים</UnitQty>
      <Quantity>700.00</Quantity>
      <UnitOfMeasure>100 מ"ל</UnitOfMeasure>
      <bIsWeighted>0</bIsWeighted>
      <QtyInPackage>1</QtyInPackage>
      <ItemPrice>62.90</ItemPrice>
      <UnitOfMeasurePrice>8.9857</UnitOfMeasurePrice>
      <AllowDiscount>1</AllowDiscount>
      <ItemStatus>1</ItemStatus>
      <ItemId>92735</ItemId>
    </Item>
    <Item>
      <PriceUpdateDate>2025-03-11 17:33:26</PriceUpdateDate>
      <ItemCode>808874939286</ItemCode>
      <ItemType>1</ItemType>
      <ItemName>יין בוגל שרדונה 750</ItemName>
      <ManufacturerName>,</ManufacturerName>
      <ManufactureCountry>לא ידוע</ManufactureCountry>
      <ManufacturerItemDescription>יין בוגל שרדונה 750 מל</ManufacturerItemDescription>
      <UnitQty>מיליליטרים</UnitQty>
      <Quantity>750.00</Quantity>
      <UnitOfMeasure>100 מ"ל</UnitOfMeasure>
      <bIsWeighted>0</bIsWeighted>
      <QtyInPackage>1</QtyInPackage>
      <ItemPrice>74.90</ItemPrice>
      <UnitOfMeasurePrice>9.9867</UnitOfMeasurePrice>
      <AllowDiscount>1</AllowDiscount>
      <ItemStatus>1</ItemStatus>
      <ItemId>92736</ItemId>
    </Item>
    <Item>
      <PriceUpdateDate>2024-11-19 15:32:34</PriceUpdateDate>
      <ItemCode>4601842005879</ItemCode>
      <ItemType>1</ItemType>
      <ItemName>רוטב פירות יער בסגנו</ItemName>
      <ManufacturerName>,</ManufacturerName>
      <ManufactureCountry>לא ידוע</ManufactureCountry>
      <ManufacturerItemDescription>רוטב פירות יער בסגנון קארלי 340 גר</ManufacturerItemDescription>
      <UnitQty>גרמים</UnitQty>
      <Quantity>340.00</Quantity>
      <UnitOfMeasure>100 גרם</UnitOfMeasure>
      <bIsWeighted>0</bIsWeighted>
      <QtyInPackage>1</QtyInPackage>
      <ItemPrice>28.90</ItemPrice>
      <UnitOfMeasurePrice>8.5000</UnitOfMeasurePrice>
      <AllowDiscount>1</AllowDiscount>
      <ItemStatus>1</ItemStatus>
      <ItemId>90246</ItemId>
    </Item>
    <Item>
      <PriceUpdateDate>2024-11-19 15:32:34</PriceUpdateDate>
      <ItemCode>4820242440015</ItemCode>
      <ItemType>1</ItemType>
      <ItemName>צנימים בטעם שום 80 ג</ItemName>
      <ManufacturerName>,</ManufacturerName>
      <ManufactureCountry>לא ידוע</ManufactureCountry>
      <ManufacturerItemDescription>צנימים בטעם שום 80 גר</ManufacturerItemDescription>
      <UnitQty>גרמים</UnitQty>
      <Quantity>80.00</Quantity>
      <UnitOfMeasure>100 גרם</UnitOfMeasure>
      <bIsWeighted>0</bIsWeighted>
      <QtyInPackage>1</QtyInPackage>
      <ItemPrice>6.90</ItemPrice>
      <UnitOfMeasurePrice>8.6250</UnitOfMeasurePrice>
      <AllowDiscount>1</AllowDiscount>
      <ItemStatus>1</ItemStatus>
      <ItemId>90249</ItemId>
    </Item>
    <Item>
      <PriceUpdateDate>2024-07-22 08:42:18</PriceUpdateDate>
      <ItemCode>4820145373168</ItemCode>
      <ItemType>1</ItemType>
      <ItemName>רוטב תפוזים עשבי תיב</ItemName>
      <ManufacturerName>,</ManufacturerName>
      <ManufactureCountry>לא ידוע</ManufactureCountry>
      <ManufacturerItemDescription>רוטב תפוזים עשבי תיבול 250 גר</ManufacturerItemDescription>
      <UnitQty>גרמים</UnitQty>
      <Quantity>250.00</Quantity>
      <UnitOfMeasure>100 גרם</UnitOfMeasure>
      <bIsWeighted>0</bIsWeighted>
      <QtyInPackage>1</QtyInPackage>
      <ItemPrice>13.90</ItemPrice>
      <UnitOfMeasurePrice>5.5600</UnitOfMeasurePrice>
      <AllowDiscount>1</AllowDiscount>
      <ItemStatus>1</ItemStatus>
      <ItemId>92483</ItemId>
    </Item>
    <Item>
      <PriceUpdateDate>2024-11-19 15:32:34</PriceUpdateDate>
      <ItemCode>4820242440060</ItemCode>
      <ItemType>1</ItemType>
      <ItemName>צנימים בטעם נקניק סל</ItemName>
      <ManufacturerName>,</ManufacturerName>
      <ManufactureCountry>לא ידוע</ManufactureCountry>
      <ManufacturerItemDescription>צנימים בטעם נקניק סלמי 80 גר</ManufacturerItemDescription>
      <UnitQty>גרמים</UnitQty>
      <Quantity>80.00</Quantity>
      <UnitOfMeasure>100 גרם</UnitOfMeasure>
      <bIsWeighted>0</bIsWeighted>
      <QtyInPackage>1</QtyInPackage>
      <ItemPrice>6.90</ItemPrice>
      <UnitOfMeasurePrice>8.6250</UnitOfMeasurePrice>
      <AllowDiscount>1</AllowDiscount>
      <ItemStatus>1</ItemStatus>
      <ItemId>90250</ItemId>
    </Item>
    <Item>
      <PriceUpdateDate>2024-11-19 15:32:34</PriceUpdateDate>
      <ItemCode>4820242440077</ItemCode>
      <ItemType>1</ItemType>
      <ItemName>צנימים בטעם בשר עגל</ItemName>
      <ManufacturerName>,</ManufacturerName>
      <ManufactureCountry>לא ידוע</ManufactureCountry>
      <ManufacturerItemDescription>צנימים בטעם בשר עגל ורוטב אדגיקה 80 גר</ManufacturerItemDescription>
      <UnitQty>גרמים</UnitQty>
      <Quantity>80.00</Quantity>
      <UnitOfMeasure>100 גרם</UnitOfMeasure>
      <bIsWeighted>0</bIsWeighted>
      <QtyInPackage>1</QtyInPackage>
      <ItemPrice>6.90</ItemPrice>
      <UnitOfMeasurePrice>8.6250</UnitOfMeasurePrice>
      <AllowDiscount>1</AllowDiscount>
      <ItemStatus>1</ItemStatus>
      <ItemId>90251</ItemId>
    </Item>
    <Item>
      <PriceUpdateDate>2025-04-08 18:06:08</PriceUpdateDate>
      <ItemCode>4660013948391</ItemCode>
      <ItemType>1</ItemType>
      <ItemName>סוכ טרופל ללא תוספת</ItemName>
      <ManufacturerName>,</ManufacturerName>
      <ManufactureCountry>לא ידוע</ManufactureCountry>
      <ManufacturerItemDescription>סוכ טרופל ללא תוספת סוכר 150 גר</ManufacturerItemDescription>
      <UnitQty>גרמים</UnitQty>
      <Quantity>150.00</Quantity>
      <UnitOfMeasure>100 גרם</UnitOfMeasure>
      <bIsWeighted>0</bIsWeighted>
      <QtyInPackage>1</QtyInPackage>
      <ItemPrice>22.90</ItemPrice>
      <UnitOfMeasurePrice>15.2667</UnitOfMeasurePrice>
      <AllowDiscount>1</AllowDiscount>
      <ItemStatus>1</ItemStatus>
      <ItemId>90252</ItemId>
    </Item>
    <Item>
      <PriceUpdateDate>2025-11-04 08:19:32</PriceUpdateDate>
      <ItemCode>16320</ItemCode>
      <ItemType>0</ItemType>
      <ItemName>פילה מושט מטוגן בציפ</ItemName>
      <ManufacturerName>,</ManufacturerName>
      <ManufactureCountry>לא ידוע</ManufactureCountry>
      <ManufacturerItemDescription>פילה מושט בציפוי</ManufacturerItemDescription>
      <UnitQty>קילוגרמים</UnitQty>
      <Quantity>1.00</Quantity>
      <UnitOfMeasure>ק"ג</UnitOfMeasure>
      <bIsWeighted>1</bIsWeighted>
      <QtyInPackage>לא ידוע</QtyInPackage>
      <ItemPrice>79.00</ItemPrice>
      <UnitOfMeasurePrice>79.0000</UnitOfMeasurePrice>
      <AllowDiscount>1</AllowDiscount>
      <ItemStatus>1</ItemStatus>
      <ItemId>90257</ItemId>
    </Item>
    <Item>
      <PriceUpdateDate>2024-06-20 17:54:47</PriceUpdateDate>
      <ItemCode>4770299401135</ItemCode>
      <ItemType>0</ItemType>
      <ItemName>חטיפי גבינה מעושן בט</ItemName>
      <ManufacturerName>,</ManufacturerName>
      <ManufactureCountry>לא ידוע</ManufactureCountry>
      <ManufacturerItemDescription>חטיפי גבינה מעושן בטעם ברביקיו 75 גר</ManufacturerItemDescription>
      <UnitQty>גרמים</UnitQty>
      <Quantity>75.00</Quantity>
      <UnitOfMeasure>100 גרם</UnitOfMeasure>
      <bIsWeighted>0</bIsWeighted>
      <QtyInPackage>לא ידוע</QtyInPackage>
      <ItemPrice>11.90</ItemPrice>
      <UnitOfMeasurePrice>15.8667</UnitOfMeasurePrice>
      <AllowDiscount>1</AllowDiscount>
      <ItemStatus>1</ItemStatus>
      <ItemId>91962</ItemId>
    </Item>
    <Item>
      <PriceUpdateDate>2024-11-11 14:56:09</PriceUpdateDate>
      <ItemCode>1049</ItemCode>
      <ItemType>0</ItemType>
      <ItemName>נקניק סלמי בטעם כמהי</ItemName>
      <ManufacturerName>,</ManufacturerName>
      <ManufactureCountry>לא ידוע</ManufactureCountry>
      <ManufacturerItemDescription>נקניק סלמי בטעם כמהין</ManufacturerItemDescription>
      <UnitQty>קילוגרמים</UnitQty>
      <Quantity>1.00</Quantity>
      <UnitOfMeasure>ק"ג</UnitOfMeasure>
      <bIsWeighted>1</bIsWeighted>
      <QtyInPackage>לא ידוע</QtyInPackage>
      <ItemPrice>209.00</ItemPrice>
      <UnitOfMeasurePrice>209.0000</UnitOfMeasurePrice>
      <AllowDiscount>1</AllowDiscount>
      <ItemStatus>1</ItemStatus>
      <ItemId>90814</ItemId>
    </Item>
    <Item>
      <PriceUpdateDate>2024-06-07 08:34:14</PriceUpdateDate>
      <ItemCode>4660115909078</ItemCode>
      <ItemType>1</ItemType>
      <ItemName>תה שחור קרנברי 25 שק</ItemName>
      <ManufacturerName>או או או אקו פוד</ManufacturerName>
      <ManufactureCountry>לא ידוע</ManufactureCountry>
      <ManufacturerItemDescription>תה שחור קרנברי 25 שק</ManufacturerItemDescription>
      <UnitQty>Unknown </UnitQty>
      <Quantity>0.00</Quantity>
      <UnitOfMeasure>Unknown </UnitOfMeasure>
      <bIsWeighted>0</bIsWeighted>
      <QtyInPackage>1</QtyInPackage>
      <ItemPrice>12.90</ItemPrice>
      <UnitOfMeasurePrice>0.0000</UnitOfMeasurePrice>
      <AllowDiscount>1</AllowDiscount>
      <ItemStatus>1</ItemStatus>
      <ItemId>91730</ItemId>
    </Item>
    <Item>
      <PriceUpdateDate>2025-03-11 17:33:26</PriceUpdateDate>
      <ItemCode>808874964318</ItemCode>
      <ItemType>1</ItemType>
      <ItemName>יין בוגל זינפנדל אול</ItemName>
      <ManufacturerName>,</ManufacturerName>
      <ManufactureCountry>לא ידוע</ManufactureCountry>
      <ManufacturerItemDescription>יין בוגל זינפנדל אולד ווינס 750 מל</ManufacturerItemDescription>
      <UnitQty>מיליליטרים</UnitQty>
      <Quantity>750.00</Quantity>
      <UnitOfMeasure>100 מ"ל</UnitOfMeasure>
      <bIsWeighted>0</bIsWeighted>
      <QtyInPackage>1</QtyInPackage>
      <ItemPrice>74.90</ItemPrice>
      <UnitOfMeasurePrice>9.9867</UnitOfMeasurePrice>
      <AllowDiscount>1</AllowDiscount>
      <ItemStatus>1</ItemStatus>
      <ItemId>92739</ItemId>
    </Item>
    <Item>
      <PriceUpdateDate>2025-04-02 13:22:12</PriceUpdateDate>
      <ItemCode>4607167195219</ItemCode>
      <ItemType>1</ItemType>
      <ItemName>ריבת אובליפיחה מבושל</ItemName>
      <ManufacturerName>,</ManufacturerName>
      <ManufactureCountry>לא ידוע</ManufactureCountry>
      <ManufacturerItemDescription>ריבת אובליפיחה מבושל בסוכר 550 גר</ManufacturerItemDescription>
      <UnitQty>גרמים</UnitQty>
      <Quantity>550.00</Quantity>
      <UnitOfMeasure>100 גרם</UnitOfMeasure>
      <bIsWeighted>0</bIsWeighted>
      <QtyInPackage>1</QtyInPackage>
      <ItemPrice>34.90</ItemPrice>
      <UnitOfMeasurePrice>6.3455</UnitOfMeasurePrice>
      <AllowDiscount>1</AllowDiscount>
      <ItemStatus>1</ItemStatus>
      <ItemId>90891</ItemId>
    </Item>
    <Item>
      <PriceUpdateDate>2024-11-27 12:47:19</PriceUpdateDate>
      <ItemCode>4770265220319</ItemCode>
      <ItemType>1</ItemType>
      <ItemName>גבינה מותכת 28% 160</ItemName>
      <ManufacturerName>,</ManufacturerName>
      <ManufactureCountry>לא ידוע</ManufactureCountry>
      <ManufacturerItemDescription>גבינה מותכת 28% 160 גר</ManufacturerItemDescription>
      <UnitQty>גרמים</UnitQty>
      <Quantity>160.00</Quantity>
      <UnitOfMeasure>100 גרם</UnitOfMeasure>
      <bIsWeighted>0</bIsWeighted>
      <QtyInPackage>1</QtyInPackage>
      <ItemPrice>19.90</ItemPrice>
      <UnitOfMeasurePrice>12.4375</UnitOfMeasurePrice>
      <AllowDiscount>1</AllowDiscount>
      <ItemStatus>1</ItemStatus>
      <ItemId>90960</ItemId>
    </Item>
    <Item>
      <PriceUpdateDate>2024-04-19 08:46:30</PriceUpdateDate>
      <ItemCode>5901576058585</ItemCode>
      <ItemType>1</ItemType>
      <ItemName>פילה סלמון מעושן פרו</ItemName>
      <ManufacturerName>,</ManufacturerName>
      <ManufactureCountry>לא ידוע</ManufactureCountry>
      <ManufacturerItemDescription>פילה סלמון מעושן פרוס 100 גר</ManufacturerItemDescription>
      <UnitQty>גרמים</UnitQty>
      <Quantity>100.00</Quantity>
      <UnitOfMeasure>100 גרם</UnitOfMeasure>
      <bIsWeighted>0</bIsWeighted>
      <QtyInPackage>1</QtyInPackage>
      <ItemPrice>24.90</ItemPrice>
      <UnitOfMeasurePrice>24.9000</UnitOfMeasurePrice>
      <AllowDiscount>1</AllowDiscount>
      <ItemStatus>1</ItemStatus>
      <ItemId>90965</ItemId>
    </Item>
    <Item>
      <PriceUpdateDate>2024-04-19 08:46:30</PriceUpdateDate>
      <ItemCode>5901576058608</ItemCode>
      <ItemType>1</ItemType>
      <ItemName>פילה פורל מעושן פרוס</ItemName>
      <ManufacturerName>,</ManufacturerName>
      <ManufactureCountry>לא ידוע</ManufactureCountry>
      <ManufacturerItemDescription>פילה פורל מעושן פרוס 100 גר</ManufacturerItemDescription>
      <UnitQty>גרמים</UnitQty>
      <Quantity>100.00</Quantity>
      <UnitOfMeasure>100 גרם</UnitOfMeasure>
      <bIsWeighted>0</bIsWeighted>
      <QtyInPackage>1</QtyInPackage>
      <ItemPrice>24.90</ItemPrice>
      <UnitOfMeasurePrice>24.9000</UnitOfMeasurePrice>
      <AllowDiscount>1</AllowDiscount>
      <ItemStatus>1</ItemStatus>
      <ItemId>90966</ItemId>
    </Item>
    <Item>
      <PriceUpdateDate>2024-04-19 11:41:30</PriceUpdateDate>
      <ItemCode>16781</ItemCode>
      <ItemType>0</ItemType>
      <ItemName>פירושקי אפוי בשר בקר</ItemName>
      <ManufacturerName>,</ManufacturerName>
      <ManufactureCountry>לא ידוע</ManufactureCountry>
      <ManufacturerItemDescription>פירושקי אפוי בשר בקר</ManufacturerItemDescription>
      <UnitQty>Unknown </UnitQty>
      <Quantity>0.00</Quantity>
      <UnitOfMeasure>Unknown </UnitOfMeasure>
      <bIsWeighted>0</bIsWeighted>
      <QtyInPackage>1</QtyInPackage>
      <ItemPrice>5.90</ItemPrice>
      <UnitOfMeasurePrice>0.0000</UnitOfMeasurePrice>
      <AllowDiscount>1</AllowDiscount>
      <ItemStatus>1</ItemStatus>
      <ItemId>90994</ItemId>
    </Item>
    <Item>
      <PriceUpdateDate>2024-04-19 11:41:30</PriceUpdateDate>
      <ItemCode>16783</ItemCode>
      <ItemType>0</ItemType>
      <ItemName>פירושקי אפוי כרוב</ItemName>
      <ManufacturerName>,</ManufacturerName>
      <ManufactureCountry>לא ידוע</ManufactureCountry>
      <ManufacturerItemDescription>פירושקי אפוי כרוב</ManufacturerItemDescription>
      <UnitQty>Unknown </UnitQty>
      <Quantity>0.00</Quantity>
      <UnitOfMeasure>Unknown </UnitOfMeasure>
      <bIsWeighted>0</bIsWeighted>
      <QtyInPackage>1</QtyInPackage>
      <ItemPrice>5.90</ItemPrice>
      <UnitOfMeasurePrice>0.0000</UnitOfMeasurePrice>
      <AllowDiscount>1</AllowDiscount>
      <ItemStatus>1</ItemStatus>
      <ItemId>90996</ItemId>
    </Item>
    <Item>
      <PriceUpdateDate>2024-04-19 11:41:30</PriceUpdateDate>
      <ItemCode>16784</ItemCode>
      <ItemType>0</ItemType>
      <ItemName>פירושקי אפוי תפוע</ItemName>
      <ManufacturerName>,</ManufacturerName>
      <ManufactureCountry>לא ידוע</ManufactureCountry>
      <ManufacturerItemDescription>פירושקי אפוי תפוע</ManufacturerItemDescription>
      <UnitQty>Unknown </UnitQty>
      <Quantity>0.00</Quantity>
      <UnitOfMeasure>Unknown </UnitOfMeasure>
      <bIsWeighted>0</bIsWeighted>
      <QtyInPackage>1</QtyInPackage>
      <ItemPrice>5.90</ItemPrice>
      <UnitOfMeasurePrice>0.0000</UnitOfMeasurePrice>
      <AllowDiscount>1</AllowDiscount>
      <ItemStatus>1</ItemStatus>
      <ItemId>90997</ItemId>
    </Item>
    <Item>
      <PriceUpdateDate>2024-04-19 11:41:30</PriceUpdateDate>
      <ItemCode>16785</ItemCode>
      <ItemType>0</ItemType>
      <ItemName>פירושקי אפוי דובדבן</ItemName>
      <ManufacturerName>,</ManufacturerName>
      <ManufactureCountry>לא ידוע</ManufactureCountry>
      <ManufacturerItemDescription>פירושקי אפוי דובדבן</ManufacturerItemDescription>
      <UnitQty>Unknown </UnitQty>
      <Quantity>0.00</Quantity>
      <UnitOfMeasure>Unknown </UnitOfMeasure>
      <bIsWeighted>0</bIsWeighted>
      <QtyInPackage>1</QtyInPackage>
      <ItemPrice>5.90</ItemPrice>
      <UnitOfMeasurePrice>0.0000</UnitOfMeasurePrice>
      <AllowDiscount>1</AllowDiscount>
      <ItemStatus>1</ItemStatus>
      <ItemId>90998</ItemId>
    </Item>
    <Item>
      <PriceUpdateDate>2024-11-12 12:03:57</PriceUpdateDate>
      <ItemCode>545</ItemCode>
      <ItemType>0</ItemType>
      <ItemName>פסטרמה רומנית פלפל</ItemName>
      <ManufacturerName>מעדני מניה תעשיות בש</ManufacturerName>
      <ManufactureCountry>לא ידוע</ManufactureCountry>
      <ManufacturerItemDescription>פסטרמה רומנית פלפל</ManufacturerItemDescription>
      <UnitQty>קילוגרמים</UnitQty>
      <Quantity>1.00</Quantity>
      <UnitOfMeasure>ק"ג</UnitOfMeasure>
      <bIsWeighted>1</bIsWeighted>
      <QtyInPackage>לא ידוע</QtyInPackage>
      <ItemPrice>149.00</ItemPrice>
      <UnitOfMeasurePrice>149.0000</UnitOfMeasurePrice>
      <AllowDiscount>1</AllowDiscount>
      <ItemStatus>1</ItemStatus>
      <ItemId>92748</ItemId>
    </Item>
    <Item>
      <PriceUpdateDate>2025-04-01 17:47:39</PriceUpdateDate>
      <ItemCode>5011013100156</ItemCode>
      <ItemType>1</ItemType>
      <ItemName>ליקר אייריש קרים ביי</ItemName>
      <ManufacturerName>,</ManufacturerName>
      <ManufactureCountry>לא ידוע</ManufactureCountry>
      <ManufacturerItemDescription>ליקר אייריש קרים בייליס 700 מל</ManufacturerItemDescription>
      <UnitQty>מיליליטרים</UnitQty>
      <Quantity>700.00</Quantity>
      <UnitOfMeasure>100 מ"ל</UnitOfMeasure>
      <bIsWeighted>0</bIsWeighted>
      <QtyInPackage>1</QtyInPackage>
      <ItemPrice>99.90</ItemPrice>
      <UnitOfMeasurePrice>14.2714</UnitOfMeasurePrice>
      <AllowDiscount>1</AllowDiscount>
      <ItemStatus>1</ItemStatus>
      <ItemId>91153</ItemId>
    </Item>
    <Item>
      <PriceUpdateDate>2024-06-28 08:41:00</PriceUpdateDate>
      <ItemCode>4810279007220</ItemCode>
      <ItemType>1</ItemType>
      <ItemName>חטיף בטעם בייקון מעו</ItemName>
      <ManufacturerName>,</ManufacturerName>
      <ManufactureCountry>לא ידוע</ManufactureCountry>
      <ManufacturerItemDescription>חטיף בטעם בייקון מעושן עגבניות 150 גר</ManufacturerItemDescription>
      <UnitQty>גרמים</UnitQty>
      <Quantity>150.00</Quantity>
      <UnitOfMeasure>100 גרם</UnitOfMeasure>
      <bIsWeighted>0</bIsWeighted>
      <QtyInPackage>1</QtyInPackage>
      <ItemPrice>11.90</ItemPrice>
      <UnitOfMeasurePrice>7.9333</UnitOfMeasurePrice>
      <AllowDiscount>1</AllowDiscount>
      <ItemStatus>1</ItemStatus>
      <ItemId>92055</ItemId>
    </Item>
    <Item>
      <PriceUpdateDate>2024-06-28 08:41:00</PriceUpdateDate>
      <ItemCode>4820171040379</ItemCode>
      <ItemType>1</ItemType>
      <ItemName>צנימים מיני טוסטים 1</ItemName>
      <ManufacturerName>,</ManufacturerName>
      <ManufactureCountry>לא ידוע</ManufactureCountry>
      <ManufacturerItemDescription>צנימים מיני טוסטים 140 גר</ManufacturerItemDescription>
      <UnitQty>גרמים</UnitQty>
      <Quantity>140.00</Quantity>
      <UnitOfMeasure>100 גרם</UnitOfMeasure>
      <bIsWeighted>0</bIsWeighted>
      <QtyInPackage>1</QtyInPackage>
      <ItemPrice>7.90</ItemPrice>
      <UnitOfMeasurePrice>5.6429</UnitOfMeasurePrice>
      <AllowDiscount>1</AllowDiscount>
      <ItemStatus>1</ItemStatus>
      <ItemId>92058</ItemId>
    </Item>
    <Item>
      <PriceUpdateDate>2024-07-29 15:15:53</PriceUpdateDate>
      <ItemCode>16791</ItemCode>
      <ItemType>0</ItemType>
      <ItemName>פירה תפוא</ItemName>
      <ManufacturerName>,</ManufacturerName>
      <ManufactureCountry>לא ידוע</ManufactureCountry>
      <ManufacturerItemDescription>פירה תפוא</ManufacturerItemDescription>
      <UnitQty>קילוגרמים</UnitQty>
      <Quantity>1.00</Quantity>
      <UnitOfMeasure>ק"ג</UnitOfMeasure>
      <bIsWeighted>1</bIsWeighted>
      <QtyInPackage>לא ידוע</QtyInPackage>
      <ItemPrice>49.00</ItemPrice>
      <UnitOfMeasurePrice>49.0000</UnitOfMeasurePrice>
      <AllowDiscount>1</AllowDiscount>
      <ItemStatus>1</ItemStatus>
      <ItemId>92833</ItemId>
    </Item>
    <Item>
      <PriceUpdateDate>2025-11-06 09:07:21</PriceUpdateDate>
      <ItemCode>4006814014260</ItemCode>
      <ItemType>1</ItemType>
      <ItemName>שוקולד לוח שנה לשבור</ItemName>
      <ManufacturerName>,</ManufacturerName>
      <ManufactureCountry>לא ידוע</ManufactureCountry>
      <ManufacturerItemDescription>שוקולד לוח שנה לשבור את הקרח 50 גר</ManufacturerItemDescription>
      <UnitQty>גרמים</UnitQty>
      <Quantity>50.00</Quantity>
      <UnitOfMeasure>100 גרם</UnitOfMeasure>
      <bIsWeighted>0</bIsWeighted>
      <QtyInPackage>1</QtyInPackage>
      <ItemPrice>22.90</ItemPrice>
      <UnitOfMeasurePrice>45.8000</UnitOfMeasurePrice>
      <AllowDiscount>1</AllowDiscount>
      <ItemStatus>1</ItemStatus>
      <ItemId>102598</ItemId>
    </Item>
    <Item>
      <PriceUpdateDate>2025-07-15 09:49:48</PriceUpdateDate>
      <ItemCode>4607025282853</ItemCode>
      <ItemType>1</ItemType>
      <ItemName>סובין חיטה 200 גר</ItemName>
      <ManufacturerName>,</ManufacturerName>
      <ManufactureCountry>לא ידוע</ManufactureCountry>
      <ManufacturerItemDescription>סובין חיטה 200 גר</ManufacturerItemDescription>
      <UnitQty>גרמים</UnitQty>
      <Quantity>200.00</Quantity>
      <UnitOfMeasure>100 גרם</UnitOfMeasure>
      <bIsWeighted>0</bIsWeighted>
      <QtyInPackage>1</QtyInPackage>
      <ItemPrice>5.90</ItemPrice>
      <UnitOfMeasurePrice>2.9500</UnitOfMeasurePrice>
      <AllowDiscount>1</AllowDiscount>
      <ItemStatus>1</ItemStatus>
      <ItemId>92110</ItemId>
    </Item>
    <Item>
      <PriceUpdateDate>2024-07-23 17:23:17</PriceUpdateDate>
      <ItemCode>7290119860593</ItemCode>
      <ItemType>1</ItemType>
      <ItemName>אובלטים קימל סטבילו</ItemName>
      <ManufacturerName>,</ManufacturerName>
      <ManufactureCountry>לא ידוע</ManufactureCountry>
      <ManufacturerItemDescription>אובלטים קימל סטבילו 225 גר</ManufacturerItemDescription>
      <UnitQty>גרמים</UnitQty>
      <Quantity>225.00</Quantity>
      <UnitOfMeasure>100 גרם</UnitOfMeasure>
      <bIsWeighted>0</bIsWeighted>
      <QtyInPackage>1</QtyInPackage>
      <ItemPrice>12.90</ItemPrice>
      <UnitOfMeasurePrice>5.7333</UnitOfMeasurePrice>
      <AllowDiscount>1</AllowDiscount>
      <ItemStatus>1</ItemStatus>
      <ItemId>92627</ItemId>
    </Item>
    <Item>
      <PriceUpdateDate>2025-02-09 10:57:48</PriceUpdateDate>
      <ItemCode>7290000007615</ItemCode>
      <ItemType>1</ItemType>
      <ItemName>דג יבש וובלה מקולף א</ItemName>
      <ManufacturerName>קאן אגריטך פרייבט למ</ManufacturerName>
      <ManufactureCountry>לא ידוע</ManufactureCountry>
      <ManufacturerItemDescription>דג יבש וובלה מקולף ארוז</ManufacturerItemDescription>
      <UnitQty>קילוגרמים</UnitQty>
      <Quantity>1.00</Quantity>
      <UnitOfMeasure>ק"ג</UnitOfMeasure>
      <bIsWeighted>1</bIsWeighted>
      <QtyInPackage>לא ידוע</QtyInPackage>
      <ItemPrice>129.00</ItemPrice>
      <UnitOfMeasurePrice>129.0000</UnitOfMeasurePrice>
      <AllowDiscount>1</AllowDiscount>
      <ItemStatus>1</ItemStatus>
      <ItemId>91106</ItemId>
    </Item>
    <Item>
      <PriceUpdateDate>2024-07-23 17:23:17</PriceUpdateDate>
      <ItemCode>7290119860715</ItemCode>
      <ItemType>1</ItemType>
      <ItemName>אובלטים שומשום סטביל</ItemName>
      <ManufacturerName>,</ManufacturerName>
      <ManufactureCountry>לא ידוע</ManufactureCountry>
      <ManufacturerItemDescription>אובלטים שומשום סטבילו 225 גר</ManufacturerItemDescription>
      <UnitQty>גרמים</UnitQty>
      <Quantity>225.00</Quantity>
      <UnitOfMeasure>100 גרם</UnitOfMeasure>
      <bIsWeighted>0</bIsWeighted>
      <QtyInPackage>1</QtyInPackage>
      <ItemPrice>12.90</ItemPrice>
      <UnitOfMeasurePrice>5.7333</UnitOfMeasurePrice>
      <AllowDiscount>1</AllowDiscount>
      <ItemStatus>1</ItemStatus>
      <ItemId>92628</ItemId>
    </Item>
    <Item>
      <PriceUpdateDate>2024-11-03 13:17:05</PriceUpdateDate>
      <ItemCode>971</ItemCode>
      <ItemType>0</ItemType>
      <ItemName>פסטרמה הודו פרפר ברב</ItemName>
      <ManufacturerName>מעדני בשר יהודה</ManufacturerName>
      <ManufactureCountry>לא ידוע</ManufactureCountry>
      <ManufacturerItemDescription>פסטרמה הודו פרפר ברביקיו</ManufacturerItemDescription>
      <UnitQty>קילוגרמים</UnitQty>
      <Quantity>1.00</Quantity>
      <UnitOfMeasure>ק"ג</UnitOfMeasure>
      <bIsWeighted>1</bIsWeighted>
      <QtyInPackage>לא ידוע</QtyInPackage>
      <ItemPrice>99.00</ItemPrice>
      <UnitOfMeasurePrice>99.0000</UnitOfMeasurePrice>
      <AllowDiscount>1</AllowDiscount>
      <ItemStatus>1</ItemStatus>
      <ItemId>92764</ItemId>
    </Item>
    <Item>
      <PriceUpdateDate>2024-05-02 16:18:38</PriceUpdateDate>
      <ItemCode>4850016340326</ItemCode>
      <ItemType>1</ItemType>
      <ItemName>מרק דג חדקן עם כרוב</ItemName>
      <ManufacturerName>או או או אקו פוד</ManufacturerName>
      <ManufactureCountry>לא ידוע</ManufactureCountry>
      <ManufacturerItemDescription>מרק דג חדקן עם כרוב 530 גר</ManufacturerItemDescription>
      <UnitQty>גרמים</UnitQty>
      <Quantity>530.00</Quantity>
      <UnitOfMeasure>100 גרם</UnitOfMeasure>
      <bIsWeighted>0</bIsWeighted>
      <QtyInPackage>1</QtyInPackage>
      <ItemPrice>34.90</ItemPrice>
      <UnitOfMeasurePrice>6.5849</UnitOfMeasurePrice>
      <AllowDiscount>1</AllowDiscount>
      <ItemStatus>1</ItemStatus>
      <ItemId>91130</ItemId>
    </Item>
    <Item>
      <PriceUpdateDate>2024-05-02 16:18:38</PriceUpdateDate>
      <ItemCode>4768232631213</ItemCode>
      <ItemType>1</ItemType>
      <ItemName>תה שחור קאמר 250 גר</ItemName>
      <ManufacturerName>,</ManufacturerName>
      <ManufactureCountry>לא ידוע</ManufactureCountry>
      <ManufacturerItemDescription>תה שחור קאמר 250 גר</ManufacturerItemDescription>
      <UnitQty>גרמים</UnitQty>
      <Quantity>250.00</Quantity>
      <UnitOfMeasure>100 גרם</UnitOfMeasure>
      <bIsWeighted>0</bIsWeighted>
      <QtyInPackage>1</QtyInPackage>
      <ItemPrice>19.90</ItemPrice>
      <UnitOfMeasurePrice>7.9600</UnitOfMeasurePrice>
      <AllowDiscount>1</AllowDiscount>
      <ItemStatus>1</ItemStatus>
      <ItemId>91132</ItemId>
    </Item>
    <Item>
      <PriceUpdateDate>2024-05-02 16:18:38</PriceUpdateDate>
      <ItemCode>4768232631220</ItemCode>
      <ItemType>1</ItemType>
      <ItemName>תה שחור קאמר ארל גרי</ItemName>
      <ManufacturerName>,</ManufacturerName>
      <ManufactureCountry>לא ידוע</ManufactureCountry>
      <ManufacturerItemDescription>תה שחור קאמר ארל גריי 250 גר</ManufacturerItemDescription>
      <UnitQty>גרמים</UnitQty>
      <Quantity>250.00</Quantity>
      <UnitOfMeasure>100 גרם</UnitOfMeasure>
      <bIsWeighted>0</bIsWeighted>
      <QtyInPackage>1</QtyInPackage>
      <ItemPrice>24.90</ItemPrice>
      <UnitOfMeasurePrice>9.9600</UnitOfMeasurePrice>
      <AllowDiscount>1</AllowDiscount>
      <ItemStatus>1</ItemStatus>
      <ItemId>91133</ItemId>
    </Item>
    <Item>
      <PriceUpdateDate>2024-05-02 16:18:38</PriceUpdateDate>
      <ItemCode>4850016341286</ItemCode>
      <ItemType>1</ItemType>
      <ItemName>מרק גולש מדג פורל סו</ItemName>
      <ManufacturerName>או או או אקו פוד</ManufacturerName>
      <ManufactureCountry>לא ידוע</ManufactureCountry>
      <ManufacturerItemDescription>מרק גולש מדג פורל סולנקה עם פטריות 530 מ</ManufacturerItemDescription>
      <UnitQty>גרמים</UnitQty>
      <Quantity>530.00</Quantity>
      <UnitOfMeasure>100 גרם</UnitOfMeasure>
      <bIsWeighted>0</bIsWeighted>
      <QtyInPackage>1</QtyInPackage>
      <ItemPrice>24.90</ItemPrice>
      <UnitOfMeasurePrice>4.6981</UnitOfMeasurePrice>
      <AllowDiscount>1</AllowDiscount>
      <ItemStatus>1</ItemStatus>
      <ItemId>91137</ItemId>
    </Item>
    <Item>
      <PriceUpdateDate>2024-05-02 16:18:38</PriceUpdateDate>
      <ItemCode>8855301219802</ItemCode>
      <ItemType>1</ItemType>
      <ItemName>שימורי דג סרדינים בש</ItemName>
      <ManufacturerName>או או או אקו פוד</ManufacturerName>
      <ManufactureCountry>לא ידוע</ManufactureCountry>
      <ManufacturerItemDescription>שימורי דג סרדינים בשמן צמחי 125 גר</ManufacturerItemDescription>
      <UnitQty>גרמים</UnitQty>
      <Quantity>125.00</Quantity>
      <UnitOfMeasure>100 גרם</UnitOfMeasure>
      <bIsWeighted>0</bIsWeighted>
      <QtyInPackage>1</QtyInPackage>
      <ItemPrice>5.90</ItemPrice>
      <UnitOfMeasurePrice>4.7200</UnitOfMeasurePrice>
      <AllowDiscount>1</AllowDiscount>
      <ItemStatus>1</ItemStatus>
      <ItemId>91138</ItemId>
    </Item>
    <Item>
      <PriceUpdateDate>2024-07-23 17:23:52</PriceUpdateDate>
      <ItemCode>7290119860203</ItemCode>
      <ItemType>1</ItemType>
      <ItemName>שוקולד מריר 85% 100</ItemName>
      <ManufacturerName>,</ManufacturerName>
      <ManufactureCountry>לא ידוע</ManufactureCountry>
      <ManufacturerItemDescription>שוקולד מריר 85% 100 גר</ManufacturerItemDescription>
      <UnitQty>גרמים</UnitQty>
      <Quantity>100.00</Quantity>
      <UnitOfMeasure>100 גרם</UnitOfMeasure>
      <bIsWeighted>0</bIsWeighted>
      <QtyInPackage>1</QtyInPackage>
      <ItemPrice>11.90</ItemPrice>
      <UnitOfMeasurePrice>11.9000</UnitOfMeasurePrice>
      <AllowDiscount>1</AllowDiscount>
      <ItemStatus>1</ItemStatus>
      <ItemId>92641</ItemId>
    </Item>
    <Item>
      <PriceUpdateDate>2024-11-03 13:17:05</PriceUpdateDate>
      <ItemCode>975</ItemCode>
      <ItemType>0</ItemType>
      <ItemName>פסטרמה הודו מעושנת</ItemName>
      <ManufacturerName>מעדני בשר יהודה</ManufacturerName>
      <ManufactureCountry>לא ידוע</ManufactureCountry>
      <ManufacturerItemDescription>פסטרמה הודו מעושנת</ManufacturerItemDescription>
      <UnitQty>קילוגרמים</UnitQty>
      <Quantity>1.00</Quantity>
      <UnitOfMeasure>ק"ג</UnitOfMeasure>
      <bIsWeighted>1</bIsWeighted>
      <QtyInPackage>לא ידוע</QtyInPackage>
      <ItemPrice>89.00</ItemPrice>
      <UnitOfMeasurePrice>89.0000</UnitOfMeasurePrice>
      <AllowDiscount>1</AllowDiscount>
      <ItemStatus>1</ItemStatus>
      <ItemId>92768</ItemId>
    </Item>
    <Item>
      <PriceUpdateDate>2024-07-23 17:23:52</PriceUpdateDate>
      <ItemCode>7290119860210</ItemCode>
      <ItemType>1</ItemType>
      <ItemName>שוקולד מריר 70% 100</ItemName>
      <ManufacturerName>,</ManufacturerName>
      <ManufactureCountry>לא ידוע</ManufactureCountry>
      <ManufacturerItemDescription>שוקולד מריר 70% 100 גר</ManufacturerItemDescription>
      <UnitQty>גרמים</UnitQty>
      <Quantity>100.00</Quantity>
      <UnitOfMeasure>100 גרם</UnitOfMeasure>
      <bIsWeighted>0</bIsWeighted>
      <QtyInPackage>1</QtyInPackage>
      <ItemPrice>11.90</ItemPrice>
      <UnitOfMeasurePrice>11.9000</UnitOfMeasurePrice>
      <AllowDiscount>1</AllowDiscount>
      <ItemStatus>1</ItemStatus>
      <ItemId>92642</ItemId>
    </Item>
    <Item>
      <PriceUpdateDate>2024-07-23 17:23:52</PriceUpdateDate>
      <ItemCode>7290119860227</ItemCode>
      <ItemType>1</ItemType>
      <ItemName>שוקולד חלב קרמל ומלח</ItemName>
      <ManufacturerName>,</ManufacturerName>
      <ManufactureCountry>לא ידוע</ManufactureCountry>
      <ManufacturerItemDescription>שוקולד חלב קרמל ומלח ים 100 גר</ManufacturerItemDescription>
      <UnitQty>גרמים</UnitQty>
      <Quantity>100.00</Quantity>
      <UnitOfMeasure>100 גרם</UnitOfMeasure>
      <bIsWeighted>0</bIsWeighted>
      <QtyInPackage>1</QtyInPackage>
      <ItemPrice>11.90</ItemPrice>
      <UnitOfMeasurePrice>11.9000</UnitOfMeasurePrice>
      <AllowDiscount>1</AllowDiscount>
      <ItemStatus>1</ItemStatus>
      <ItemId>92643</ItemId>
    </Item>
    <Item>
      <PriceUpdateDate>2024-07-23 17:23:52</PriceUpdateDate>
      <ItemCode>7290119860234</ItemCode>
      <ItemType>1</ItemType>
      <ItemName>שוקולד מריר מנטה 100</ItemName>
      <ManufacturerName>,</ManufacturerName>
      <ManufactureCountry>לא ידוע</ManufactureCountry>
      <ManufacturerItemDescription>שוקולד מריר מנטה 100 גר</ManufacturerItemDescription>
      <UnitQty>גרמים</UnitQty>
      <Quantity>100.00</Quantity>
      <UnitOfMeasure>100 גרם</UnitOfMeasure>
      <bIsWeighted>0</bIsWeighted>
      <QtyInPackage>1</QtyInPackage>
      <ItemPrice>11.90</ItemPrice>
      <UnitOfMeasurePrice>11.9000</UnitOfMeasurePrice>
      <AllowDiscount>1</AllowDiscount>
      <ItemStatus>1</ItemStatus>
      <ItemId>92644</ItemId>
    </Item>
    <Item>
      <PriceUpdateDate>2024-07-23 17:23:52</PriceUpdateDate>
      <ItemCode>7290119860241</ItemCode>
      <ItemType>1</ItemType>
      <ItemName>שוקולד מריר 70% קקאו</ItemName>
      <ManufacturerName>,</ManufacturerName>
      <ManufactureCountry>לא ידוע</ManufactureCountry>
      <ManufacturerItemDescription>שוקולד מריר 70% קקאו מלח ים 100 גר</ManufacturerItemDescription>
      <UnitQty>גרמים</UnitQty>
      <Quantity>100.00</Quantity>
      <UnitOfMeasure>100 גרם</UnitOfMeasure>
      <bIsWeighted>0</bIsWeighted>
      <QtyInPackage>1</QtyInPackage>
      <ItemPrice>11.90</ItemPrice>
      <UnitOfMeasurePrice>11.9000</UnitOfMeasurePrice>
      <AllowDiscount>1</AllowDiscount>
      <ItemStatus>1</ItemStatus>
      <ItemId>92645</ItemId>
    </Item>
    <Item>
      <PriceUpdateDate>2024-07-23 17:23:52</PriceUpdateDate>
      <ItemCode>4037719065019</ItemCode>
      <ItemType>1</ItemType>
      <ItemName>סוכריות בטעם פירות ל</ItemName>
      <ManufacturerName>,</ManufacturerName>
      <ManufactureCountry>לא ידוע</ManufactureCountry>
      <ManufacturerItemDescription>סוכריות בטעם פירות ללא סוכר 45 גר</ManufacturerItemDescription>
      <UnitQty>גרמים</UnitQty>
      <Quantity>45.00</Quantity>
      <UnitOfMeasure>100 גרם</UnitOfMeasure>
      <bIsWeighted>0</bIsWeighted>
      <QtyInPackage>1</QtyInPackage>
      <ItemPrice>9.90</ItemPrice>
      <UnitOfMeasurePrice>22.0000</UnitOfMeasurePrice>
      <AllowDiscount>1</AllowDiscount>
      <ItemStatus>1</ItemStatus>
      <ItemId>92646</ItemId>
    </Item>
    <Item>
      <PriceUpdateDate>2025-11-02 11:30:18</PriceUpdateDate>
      <ItemCode>7610700612293</ItemCode>
      <ItemType>1</ItemType>
      <ItemName>סוכריות ריקולה צמחים</ItemName>
      <ManufacturerName>,</ManufacturerName>
      <ManufactureCountry>לא ידוע</ManufactureCountry>
      <ManufacturerItemDescription>סוכריות ריקולה צמחים לקריץ 50 גר</ManufacturerItemDescription>
      <UnitQty>גרמים</UnitQty>
      <Quantity>50.00</Quantity>
      <UnitOfMeasure>100 גרם</UnitOfMeasure>
      <bIsWeighted>0</bIsWeighted>
      <QtyInPackage>1</QtyInPackage>
      <ItemPrice>13.90</ItemPrice>
      <UnitOfMeasurePrice>27.8000</UnitOfMeasurePrice>
      <AllowDiscount>1</AllowDiscount>
      <ItemStatus>1</ItemStatus>
      <ItemId>92648</ItemId>
    </Item>
    <Item>
      <PriceUpdateDate>2025-11-02 11:30:18</PriceUpdateDate>
      <ItemCode>7610700010709</ItemCode>
      <ItemType>1</ItemType>
      <ItemName>סוכריות צמחים ללא סו</ItemName>
      <ManufacturerName>,</ManufacturerName>
      <ManufactureCountry>לא ידוע</ManufactureCountry>
      <ManufacturerItemDescription>סוכריות צמחים ללא סוכר לימון מנטה 50 גר</ManufacturerItemDescription>
      <UnitQty>גרמים</UnitQty>
      <Quantity>50.00</Quantity>
      <UnitOfMeasure>100 גרם</UnitOfMeasure>
      <bIsWeighted>0</bIsWeighted>
      <QtyInPackage>1</QtyInPackage>
      <ItemPrice>13.90</ItemPrice>
      <UnitOfMeasurePrice>27.8000</UnitOfMeasurePrice>
      <AllowDiscount>1</AllowDiscount>
      <ItemStatus>1</ItemStatus>
      <ItemId>92649</ItemId>
    </Item>
    <Item>
      <PriceUpdateDate>2025-11-02 11:30:18</PriceUpdateDate>
      <ItemCode>4037719068522</ItemCode>
      <ItemType>1</ItemType>
      <ItemName>סוכריות במילוי דובדב</ItemName>
      <ManufacturerName>,</ManufacturerName>
      <ManufactureCountry>לא ידוע</ManufactureCountry>
      <ManufacturerItemDescription>סוכריות במילוי דובדבן ליים 175 גר</ManufacturerItemDescription>
      <UnitQty>גרמים</UnitQty>
      <Quantity>175.00</Quantity>
      <UnitOfMeasure>100 גרם</UnitOfMeasure>
      <bIsWeighted>0</bIsWeighted>
      <QtyInPackage>1</QtyInPackage>
      <ItemPrice>11.90</ItemPrice>
      <UnitOfMeasurePrice>6.8000</UnitOfMeasurePrice>
      <AllowDiscount>1</AllowDiscount>
      <ItemStatus>1</ItemStatus>
      <ItemId>92650</ItemId>
    </Item>
    <Item>
      <PriceUpdateDate>2024-07-23 17:23:52</PriceUpdateDate>
      <ItemCode>4037719068515</ItemCode>
      <ItemType>1</ItemType>
      <ItemName>סוכריות במילוי אוכמנ</ItemName>
      <ManufacturerName>,</ManufacturerName>
      <ManufactureCountry>לא ידוע</ManufactureCountry>
      <ManufacturerItemDescription>סוכריות במילוי אוכמניות תפוח 175 גר</ManufacturerItemDescription>
      <UnitQty>גרמים</UnitQty>
      <Quantity>175.00</Quantity>
      <UnitOfMeasure>100 גרם</UnitOfMeasure>
      <bIsWeighted>0</bIsWeighted>
      <QtyInPackage>1</QtyInPackage>
      <ItemPrice>9.90</ItemPrice>
      <UnitOfMeasurePrice>5.6571</UnitOfMeasurePrice>
      <AllowDiscount>1</AllowDiscount>
      <ItemStatus>1</ItemStatus>
      <ItemId>92651</ItemId>
    </Item>
    <Item>
      <PriceUpdateDate>2025-01-01 09:13:46</PriceUpdateDate>
      <ItemCode>7290012078101</ItemCode>
      <ItemType>1</ItemType>
      <ItemName>עוגיות צנים פקאן וצי</ItemName>
      <ManufacturerName>,</ManufacturerName>
      <ManufactureCountry>לא ידוע</ManufactureCountry>
      <ManufacturerItemDescription>עוגיות צנים פקאן וצימוקים 250 גר</ManufacturerItemDescription>
      <UnitQty>גרמים</UnitQty>
      <Quantity>250.00</Quantity>
      <UnitOfMeasure>100 גרם</UnitOfMeasure>
      <bIsWeighted>0</bIsWeighted>
      <QtyInPackage>1</QtyInPackage>
      <ItemPrice>45.00</ItemPrice>
      <UnitOfMeasurePrice>18.0000</UnitOfMeasurePrice>
      <AllowDiscount>1</AllowDiscount>
      <ItemStatus>1</ItemStatus>
      <ItemId>91190</ItemId>
    </Item>
    <Item>
      <PriceUpdateDate>2024-05-07 14:13:06</PriceUpdateDate>
      <ItemCode>7290012167393</ItemCode>
      <ItemType>1</ItemType>
      <ItemName>עוגיות רולדה שזיף וא</ItemName>
      <ManufacturerName>,</ManufacturerName>
      <ManufactureCountry>לא ידוע</ManufactureCountry>
      <ManufacturerItemDescription>עוגיות רולדה שזיף ואגוזים 250 גר</ManufacturerItemDescription>
      <UnitQty>גרמים</UnitQty>
      <Quantity>250.00</Quantity>
      <UnitOfMeasure>100 גרם</UnitOfMeasure>
      <bIsWeighted>0</bIsWeighted>
      <QtyInPackage>1</QtyInPackage>
      <ItemPrice>42.00</ItemPrice>
      <UnitOfMeasurePrice>16.8000</UnitOfMeasurePrice>
      <AllowDiscount>1</AllowDiscount>
      <ItemStatus>1</ItemStatus>
      <ItemId>91191</ItemId>
    </Item>
    <Item>
      <PriceUpdateDate>2024-11-22 08:34:18</PriceUpdateDate>
      <ItemCode>7290015839594</ItemCode>
      <ItemType>1</ItemType>
      <ItemName>עוגת קראנץ תפוחים 50</ItemName>
      <ManufacturerName>,</ManufacturerName>
      <ManufactureCountry>לא ידוע</ManufactureCountry>
      <ManufacturerItemDescription>עוגת קראנץ תפוחים 500 גר</ManufacturerItemDescription>
      <UnitQty>גרמים</UnitQty>
      <Quantity>500.00</Quantity>
      <UnitOfMeasure>100 גרם</UnitOfMeasure>
      <bIsWeighted>0</bIsWeighted>
      <QtyInPackage>1</QtyInPackage>
      <ItemPrice>34.90</ItemPrice>
      <UnitOfMeasurePrice>6.9800</UnitOfMeasurePrice>
      <AllowDiscount>1</AllowDiscount>
      <ItemStatus>1</ItemStatus>
      <ItemId>92192</ItemId>
    </Item>
    <Item>
      <PriceUpdateDate>2025-01-13 08:35:09</PriceUpdateDate>
      <ItemCode>7290102304905</ItemCode>
      <ItemType>1</ItemType>
      <ItemName>סרדין רוברט בשמן חמנ</ItemName>
      <ManufacturerName>קונסוורס</ManufacturerName>
      <ManufactureCountry>לא ידוע</ManufactureCountry>
      <ManufacturerItemDescription>סרדין רוברט בשמן חמניות עם לימון 125 גר</ManufacturerItemDescription>
      <UnitQty>גרמים</UnitQty>
      <Quantity>125.00</Quantity>
      <UnitOfMeasure>100 גרם</UnitOfMeasure>
      <bIsWeighted>0</bIsWeighted>
      <QtyInPackage>1</QtyInPackage>
      <ItemPrice>8.90</ItemPrice>
      <UnitOfMeasurePrice>7.1200</UnitOfMeasurePrice>
      <AllowDiscount>1</AllowDiscount>
      <ItemStatus>1</ItemStatus>
      <ItemId>91212</ItemId>
    </Item>
    <Item>
      <PriceUpdateDate>2024-11-22 08:34:18</PriceUpdateDate>
      <ItemCode>7290015839587</ItemCode>
      <ItemType>1</ItemType>
      <ItemName>עוגת קראנץ אגוזים 50</ItemName>
      <ManufacturerName>,</ManufacturerName>
      <ManufactureCountry>לא ידוע</ManufactureCountry>
      <ManufacturerItemDescription>עוגת קראנץ אגוזים 500 גר</ManufacturerItemDescription>
      <UnitQty>גרמים</UnitQty>
      <Quantity>500.00</Quantity>
      <UnitOfMeasure>100 גרם</UnitOfMeasure>
      <bIsWeighted>0</bIsWeighted>
      <QtyInPackage>1</QtyInPackage>
      <ItemPrice>34.90</ItemPrice>
      <UnitOfMeasurePrice>6.9800</UnitOfMeasurePrice>
      <AllowDiscount>1</AllowDiscount>
      <ItemStatus>1</ItemStatus>
      <ItemId>92194</ItemId>
    </Item>
    <Item>
      <PriceUpdateDate>2024-11-22 08:34:18</PriceUpdateDate>
      <ItemCode>7290015839549</ItemCode>
      <ItemType>1</ItemType>
      <ItemName>עוגת קראנץ קינמון 50</ItemName>
      <ManufacturerName>,</ManufacturerName>
      <ManufactureCountry>לא ידוע</ManufactureCountry>
      <ManufacturerItemDescription>עוגת קראנץ קינמון 500 גר</ManufacturerItemDescription>
      <UnitQty>גרמים</UnitQty>
      <Quantity>500.00</Quantity>
      <UnitOfMeasure>100 גרם</UnitOfMeasure>
      <bIsWeighted>0</bIsWeighted>
      <QtyInPackage>1</QtyInPackage>
      <ItemPrice>34.90</ItemPrice>
      <UnitOfMeasurePrice>6.9800</UnitOfMeasurePrice>
      <AllowDiscount>1</AllowDiscount>
      <ItemStatus>1</ItemStatus>
      <ItemId>92195</ItemId>
    </Item>
    <Item>
      <PriceUpdateDate>2025-04-11 08:12:08</PriceUpdateDate>
      <ItemCode>5010296003062</ItemCode>
      <ItemType>1</ItemType>
      <ItemName>כעגין גרינאלס לונדו</ItemName>
      <ManufacturerName>,</ManufacturerName>
      <ManufactureCountry>לא ידוע</ManufactureCountry>
      <ManufacturerItemDescription>גין גרינאלס לונדון דריי 700 מל</ManufacturerItemDescription>
      <UnitQty>מיליליטרים</UnitQty>
      <Quantity>700.00</Quantity>
      <UnitOfMeasure>100 מ"ל</UnitOfMeasure>
      <bIsWeighted>0</bIsWeighted>
      <QtyInPackage>1</QtyInPackage>
      <ItemPrice>89.90</ItemPrice>
      <UnitOfMeasurePrice>12.8429</UnitOfMeasurePrice>
      <AllowDiscount>1</AllowDiscount>
      <ItemStatus>1</ItemStatus>
      <ItemId>92781</ItemId>
    </Item>
    <Item>
      <PriceUpdateDate>2024-05-12 09:20:05</PriceUpdateDate>
      <ItemCode>277</ItemCode>
      <ItemType>0</ItemType>
      <ItemName>פסטרמה לבנה רומנית</ItemName>
      <ManufacturerName>ישרקו שיווק מותגי מז</ManufacturerName>
      <ManufactureCountry>לא ידוע</ManufactureCountry>
      <ManufacturerItemDescription>פסטרמה לבנה רומנית</ManufacturerItemDescription>
      <UnitQty>קילוגרמים</UnitQty>
      <Quantity>1.00</Quantity>
      <UnitOfMeasure>ק"ג</UnitOfMeasure>
      <bIsWeighted>1</bIsWeighted>
      <QtyInPackage>לא ידוע</QtyInPackage>
      <ItemPrice>139.00</ItemPrice>
      <UnitOfMeasurePrice>139.0000</UnitOfMeasurePrice>
      <AllowDiscount>1</AllowDiscount>
      <ItemStatus>1</ItemStatus>
      <ItemId>91262</ItemId>
    </Item>
    <Item>
      <PriceUpdateDate>2024-11-03 14:19:33</PriceUpdateDate>
      <ItemCode>951</ItemCode>
      <ItemType>0</ItemType>
      <ItemName>סלמי פיקולו</ItemName>
      <ManufacturerName>,</ManufacturerName>
      <ManufactureCountry>לא ידוע</ManufactureCountry>
      <ManufacturerItemDescription>סלמי פיקולו</ManufacturerItemDescription>
      <UnitQty>קילוגרמים</UnitQty>
      <Quantity>1.00</Quantity>
      <UnitOfMeasure>ק"ג</UnitOfMeasure>
      <bIsWeighted>1</bIsWeighted>
      <QtyInPackage>לא ידוע</QtyInPackage>
      <ItemPrice>199.00</ItemPrice>
      <UnitOfMeasurePrice>199.0000</UnitOfMeasurePrice>
      <AllowDiscount>1</AllowDiscount>
      <ItemStatus>1</ItemStatus>
      <ItemId>91263</ItemId>
    </Item>
    <Item>
      <PriceUpdateDate>2024-05-12 09:20:05</PriceUpdateDate>
      <ItemCode>7290004051792</ItemCode>
      <ItemType>1</ItemType>
      <ItemName>נקניקיות קוקטייל 900</ItemName>
      <ManufacturerName>ישרקו שיווק מותגי מז</ManufacturerName>
      <ManufactureCountry>לא ידוע</ManufactureCountry>
      <ManufacturerItemDescription>נקניקיות קוקטייל 900</ManufacturerItemDescription>
      <UnitQty>גרמים</UnitQty>
      <Quantity>900.00</Quantity>
      <UnitOfMeasure>100 גרם</UnitOfMeasure>
      <bIsWeighted>0</bIsWeighted>
      <QtyInPackage>1</QtyInPackage>
      <ItemPrice>69.90</ItemPrice>
      <UnitOfMeasurePrice>7.7667</UnitOfMeasurePrice>
      <AllowDiscount>1</AllowDiscount>
      <ItemStatus>1</ItemStatus>
      <ItemId>91266</ItemId>
    </Item>
    <Item>
      <PriceUpdateDate>2024-05-12 09:20:05</PriceUpdateDate>
      <ItemCode>7290004055745</ItemCode>
      <ItemType>1</ItemType>
      <ItemName>נקניקיות סליבוצניה ב</ItemName>
      <ManufacturerName>,</ManufacturerName>
      <ManufactureCountry>לא ידוע</ManufactureCountry>
      <ManufacturerItemDescription>נקניקיות סליבוצניה בואקום 600 גר</ManufacturerItemDescription>
      <UnitQty>גרמים</UnitQty>
      <Quantity>600.00</Quantity>
      <UnitOfMeasure>100 גרם</UnitOfMeasure>
      <bIsWeighted>0</bIsWeighted>
      <QtyInPackage>1</QtyInPackage>
      <ItemPrice>44.90</ItemPrice>
      <UnitOfMeasurePrice>7.4833</UnitOfMeasurePrice>
      <AllowDiscount>1</AllowDiscount>
      <ItemStatus>1</ItemStatus>
      <ItemId>91267</ItemId>
    </Item>
    <Item>
      <PriceUpdateDate>2024-07-05 08:52:26</PriceUpdateDate>
      <ItemCode>7290018724309</ItemCode>
      <ItemType>1</ItemType>
      <ItemName>פניפורי 200 גר</ItemName>
      <ManufacturerName>,</ManufacturerName>
      <ManufactureCountry>לא ידוע</ManufactureCountry>
      <ManufacturerItemDescription>פניפורי 200 גר</ManufacturerItemDescription>
      <UnitQty>גרמים</UnitQty>
      <Quantity>200.00</Quantity>
      <UnitOfMeasure>100 גרם</UnitOfMeasure>
      <bIsWeighted>0</bIsWeighted>
      <QtyInPackage>1</QtyInPackage>
      <ItemPrice>24.90</ItemPrice>
      <UnitOfMeasurePrice>12.4500</UnitOfMeasurePrice>
      <AllowDiscount>1</AllowDiscount>
      <ItemStatus>1</ItemStatus>
      <ItemId>92225</ItemId>
    </Item>
    <Item>
      <PriceUpdateDate>2024-11-03 14:19:36</PriceUpdateDate>
      <ItemCode>7290101952176</ItemCode>
      <ItemType>1</ItemType>
      <ItemName>מארז קבנוס ציידים 20</ItemName>
      <ManufacturerName>,</ManufacturerName>
      <ManufactureCountry>לא ידוע</ManufactureCountry>
      <ManufacturerItemDescription>מארז קבנוס ציידים 200 גר</ManufacturerItemDescription>
      <UnitQty>גרמים</UnitQty>
      <Quantity>200.00</Quantity>
      <UnitOfMeasure>100 גרם</UnitOfMeasure>
      <bIsWeighted>0</bIsWeighted>
      <QtyInPackage>1</QtyInPackage>
      <ItemPrice>32.90</ItemPrice>
      <UnitOfMeasurePrice>16.4500</UnitOfMeasurePrice>
      <AllowDiscount>1</AllowDiscount>
      <ItemStatus>1</ItemStatus>
      <ItemId>91270</ItemId>
    </Item>
    <Item>
      <PriceUpdateDate>2024-05-15 08:53:56</PriceUpdateDate>
      <ItemCode>8413700150289</ItemCode>
      <ItemType>1</ItemType>
      <ItemName>תערובת תיבול פיקנטית</ItemName>
      <ManufacturerName>,</ManufacturerName>
      <ManufactureCountry>לא ידוע</ManufactureCountry>
      <ManufacturerItemDescription>תערובת תיבול פיקנטית חריפה במטחנה 72 גר</ManufacturerItemDescription>
      <UnitQty>גרמים</UnitQty>
      <Quantity>72.00</Quantity>
      <UnitOfMeasure>100 גרם</UnitOfMeasure>
      <bIsWeighted>0</bIsWeighted>
      <QtyInPackage>1</QtyInPackage>
      <ItemPrice>19.90</ItemPrice>
      <UnitOfMeasurePrice>27.6389</UnitOfMeasurePrice>
      <AllowDiscount>1</AllowDiscount>
      <ItemStatus>1</ItemStatus>
      <ItemId>91333</ItemId>
    </Item>
    <Item>
      <PriceUpdateDate>2025-01-20 13:44:19</PriceUpdateDate>
      <ItemCode>3800500741383</ItemCode>
      <ItemType>1</ItemType>
      <ItemName>דובדבני אמרנה בסירופ</ItemName>
      <ManufacturerName>,</ManufacturerName>
      <ManufactureCountry>לא ידוע</ManufactureCountry>
      <ManufacturerItemDescription>דובדבני אמרנה בסירופ 400 גר</ManufacturerItemDescription>
      <UnitQty>גרמים</UnitQty>
      <Quantity>400.00</Quantity>
      <UnitOfMeasure>100 גרם</UnitOfMeasure>
      <bIsWeighted>0</bIsWeighted>
      <QtyInPackage>1</QtyInPackage>
      <ItemPrice>37.90</ItemPrice>
      <UnitOfMeasurePrice>9.4750</UnitOfMeasurePrice>
      <AllowDiscount>1</AllowDiscount>
      <ItemStatus>1</ItemStatus>
      <ItemId>91334</ItemId>
    </Item>
    <Item>
      <PriceUpdateDate>2025-04-02 13:22:12</PriceUpdateDate>
      <ItemCode>4630001590895</ItemCode>
      <ItemType>1</ItemType>
      <ItemName>משקה גזוז אסקניה בטע</ItemName>
      <ManufacturerName>,</ManufacturerName>
      <ManufactureCountry>לא ידוע</ManufactureCountry>
      <ManufacturerItemDescription>משקה גזוז אסקניה בטעם נענע ליים 1 ל</ManufacturerItemDescription>
      <UnitQty>ליטרים</UnitQty>
      <Quantity>1.00</Quantity>
      <UnitOfMeasure>ליטר    </UnitOfMeasure>
      <bIsWeighted>0</bIsWeighted>
      <QtyInPackage>1</QtyInPackage>
      <ItemPrice>11.90</ItemPrice>
      <UnitOfMeasurePrice>11.9000</UnitOfMeasurePrice>
      <AllowDiscount>1</AllowDiscount>
      <ItemStatus>1</ItemStatus>
      <ItemId>91350</ItemId>
    </Item>
    <Item>
      <PriceUpdateDate>2025-04-02 13:22:12</PriceUpdateDate>
      <ItemCode>4630001592035</ItemCode>
      <ItemType>1</ItemType>
      <ItemName>משקה גזוז אסקניה בטע</ItemName>
      <ManufacturerName>,</ManufacturerName>
      <ManufactureCountry>לא ידוע</ManufactureCountry>
      <ManufacturerItemDescription>משקה גזוז אסקניה בטעם דובדבן 1 ל</ManufacturerItemDescription>
      <UnitQty>ליטרים</UnitQty>
      <Quantity>1.00</Quantity>
      <UnitOfMeasure>ליטר    </UnitOfMeasure>
      <bIsWeighted>0</bIsWeighted>
      <QtyInPackage>1</QtyInPackage>
      <ItemPrice>11.90</ItemPrice>
      <UnitOfMeasurePrice>11.9000</UnitOfMeasurePrice>
      <AllowDiscount>1</AllowDiscount>
      <ItemStatus>1</ItemStatus>
      <ItemId>91355</ItemId>
    </Item>
    <Item>
      <PriceUpdateDate>2024-08-22 08:35:13</PriceUpdateDate>
      <ItemCode>5000159566742</ItemCode>
      <ItemType>1</ItemType>
      <ItemName>חטיפי שוקולד סלברייש</ItemName>
      <ManufacturerName>,</ManufacturerName>
      <ManufactureCountry>לא ידוע</ManufactureCountry>
      <ManufacturerItemDescription>חטיפי שוקולד סלבריישן בק 296 גר</ManufacturerItemDescription>
      <UnitQty>גרמים</UnitQty>
      <Quantity>296.00</Quantity>
      <UnitOfMeasure>100 גרם</UnitOfMeasure>
      <bIsWeighted>0</bIsWeighted>
      <QtyInPackage>1</QtyInPackage>
      <ItemPrice>36.90</ItemPrice>
      <UnitOfMeasurePrice>12.4662</UnitOfMeasurePrice>
      <AllowDiscount>1</AllowDiscount>
      <ItemStatus>1</ItemStatus>
      <ItemId>93443</ItemId>
    </Item>
    <Item>
      <PriceUpdateDate>2024-05-17 08:45:43</PriceUpdateDate>
      <ItemCode>4792252948389</ItemCode>
      <ItemType>1</ItemType>
      <ItemName>תה שחור רויאל ציילון</ItemName>
      <ManufacturerName>,</ManufacturerName>
      <ManufactureCountry>לא ידוע</ManufactureCountry>
      <ManufacturerItemDescription>תה שחור רויאל ציילון 25 שק</ManufacturerItemDescription>
      <UnitQty>גרמים</UnitQty>
      <Quantity>45.00</Quantity>
      <UnitOfMeasure>100 גרם</UnitOfMeasure>
      <bIsWeighted>0</bIsWeighted>
      <QtyInPackage>1</QtyInPackage>
      <ItemPrice>11.90</ItemPrice>
      <UnitOfMeasurePrice>26.4444</UnitOfMeasurePrice>
      <AllowDiscount>1</AllowDiscount>
      <ItemStatus>1</ItemStatus>
      <ItemId>91393</ItemId>
    </Item>
    <Item>
      <PriceUpdateDate>2024-05-17 08:45:43</PriceUpdateDate>
      <ItemCode>4792252948952</ItemCode>
      <ItemType>1</ItemType>
      <ItemName>חליטת היביסקוס ורד ב</ItemName>
      <ManufacturerName>,</ManufacturerName>
      <ManufactureCountry>לא ידוע</ManufactureCountry>
      <ManufacturerItemDescription>חליטת היביסקוס ורד בר ופטל 25 שק</ManufacturerItemDescription>
      <UnitQty>גרמים</UnitQty>
      <Quantity>50.00</Quantity>
      <UnitOfMeasure>100 גרם</UnitOfMeasure>
      <bIsWeighted>0</bIsWeighted>
      <QtyInPackage>1</QtyInPackage>
      <ItemPrice>11.90</ItemPrice>
      <UnitOfMeasurePrice>23.8000</UnitOfMeasurePrice>
      <AllowDiscount>1</AllowDiscount>
      <ItemStatus>1</ItemStatus>
      <ItemId>91400</ItemId>
    </Item>
    <Item>
      <PriceUpdateDate>2024-05-17 10:29:35</PriceUpdateDate>
      <ItemCode>4607029054180</ItemCode>
      <ItemType>1</ItemType>
      <ItemName>פלפל ירוק פרוס כבוש</ItemName>
      <ManufacturerName>,</ManufacturerName>
      <ManufactureCountry>לא ידוע</ManufactureCountry>
      <ManufacturerItemDescription>פלפל ירוק פרוס כבוש חריף 250 גר</ManufacturerItemDescription>
      <UnitQty>גרמים</UnitQty>
      <Quantity>250.00</Quantity>
      <UnitOfMeasure>100 גרם</UnitOfMeasure>
      <bIsWeighted>0</bIsWeighted>
      <QtyInPackage>1</QtyInPackage>
      <ItemPrice>13.90</ItemPrice>
      <UnitOfMeasurePrice>5.5600</UnitOfMeasurePrice>
      <AllowDiscount>1</AllowDiscount>
      <ItemStatus>1</ItemStatus>
      <ItemId>91412</ItemId>
    </Item>
    <Item>
      <PriceUpdateDate>2025-01-12 19:09:32</PriceUpdateDate>
      <ItemCode>8901483010505</ItemCode>
      <ItemType>1</ItemType>
      <ItemName>קורנישון בחומץ 690 ג</ItemName>
      <ManufacturerName>UNICORN</ManufacturerName>
      <ManufactureCountry>לא ידוע</ManufactureCountry>
      <ManufacturerItemDescription>קורנישון בחומץ 690 גר</ManufacturerItemDescription>
      <UnitQty>גרמים</UnitQty>
      <Quantity>690.00</Quantity>
      <UnitOfMeasure>100 גרם</UnitOfMeasure>
      <bIsWeighted>0</bIsWeighted>
      <QtyInPackage>1</QtyInPackage>
      <ItemPrice>11.90</ItemPrice>
      <UnitOfMeasurePrice>1.7246</UnitOfMeasurePrice>
      <AllowDiscount>1</AllowDiscount>
      <ItemStatus>1</ItemStatus>
      <ItemId>91449</ItemId>
    </Item>
    <Item>
      <PriceUpdateDate>2024-05-19 08:44:27</PriceUpdateDate>
      <ItemCode>4860106233230</ItemCode>
      <ItemType>1</ItemType>
      <ItemName>תבלין גאורגי כוסברה</ItemName>
      <ManufacturerName>,</ManufacturerName>
      <ManufactureCountry>לא ידוע</ManufactureCountry>
      <ManufacturerItemDescription>תבלין גאורגי כוסברה טחונה 50 גר</ManufacturerItemDescription>
      <UnitQty>גרמים</UnitQty>
      <Quantity>50.00</Quantity>
      <UnitOfMeasure>100 גרם</UnitOfMeasure>
      <bIsWeighted>0</bIsWeighted>
      <QtyInPackage>1</QtyInPackage>
      <ItemPrice>8.90</ItemPrice>
      <UnitOfMeasurePrice>17.8000</UnitOfMeasurePrice>
      <AllowDiscount>1</AllowDiscount>
      <ItemStatus>1</ItemStatus>
      <ItemId>91461</ItemId>
    </Item>
    <Item>
      <PriceUpdateDate>2024-05-21 09:09:41</PriceUpdateDate>
      <ItemCode>16787</ItemCode>
      <ItemType>0</ItemType>
      <ItemName>לזניה פטריות</ItemName>
      <ManufacturerName>,</ManufacturerName>
      <ManufactureCountry>לא ידוע</ManufactureCountry>
      <ManufacturerItemDescription>לזניה פטריות</ManufacturerItemDescription>
      <UnitQty>קילוגרמים</UnitQty>
      <Quantity>1.00</Quantity>
      <UnitOfMeasure>ק"ג</UnitOfMeasure>
      <bIsWeighted>1</bIsWeighted>
      <QtyInPackage>לא ידוע</QtyInPackage>
      <ItemPrice>89.00</ItemPrice>
      <UnitOfMeasurePrice>89.0000</UnitOfMeasurePrice>
      <AllowDiscount>1</AllowDiscount>
      <ItemStatus>1</ItemStatus>
      <ItemId>91479</ItemId>
    </Item>
    <Item>
      <PriceUpdateDate>2024-05-22 19:42:54</PriceUpdateDate>
      <ItemCode>4860106233278</ItemCode>
      <ItemType>1</ItemType>
      <ItemName>תבלין גאורגי מלח סוו</ItemName>
      <ManufacturerName>,</ManufacturerName>
      <ManufactureCountry>לא ידוע</ManufactureCountry>
      <ManufacturerItemDescription>תבלין גאורגי מלח סוונטי 100 גר</ManufacturerItemDescription>
      <UnitQty>גרמים</UnitQty>
      <Quantity>100.00</Quantity>
      <UnitOfMeasure>100 גרם</UnitOfMeasure>
      <bIsWeighted>0</bIsWeighted>
      <QtyInPackage>1</QtyInPackage>
      <ItemPrice>8.90</ItemPrice>
      <UnitOfMeasurePrice>8.9000</UnitOfMeasurePrice>
      <AllowDiscount>1</AllowDiscount>
      <ItemStatus>1</ItemStatus>
      <ItemId>91515</ItemId>
    </Item>
    <Item>
      <PriceUpdateDate>2024-05-22 19:43:17</PriceUpdateDate>
      <ItemCode>7290019286363</ItemCode>
      <ItemType>1</ItemType>
      <ItemName>כוסמת 900 גר</ItemName>
      <ManufacturerName>AGROPRODUCT</ManufacturerName>
      <ManufactureCountry>לא ידוע</ManufactureCountry>
      <ManufacturerItemDescription>כוסמת 900 גר</ManufacturerItemDescription>
      <UnitQty>גרמים</UnitQty>
      <Quantity>900.00</Quantity>
      <UnitOfMeasure>100 גרם</UnitOfMeasure>
      <bIsWeighted>0</bIsWeighted>
      <QtyInPackage>1</QtyInPackage>
      <ItemPrice>16.90</ItemPrice>
      <UnitOfMeasurePrice>1.8778</UnitOfMeasurePrice>
      <AllowDiscount>1</AllowDiscount>
      <ItemStatus>1</ItemStatus>
      <ItemId>91522</ItemId>
    </Item>
    <Item>
      <PriceUpdateDate>2024-05-23 15:02:24</PriceUpdateDate>
      <ItemCode>8410042156306</ItemCode>
      <ItemType>1</ItemType>
      <ItemName>חתיכות דיונון ברוטב</ItemName>
      <ManufacturerName>,</ManufacturerName>
      <ManufactureCountry>לא ידוע</ManufactureCountry>
      <ManufacturerItemDescription>חתיכות דיונון ברוטב אמריקאי 115 גר</ManufacturerItemDescription>
      <UnitQty>גרמים</UnitQty>
      <Quantity>115.00</Quantity>
      <UnitOfMeasure>100 גרם</UnitOfMeasure>
      <bIsWeighted>0</bIsWeighted>
      <QtyInPackage>1</QtyInPackage>
      <ItemPrice>12.90</ItemPrice>
      <UnitOfMeasurePrice>11.2174</UnitOfMeasurePrice>
      <AllowDiscount>1</AllowDiscount>
      <ItemStatus>1</ItemStatus>
      <ItemId>91528</ItemId>
    </Item>
    <Item>
      <PriceUpdateDate>2025-04-01 17:47:37</PriceUpdateDate>
      <ItemCode>4032549000490</ItemCode>
      <ItemType>1</ItemType>
      <ItemName>פרוסות חצילים ברוטב</ItemName>
      <ManufacturerName>,</ManufacturerName>
      <ManufactureCountry>לא ידוע</ManufactureCountry>
      <ManufacturerItemDescription>פרוסות חצילים ברוטב פלפל ועגבניות 530 גר</ManufacturerItemDescription>
      <UnitQty>גרמים</UnitQty>
      <Quantity>530.00</Quantity>
      <UnitOfMeasure>100 גרם</UnitOfMeasure>
      <bIsWeighted>0</bIsWeighted>
      <QtyInPackage>1</QtyInPackage>
      <ItemPrice>19.90</ItemPrice>
      <UnitOfMeasurePrice>3.7547</UnitOfMeasurePrice>
      <AllowDiscount>1</AllowDiscount>
      <ItemStatus>1</ItemStatus>
      <ItemId>91532</ItemId>
    </Item>
    <Item>
      <PriceUpdateDate>2025-01-01 09:13:43</PriceUpdateDate>
      <ItemCode>6002</ItemCode>
      <ItemType>0</ItemType>
      <ItemName>פרלינים 4 יח דודו או</ItemName>
      <ManufacturerName>,</ManufacturerName>
      <ManufactureCountry>לא ידוע</ManufactureCountry>
      <ManufacturerItemDescription>פרלינים 4 יח דודו אוטמזגין</ManufacturerItemDescription>
      <UnitQty>Unknown </UnitQty>
      <Quantity>0.00</Quantity>
      <UnitOfMeasure>Unknown </UnitOfMeasure>
      <bIsWeighted>0</bIsWeighted>
      <QtyInPackage>לא ידוע</QtyInPackage>
      <ItemPrice>69.00</ItemPrice>
      <UnitOfMeasurePrice>0.0000</UnitOfMeasurePrice>
      <AllowDiscount>1</AllowDiscount>
      <ItemStatus>1</ItemStatus>
      <ItemId>91594</ItemId>
    </Item>
    <Item>
      <PriceUpdateDate>2025-01-01 09:13:46</PriceUpdateDate>
      <ItemCode>6003</ItemCode>
      <ItemType>0</ItemType>
      <ItemName>פרלינים 6 יח דודו או</ItemName>
      <ManufacturerName>,</ManufacturerName>
      <ManufactureCountry>לא ידוע</ManufactureCountry>
      <ManufacturerItemDescription>פרלינים 6 יח דודו אוטמזגין</ManufacturerItemDescription>
      <UnitQty>Unknown </UnitQty>
      <Quantity>0.00</Quantity>
      <UnitOfMeasure>Unknown </UnitOfMeasure>
      <bIsWeighted>0</bIsWeighted>
      <QtyInPackage>לא ידוע</QtyInPackage>
      <ItemPrice>99.00</ItemPrice>
      <UnitOfMeasurePrice>0.0000</UnitOfMeasurePrice>
      <AllowDiscount>1</AllowDiscount>
      <ItemStatus>1</ItemStatus>
      <ItemId>91596</ItemId>
    </Item>
    <Item>
      <PriceUpdateDate>2025-01-01 09:13:46</PriceUpdateDate>
      <ItemCode>6004</ItemCode>
      <ItemType>0</ItemType>
      <ItemName>פרלינים 9 יח דודו או</ItemName>
      <ManufacturerName>,</ManufacturerName>
      <ManufactureCountry>לא ידוע</ManufactureCountry>
      <ManufacturerItemDescription>פרלינים 9 יח דודו אוטמזגין</ManufacturerItemDescription>
      <UnitQty>Unknown </UnitQty>
      <Quantity>0.00</Quantity>
      <UnitOfMeasure>Unknown </UnitOfMeasure>
      <bIsWeighted>0</bIsWeighted>
      <QtyInPackage>לא ידוע</QtyInPackage>
      <ItemPrice>149.00</ItemPrice>
      <UnitOfMeasurePrice>0.0000</UnitOfMeasurePrice>
      <AllowDiscount>1</AllowDiscount>
      <ItemStatus>1</ItemStatus>
      <ItemId>91597</ItemId>
    </Item>
    <Item>
      <PriceUpdateDate>2025-04-02 13:22:24</PriceUpdateDate>
      <ItemCode>6959275572054</ItemCode>
      <ItemType>1</ItemType>
      <ItemName>מרק בטעם בקר קוביות</ItemName>
      <ManufacturerName>,</ManufacturerName>
      <ManufactureCountry>לא ידוע</ManufactureCountry>
      <ManufacturerItemDescription>מרק בטעם בקר קוביות 60 גר</ManufacturerItemDescription>
      <UnitQty>גרמים</UnitQty>
      <Quantity>60.00</Quantity>
      <UnitOfMeasure>100 גרם</UnitOfMeasure>
      <bIsWeighted>0</bIsWeighted>
      <QtyInPackage>1</QtyInPackage>
      <ItemPrice>6.50</ItemPrice>
      <UnitOfMeasurePrice>10.8333</UnitOfMeasurePrice>
      <AllowDiscount>1</AllowDiscount>
      <ItemStatus>1</ItemStatus>
      <ItemId>91655</ItemId>
    </Item>
    <Item>
      <PriceUpdateDate>2025-04-02 13:22:24</PriceUpdateDate>
      <ItemCode>6959275572085</ItemCode>
      <ItemType>1</ItemType>
      <ItemName>מרק בטעם עוף קוביות</ItemName>
      <ManufacturerName>,</ManufacturerName>
      <ManufactureCountry>לא ידוע</ManufactureCountry>
      <ManufacturerItemDescription>מרק בטעם עוף קוביות 60 גר</ManufacturerItemDescription>
      <UnitQty>גרמים</UnitQty>
      <Quantity>60.00</Quantity>
      <UnitOfMeasure>100 גרם</UnitOfMeasure>
      <bIsWeighted>0</bIsWeighted>
      <QtyInPackage>1</QtyInPackage>
      <ItemPrice>6.50</ItemPrice>
      <UnitOfMeasurePrice>10.8333</UnitOfMeasurePrice>
      <AllowDiscount>1</AllowDiscount>
      <ItemStatus>1</ItemStatus>
      <ItemId>91656</ItemId>
    </Item>
    <Item>
      <PriceUpdateDate>2025-04-02 13:22:24</PriceUpdateDate>
      <ItemCode>6959275572023</ItemCode>
      <ItemType>1</ItemType>
      <ItemName>מרק בטעם פטריות קובי</ItemName>
      <ManufacturerName>,</ManufacturerName>
      <ManufactureCountry>לא ידוע</ManufactureCountry>
      <ManufacturerItemDescription>מרק בטעם פטריות קוביות 60 גר</ManufacturerItemDescription>
      <UnitQty>גרמים</UnitQty>
      <Quantity>60.00</Quantity>
      <UnitOfMeasure>100 גרם</UnitOfMeasure>
      <bIsWeighted>0</bIsWeighted>
      <QtyInPackage>1</QtyInPackage>
      <ItemPrice>6.50</ItemPrice>
      <UnitOfMeasurePrice>10.8333</UnitOfMeasurePrice>
      <AllowDiscount>1</AllowDiscount>
      <ItemStatus>1</ItemStatus>
      <ItemId>91657</ItemId>
    </Item>
    <Item>
      <PriceUpdateDate>2025-04-02 13:22:12</PriceUpdateDate>
      <ItemCode>4607167192768</ItemCode>
      <ItemType>1</ItemType>
      <ItemName>גם דובדבן לאפייה 500</ItemName>
      <ManufacturerName>,</ManufacturerName>
      <ManufactureCountry>לא ידוע</ManufactureCountry>
      <ManufacturerItemDescription>גם דובדבן לאפייה 500 גר</ManufacturerItemDescription>
      <UnitQty>גרמים</UnitQty>
      <Quantity>50.00</Quantity>
      <UnitOfMeasure>100 גרם</UnitOfMeasure>
      <bIsWeighted>0</bIsWeighted>
      <QtyInPackage>1</QtyInPackage>
      <ItemPrice>22.90</ItemPrice>
      <UnitOfMeasurePrice>45.8000</UnitOfMeasurePrice>
      <AllowDiscount>1</AllowDiscount>
      <ItemStatus>1</ItemStatus>
      <ItemId>91658</ItemId>
    </Item>
    <Item>
      <PriceUpdateDate>2025-09-28 08:51:09</PriceUpdateDate>
      <ItemCode>4603766425511</ItemCode>
      <ItemType>1</ItemType>
      <ItemName>סוכריה בטעם קולה ללא</ItemName>
      <ManufacturerName>,</ManufacturerName>
      <ManufactureCountry>לא ידוע</ManufactureCountry>
      <ManufacturerItemDescription>סוכריה בטעם קולה ללא סוכר 14 גר</ManufacturerItemDescription>
      <UnitQty>גרמים</UnitQty>
      <Quantity>14.00</Quantity>
      <UnitOfMeasure>100 גרם</UnitOfMeasure>
      <bIsWeighted>0</bIsWeighted>
      <QtyInPackage>1</QtyInPackage>
      <ItemPrice>6.90</ItemPrice>
      <UnitOfMeasurePrice>49.2857</UnitOfMeasurePrice>
      <AllowDiscount>1</AllowDiscount>
      <ItemStatus>1</ItemStatus>
      <ItemId>91661</ItemId>
    </Item>
    <Item>
      <PriceUpdateDate>2025-09-28 08:51:09</PriceUpdateDate>
      <ItemCode>4603766426105</ItemCode>
      <ItemType>1</ItemType>
      <ItemName>סוכריה בטעם דובדבן ל</ItemName>
      <ManufacturerName>,</ManufacturerName>
      <ManufactureCountry>לא ידוע</ManufactureCountry>
      <ManufacturerItemDescription>סוכריה בטעם דובדבן ללא סוכר 14 גר</ManufacturerItemDescription>
      <UnitQty>גרמים</UnitQty>
      <Quantity>14.00</Quantity>
      <UnitOfMeasure>100 גרם</UnitOfMeasure>
      <bIsWeighted>0</bIsWeighted>
      <QtyInPackage>1</QtyInPackage>
      <ItemPrice>6.90</ItemPrice>
      <UnitOfMeasurePrice>49.2857</UnitOfMeasurePrice>
      <AllowDiscount>1</AllowDiscount>
      <ItemStatus>1</ItemStatus>
      <ItemId>91662</ItemId>
    </Item>
    <Item>
      <PriceUpdateDate>2025-09-28 08:51:09</PriceUpdateDate>
      <ItemCode>4610274540018</ItemCode>
      <ItemType>1</ItemType>
      <ItemName>סוכריה בטעם נענע ללא</ItemName>
      <ManufacturerName>,</ManufacturerName>
      <ManufactureCountry>לא ידוע</ManufactureCountry>
      <ManufacturerItemDescription>סוכריה בטעם נענע ללא סוכר 14 גר</ManufacturerItemDescription>
      <UnitQty>גרמים</UnitQty>
      <Quantity>14.00</Quantity>
      <UnitOfMeasure>100 גרם</UnitOfMeasure>
      <bIsWeighted>0</bIsWeighted>
      <QtyInPackage>1</QtyInPackage>
      <ItemPrice>6.90</ItemPrice>
      <UnitOfMeasurePrice>49.2857</UnitOfMeasurePrice>
      <AllowDiscount>1</AllowDiscount>
      <ItemStatus>1</ItemStatus>
      <ItemId>91663</ItemId>
    </Item>
    <Item>
      <PriceUpdateDate>2025-09-28 08:51:10</PriceUpdateDate>
      <ItemCode>4610274540025</ItemCode>
      <ItemType>1</ItemType>
      <ItemName>סוכריה בטעם פירות הד</ItemName>
      <ManufacturerName>,</ManufacturerName>
      <ManufactureCountry>לא ידוע</ManufactureCountry>
      <ManufacturerItemDescription>סוכריה בטעם פירות הדר ללא סוכר 14 גר</ManufacturerItemDescription>
      <UnitQty>גרמים</UnitQty>
      <Quantity>14.00</Quantity>
      <UnitOfMeasure>100 גרם</UnitOfMeasure>
      <bIsWeighted>0</bIsWeighted>
      <QtyInPackage>1</QtyInPackage>
      <ItemPrice>6.90</ItemPrice>
      <UnitOfMeasurePrice>49.2857</UnitOfMeasurePrice>
      <AllowDiscount>1</AllowDiscount>
      <ItemStatus>1</ItemStatus>
      <ItemId>91664</ItemId>
    </Item>
    <Item>
      <PriceUpdateDate>2024-06-04 18:38:54</PriceUpdateDate>
      <ItemCode>5941194002423</ItemCode>
      <ItemType>1</ItemType>
      <ItemName>תערובת כעכים וקרקרים</ItemName>
      <ManufacturerName>,</ManufacturerName>
      <ManufactureCountry>לא ידוע</ManufactureCountry>
      <ManufacturerItemDescription>תערובת כעכים וקרקרים 250 גר</ManufacturerItemDescription>
      <UnitQty>גרמים</UnitQty>
      <Quantity>250.00</Quantity>
      <UnitOfMeasure>100 גרם</UnitOfMeasure>
      <bIsWeighted>0</bIsWeighted>
      <QtyInPackage>לא ידוע</QtyInPackage>
      <ItemPrice>9.90</ItemPrice>
      <UnitOfMeasurePrice>3.9600</UnitOfMeasurePrice>
      <AllowDiscount>1</AllowDiscount>
      <ItemStatus>1</ItemStatus>
      <ItemId>91692</ItemId>
    </Item>
    <Item>
      <PriceUpdateDate>2025-04-08 18:06:09</PriceUpdateDate>
      <ItemCode>4607029723871</ItemCode>
      <ItemType>1</ItemType>
      <ItemName>סלט אסורטי בחומץ 500</ItemName>
      <ManufacturerName>,</ManufacturerName>
      <ManufactureCountry>לא ידוע</ManufactureCountry>
      <ManufacturerItemDescription>סלט אסורטי בחומץ 500 גר</ManufacturerItemDescription>
      <UnitQty>גרמים</UnitQty>
      <Quantity>500.00</Quantity>
      <UnitOfMeasure>100 גרם</UnitOfMeasure>
      <bIsWeighted>0</bIsWeighted>
      <QtyInPackage>1</QtyInPackage>
      <ItemPrice>13.90</ItemPrice>
      <UnitOfMeasurePrice>2.7800</UnitOfMeasurePrice>
      <AllowDiscount>1</AllowDiscount>
      <ItemStatus>1</ItemStatus>
      <ItemId>92511</ItemId>
    </Item>
    <Item>
      <PriceUpdateDate>2025-11-04 08:21:36</PriceUpdateDate>
      <ItemCode>4607029721679</ItemCode>
      <ItemType>1</ItemType>
      <ItemName>סלט כרוב וגזר חמוצים</ItemName>
      <ManufacturerName>,</ManufacturerName>
      <ManufactureCountry>לא ידוע</ManufactureCountry>
      <ManufacturerItemDescription>סלט כרוב וגזר חמוצים 500 גר</ManufacturerItemDescription>
      <UnitQty>גרמים</UnitQty>
      <Quantity>500.00</Quantity>
      <UnitOfMeasure>100 גרם</UnitOfMeasure>
      <bIsWeighted>0</bIsWeighted>
      <QtyInPackage>1</QtyInPackage>
      <ItemPrice>11.80</ItemPrice>
      <UnitOfMeasurePrice>2.3600</UnitOfMeasurePrice>
      <AllowDiscount>1</AllowDiscount>
      <ItemStatus>1</ItemStatus>
      <ItemId>92514</ItemId>
    </Item>
    <Item>
      <PriceUpdateDate>2024-08-12 14:27:08</PriceUpdateDate>
      <ItemCode>61533</ItemCode>
      <ItemType>0</ItemType>
      <ItemName>לחם שיפון עם צימוקים</ItemName>
      <ManufacturerName>,</ManufacturerName>
      <ManufactureCountry>לא ידוע</ManufactureCountry>
      <ManufacturerItemDescription>לחם שיפון עם צימוקים ואגוזים 465 גר</ManufacturerItemDescription>
      <UnitQty>גרמים</UnitQty>
      <Quantity>465.00</Quantity>
      <UnitOfMeasure>100 גרם</UnitOfMeasure>
      <bIsWeighted>0</bIsWeighted>
      <QtyInPackage>1</QtyInPackage>
      <ItemPrice>19.90</ItemPrice>
      <UnitOfMeasurePrice>4.2796</UnitOfMeasurePrice>
      <AllowDiscount>1</AllowDiscount>
      <ItemStatus>1</ItemStatus>
      <ItemId>93238</ItemId>
    </Item>
    <Item>
      <PriceUpdateDate>2024-11-19 15:30:25</PriceUpdateDate>
      <ItemCode>81515</ItemCode>
      <ItemType>0</ItemType>
      <ItemName>גבטה מחמצת עם שמן זי</ItemName>
      <ManufacturerName>,</ManufacturerName>
      <ManufactureCountry>לא ידוע</ManufactureCountry>
      <ManufacturerItemDescription>גבטה מחמצת עם שמן זית 390 גר</ManufacturerItemDescription>
      <UnitQty>גרמים</UnitQty>
      <Quantity>390.00</Quantity>
      <UnitOfMeasure>100 גרם</UnitOfMeasure>
      <bIsWeighted>0</bIsWeighted>
      <QtyInPackage>1</QtyInPackage>
      <ItemPrice>24.90</ItemPrice>
      <UnitOfMeasurePrice>6.3846</UnitOfMeasurePrice>
      <AllowDiscount>1</AllowDiscount>
      <ItemStatus>1</ItemStatus>
      <ItemId>93239</ItemId>
    </Item>
    <Item>
      <PriceUpdateDate>2024-11-19 15:35:08</PriceUpdateDate>
      <ItemCode>4770237059404</ItemCode>
      <ItemType>1</ItemType>
      <ItemName>שמנת סבליה 30% 200 ג</ItemName>
      <ManufacturerName>,</ManufacturerName>
      <ManufactureCountry>לא ידוע</ManufactureCountry>
      <ManufacturerItemDescription>שמנת סבליה 30% 200 גר</ManufacturerItemDescription>
      <UnitQty>גרמים</UnitQty>
      <Quantity>200.00</Quantity>
      <UnitOfMeasure>100 גרם</UnitOfMeasure>
      <bIsWeighted>0</bIsWeighted>
      <QtyInPackage>1</QtyInPackage>
      <ItemPrice>11.90</ItemPrice>
      <UnitOfMeasurePrice>5.9500</UnitOfMeasurePrice>
      <AllowDiscount>1</AllowDiscount>
      <ItemStatus>1</ItemStatus>
      <ItemId>92989</ItemId>
    </Item>
    <Item>
      <PriceUpdateDate>2024-11-19 15:35:08</PriceUpdateDate>
      <ItemCode>4770237059411</ItemCode>
      <ItemType>1</ItemType>
      <ItemName>שמנת סבליה 15% 350 ג</ItemName>
      <ManufacturerName>,</ManufacturerName>
      <ManufactureCountry>לא ידוע</ManufactureCountry>
      <ManufacturerItemDescription>שמנת סבליה 15% 350 גר</ManufacturerItemDescription>
      <UnitQty>גרמים</UnitQty>
      <Quantity>350.00</Quantity>
      <UnitOfMeasure>100 גרם</UnitOfMeasure>
      <bIsWeighted>0</bIsWeighted>
      <QtyInPackage>1</QtyInPackage>
      <ItemPrice>12.90</ItemPrice>
      <UnitOfMeasurePrice>3.6857</UnitOfMeasurePrice>
      <AllowDiscount>1</AllowDiscount>
      <ItemStatus>1</ItemStatus>
      <ItemId>92990</ItemId>
    </Item>
    <Item>
      <PriceUpdateDate>2024-08-13 19:33:59</PriceUpdateDate>
      <ItemCode>4810168064181</ItemCode>
      <ItemType>1</ItemType>
      <ItemName>איקרה ביצי דג טרוטונ</ItemName>
      <ManufacturerName>,</ManufacturerName>
      <ManufactureCountry>לא ידוע</ManufactureCountry>
      <ManufacturerItemDescription>איקרה ביצי דג טרוטונית והרינג עם סלמון</ManufacturerItemDescription>
      <UnitQty>גרמים</UnitQty>
      <Quantity>180.00</Quantity>
      <UnitOfMeasure>100 גרם</UnitOfMeasure>
      <bIsWeighted>0</bIsWeighted>
      <QtyInPackage>1</QtyInPackage>
      <ItemPrice>17.90</ItemPrice>
      <UnitOfMeasurePrice>9.9444</UnitOfMeasurePrice>
      <AllowDiscount>1</AllowDiscount>
      <ItemStatus>1</ItemStatus>
      <ItemId>93301</ItemId>
    </Item>
    <Item>
      <PriceUpdateDate>2024-08-13 19:33:59</PriceUpdateDate>
      <ItemCode>4810168064198</ItemCode>
      <ItemType>1</ItemType>
      <ItemName>ביצי דג טרוטונית והר</ItemName>
      <ManufacturerName>,</ManufacturerName>
      <ManufactureCountry>לא ידוע</ManufactureCountry>
      <ManufacturerItemDescription>ביצי דג טרוטונית והרינג עם אבוקדו וסלמון</ManufacturerItemDescription>
      <UnitQty>גרמים</UnitQty>
      <Quantity>180.00</Quantity>
      <UnitOfMeasure>100 גרם</UnitOfMeasure>
      <bIsWeighted>0</bIsWeighted>
      <QtyInPackage>1</QtyInPackage>
      <ItemPrice>17.90</ItemPrice>
      <UnitOfMeasurePrice>9.9444</UnitOfMeasurePrice>
      <AllowDiscount>1</AllowDiscount>
      <ItemStatus>1</ItemStatus>
      <ItemId>93302</ItemId>
    </Item>
    <Item>
      <PriceUpdateDate>2024-08-15 21:32:13</PriceUpdateDate>
      <ItemCode>8002650005628</ItemCode>
      <ItemType>1</ItemType>
      <ItemName>קפה בלה קרמה קלוי טח</ItemName>
      <ManufacturerName>,</ManufacturerName>
      <ManufactureCountry>לא ידוע</ManufactureCountry>
      <ManufacturerItemDescription>קפה בלה קרמה קלוי טחון 200 גר</ManufacturerItemDescription>
      <UnitQty>גרמים</UnitQty>
      <Quantity>200.00</Quantity>
      <UnitOfMeasure>100 גרם</UnitOfMeasure>
      <bIsWeighted>0</bIsWeighted>
      <QtyInPackage>1</QtyInPackage>
      <ItemPrice>39.90</ItemPrice>
      <UnitOfMeasurePrice>19.9500</UnitOfMeasurePrice>
      <AllowDiscount>1</AllowDiscount>
      <ItemStatus>1</ItemStatus>
      <ItemId>93312</ItemId>
    </Item>
    <Item>
      <PriceUpdateDate>2024-08-15 21:32:14</PriceUpdateDate>
      <ItemCode>8002650005611</ItemCode>
      <ItemType>1</ItemType>
      <ItemName>קפה אינטנסו חזק קלוי</ItemName>
      <ManufacturerName>,</ManufacturerName>
      <ManufactureCountry>לא ידוע</ManufactureCountry>
      <ManufacturerItemDescription>קפה אינטנסו חזק קלוי טחון 200 גר</ManufacturerItemDescription>
      <UnitQty>גרמים</UnitQty>
      <Quantity>200.00</Quantity>
      <UnitOfMeasure>100 גרם</UnitOfMeasure>
      <bIsWeighted>0</bIsWeighted>
      <QtyInPackage>1</QtyInPackage>
      <ItemPrice>39.90</ItemPrice>
      <UnitOfMeasurePrice>19.9500</UnitOfMeasurePrice>
      <AllowDiscount>1</AllowDiscount>
      <ItemStatus>1</ItemStatus>
      <ItemId>93314</ItemId>
    </Item>
    <Item>
      <PriceUpdateDate>2025-05-02 08:13:41</PriceUpdateDate>
      <ItemCode>4602358009689</ItemCode>
      <ItemType>1</ItemType>
      <ItemName>גלידת שמנת רול בציפו</ItemName>
      <ManufacturerName>ז'יטומרסקי זאבוד</ManufacturerName>
      <ManufactureCountry>לא ידוע</ManufactureCountry>
      <ManufacturerItemDescription>גלידת שמנת רול בציפוי בטעם וניל 90 גר</ManufacturerItemDescription>
      <UnitQty>גרמים</UnitQty>
      <Quantity>90.00</Quantity>
      <UnitOfMeasure>100 גרם</UnitOfMeasure>
      <bIsWeighted>0</bIsWeighted>
      <QtyInPackage>1</QtyInPackage>
      <ItemPrice>8.90</ItemPrice>
      <UnitOfMeasurePrice>9.8889</UnitOfMeasurePrice>
      <AllowDiscount>1</AllowDiscount>
      <ItemStatus>1</ItemStatus>
      <ItemId>93786</ItemId>
    </Item>
    <Item>
      <PriceUpdateDate>2024-08-18 17:36:24</PriceUpdateDate>
      <ItemCode>6416453388826</ItemCode>
      <ItemType>1</ItemType>
      <ItemName>קרקר שיפון עם רוזמרי</ItemName>
      <ManufacturerName>,</ManufacturerName>
      <ManufactureCountry>לא ידוע</ManufactureCountry>
      <ManufacturerItemDescription>קרקר שיפון עם רוזמרין פאצר 200 גר</ManufacturerItemDescription>
      <UnitQty>גרמים</UnitQty>
      <Quantity>200.00</Quantity>
      <UnitOfMeasure>100 גרם</UnitOfMeasure>
      <bIsWeighted>0</bIsWeighted>
      <QtyInPackage>1</QtyInPackage>
      <ItemPrice>14.90</ItemPrice>
      <UnitOfMeasurePrice>7.4500</UnitOfMeasurePrice>
      <AllowDiscount>1</AllowDiscount>
      <ItemStatus>1</ItemStatus>
      <ItemId>93392</ItemId>
    </Item>
    <Item>
      <PriceUpdateDate>2024-08-19 15:13:55</PriceUpdateDate>
      <ItemCode>7290019424635</ItemCode>
      <ItemType>1</ItemType>
      <ItemName>פס שוקולד בלגי 500 ג</ItemName>
      <ManufacturerName>,</ManufacturerName>
      <ManufactureCountry>לא ידוע</ManufactureCountry>
      <ManufacturerItemDescription>פס שוקולד בלגי 500 גר</ManufacturerItemDescription>
      <UnitQty>גרמים</UnitQty>
      <Quantity>500.00</Quantity>
      <UnitOfMeasure>100 גרם</UnitOfMeasure>
      <bIsWeighted>0</bIsWeighted>
      <QtyInPackage>1</QtyInPackage>
      <ItemPrice>49.90</ItemPrice>
      <UnitOfMeasurePrice>9.9800</UnitOfMeasurePrice>
      <AllowDiscount>1</AllowDiscount>
      <ItemStatus>1</ItemStatus>
      <ItemId>93404</ItemId>
    </Item>
    <Item>
      <PriceUpdateDate>2024-08-19 15:13:55</PriceUpdateDate>
      <ItemCode>7290019424642</ItemCode>
      <ItemType>1</ItemType>
      <ItemName>פס וניל עוגיות בטעם</ItemName>
      <ManufacturerName>,</ManufacturerName>
      <ManufactureCountry>לא ידוע</ManufactureCountry>
      <ManufacturerItemDescription>פס וניל עוגיות בטעם אוראו 500 גר</ManufacturerItemDescription>
      <UnitQty>גרמים</UnitQty>
      <Quantity>500.00</Quantity>
      <UnitOfMeasure>100 גרם</UnitOfMeasure>
      <bIsWeighted>0</bIsWeighted>
      <QtyInPackage>1</QtyInPackage>
      <ItemPrice>49.90</ItemPrice>
      <UnitOfMeasurePrice>9.9800</UnitOfMeasurePrice>
      <AllowDiscount>1</AllowDiscount>
      <ItemStatus>1</ItemStatus>
      <ItemId>93405</ItemId>
    </Item>
    <Item>
      <PriceUpdateDate>2024-08-19 15:13:55</PriceUpdateDate>
      <ItemCode>7290020028150</ItemCode>
      <ItemType>1</ItemType>
      <ItemName>פס פאי אגוזים 500 גר</ItemName>
      <ManufacturerName>,</ManufacturerName>
      <ManufactureCountry>לא ידוע</ManufactureCountry>
      <ManufacturerItemDescription>פס פאי אגוזים 500 גר</ManufacturerItemDescription>
      <UnitQty>גרמים</UnitQty>
      <Quantity>500.00</Quantity>
      <UnitOfMeasure>100 גרם</UnitOfMeasure>
      <bIsWeighted>0</bIsWeighted>
      <QtyInPackage>1</QtyInPackage>
      <ItemPrice>54.90</ItemPrice>
      <UnitOfMeasurePrice>10.9800</UnitOfMeasurePrice>
      <AllowDiscount>1</AllowDiscount>
      <ItemStatus>1</ItemStatus>
      <ItemId>93410</ItemId>
    </Item>
    <Item>
      <PriceUpdateDate>2025-08-03 11:15:19</PriceUpdateDate>
      <ItemCode>8005110001772</ItemCode>
      <ItemType>1</ItemType>
      <ItemName>רוטב לפסטה פיצוטלו מ</ItemName>
      <ManufacturerName>,</ManufacturerName>
      <ManufactureCountry>לא ידוע</ManufactureCountry>
      <ManufacturerItemDescription>רוטב לפסטה פיצוטלו מוטי 400 גר</ManufacturerItemDescription>
      <UnitQty>גרמים</UnitQty>
      <Quantity>400.00</Quantity>
      <UnitOfMeasure>100 גרם</UnitOfMeasure>
      <bIsWeighted>0</bIsWeighted>
      <QtyInPackage>1</QtyInPackage>
      <ItemPrice>15.90</ItemPrice>
      <UnitOfMeasurePrice>3.9750</UnitOfMeasurePrice>
      <AllowDiscount>1</AllowDiscount>
      <ItemStatus>1</ItemStatus>
      <ItemId>93447</ItemId>
    </Item>
    <Item>
      <PriceUpdateDate>2025-07-17 13:15:04</PriceUpdateDate>
      <ItemCode>7290010701957</ItemCode>
      <ItemType>1</ItemType>
      <ItemName>פטה אווז 180 גר</ItemName>
      <ManufacturerName>,</ManufacturerName>
      <ManufactureCountry>לא ידוע</ManufactureCountry>
      <ManufacturerItemDescription>פטה אווז 180 גר</ManufacturerItemDescription>
      <UnitQty>גרמים</UnitQty>
      <Quantity>180.00</Quantity>
      <UnitOfMeasure>100 גרם</UnitOfMeasure>
      <bIsWeighted>0</bIsWeighted>
      <QtyInPackage>1</QtyInPackage>
      <ItemPrice>45.90</ItemPrice>
      <UnitOfMeasurePrice>25.5000</UnitOfMeasurePrice>
      <AllowDiscount>1</AllowDiscount>
      <ItemStatus>1</ItemStatus>
      <ItemId>99718</ItemId>
    </Item>
    <Item>
      <PriceUpdateDate>2025-12-14 16:09:19</PriceUpdateDate>
      <ItemCode>16867</ItemCode>
      <ItemType>0</ItemType>
      <ItemName>שעועית ירוקה</ItemName>
      <ManufacturerName>,</ManufacturerName>
      <ManufactureCountry>לא ידוע</ManufactureCountry>
      <ManufacturerItemDescription>שעועית ירוקה</ManufacturerItemDescription>
      <UnitQty>קילוגרמים</UnitQty>
      <Quantity>1.00</Quantity>
      <UnitOfMeasure>ק"ג</UnitOfMeasure>
      <bIsWeighted>1</bIsWeighted>
      <QtyInPackage>לא ידוע</QtyInPackage>
      <ItemPrice>59.00</ItemPrice>
      <UnitOfMeasurePrice>59.0000</UnitOfMeasurePrice>
      <AllowDiscount>1</AllowDiscount>
      <ItemStatus>1</ItemStatus>
      <ItemId>93465</ItemId>
    </Item>
    <Item>
      <PriceUpdateDate>2025-01-09 14:38:08</PriceUpdateDate>
      <ItemCode>7290015839631</ItemCode>
      <ItemType>1</ItemType>
      <ItemName>עוגת קראנץ גבינה ודו</ItemName>
      <ManufacturerName>,</ManufacturerName>
      <ManufactureCountry>לא ידוע</ManufactureCountry>
      <ManufacturerItemDescription>עוגת קראנץ גבינה ודובדבן 500 גר</ManufacturerItemDescription>
      <UnitQty>גרמים</UnitQty>
      <Quantity>500.00</Quantity>
      <UnitOfMeasure>100 גרם</UnitOfMeasure>
      <bIsWeighted>0</bIsWeighted>
      <QtyInPackage>1</QtyInPackage>
      <ItemPrice>34.90</ItemPrice>
      <UnitOfMeasurePrice>6.9800</UnitOfMeasurePrice>
      <AllowDiscount>1</AllowDiscount>
      <ItemStatus>1</ItemStatus>
      <ItemId>96513</ItemId>
    </Item>
    <Item>
      <PriceUpdateDate>2025-01-20 13:44:30</PriceUpdateDate>
      <ItemCode>65475</ItemCode>
      <ItemType>0</ItemType>
      <ItemName>לחם מחמצת שיפון 800</ItemName>
      <ManufacturerName>,</ManufacturerName>
      <ManufactureCountry>לא ידוע</ManufactureCountry>
      <ManufacturerItemDescription>לחם מחמצת שיפון 800 גר</ManufacturerItemDescription>
      <UnitQty>גרמים</UnitQty>
      <Quantity>800.00</Quantity>
      <UnitOfMeasure>100 גרם</UnitOfMeasure>
      <bIsWeighted>0</bIsWeighted>
      <QtyInPackage>1</QtyInPackage>
      <ItemPrice>24.90</ItemPrice>
      <UnitOfMeasurePrice>3.1125</UnitOfMeasurePrice>
      <AllowDiscount>1</AllowDiscount>
      <ItemStatus>1</ItemStatus>
      <ItemId>96634</ItemId>
    </Item>
    <Item>
      <PriceUpdateDate>2025-07-06 17:51:05</PriceUpdateDate>
      <ItemCode>8905202411031</ItemCode>
      <ItemType>1</ItemType>
      <ItemName>מטרייה מקל</ItemName>
      <ManufacturerName>,</ManufacturerName>
      <ManufactureCountry>לא ידוע</ManufactureCountry>
      <ManufacturerItemDescription>מטרייה מקל</ManufacturerItemDescription>
      <UnitQty>Unknown </UnitQty>
      <Quantity>1.00</Quantity>
      <UnitOfMeasure>Unknown </UnitOfMeasure>
      <bIsWeighted>0</bIsWeighted>
      <QtyInPackage>1</QtyInPackage>
      <ItemPrice>49.90</ItemPrice>
      <UnitOfMeasurePrice>49.9000</UnitOfMeasurePrice>
      <AllowDiscount>1</AllowDiscount>
      <ItemStatus>1</ItemStatus>
      <ItemId>93914</ItemId>
    </Item>
    <Item>
      <PriceUpdateDate>2024-08-23 08:33:11</PriceUpdateDate>
      <ItemCode>5901204018431</ItemCode>
      <ItemType>1</ItemType>
      <ItemName>ממרח כבד עוף 100 גר</ItemName>
      <ManufacturerName>,</ManufacturerName>
      <ManufactureCountry>לא ידוע</ManufactureCountry>
      <ManufacturerItemDescription>ממרח כבד עוף 100 גר</ManufacturerItemDescription>
      <UnitQty>גרמים</UnitQty>
      <Quantity>100.00</Quantity>
      <UnitOfMeasure>100 גרם</UnitOfMeasure>
      <bIsWeighted>0</bIsWeighted>
      <QtyInPackage>1</QtyInPackage>
      <ItemPrice>5.90</ItemPrice>
      <UnitOfMeasurePrice>5.9000</UnitOfMeasurePrice>
      <AllowDiscount>1</AllowDiscount>
      <ItemStatus>1</ItemStatus>
      <ItemId>93564</ItemId>
    </Item>
    <Item>
      <PriceUpdateDate>2024-08-23 08:33:11</PriceUpdateDate>
      <ItemCode>5901204018448</ItemCode>
      <ItemType>1</ItemType>
      <ItemName>ממרח כבד עוף ופטריות</ItemName>
      <ManufacturerName>,</ManufacturerName>
      <ManufactureCountry>לא ידוע</ManufactureCountry>
      <ManufacturerItemDescription>ממרח כבד עוף ופטריות 100 גר</ManufacturerItemDescription>
      <UnitQty>גרמים</UnitQty>
      <Quantity>100.00</Quantity>
      <UnitOfMeasure>100 גרם</UnitOfMeasure>
      <bIsWeighted>0</bIsWeighted>
      <QtyInPackage>1</QtyInPackage>
      <ItemPrice>5.90</ItemPrice>
      <UnitOfMeasurePrice>5.9000</UnitOfMeasurePrice>
      <AllowDiscount>1</AllowDiscount>
      <ItemStatus>1</ItemStatus>
      <ItemId>93565</ItemId>
    </Item>
    <Item>
      <PriceUpdateDate>2025-07-06 17:51:05</PriceUpdateDate>
      <ItemCode>8905202411055</ItemCode>
      <ItemType>1</ItemType>
      <ItemName>מטרייה מקל</ItemName>
      <ManufacturerName>,</ManufacturerName>
      <ManufactureCountry>לא ידוע</ManufactureCountry>
      <ManufacturerItemDescription>מטרייה מקל</ManufacturerItemDescription>
      <UnitQty>Unknown </UnitQty>
      <Quantity>1.00</Quantity>
      <UnitOfMeasure>Unknown </UnitOfMeasure>
      <bIsWeighted>0</bIsWeighted>
      <QtyInPackage>1</QtyInPackage>
      <ItemPrice>29.90</ItemPrice>
      <UnitOfMeasurePrice>29.9000</UnitOfMeasurePrice>
      <AllowDiscount>1</AllowDiscount>
      <ItemStatus>1</ItemStatus>
      <ItemId>93916</ItemId>
    </Item>
    <Item>
      <PriceUpdateDate>2024-09-10 10:16:40</PriceUpdateDate>
      <ItemCode>8905202411062</ItemCode>
      <ItemType>1</ItemType>
      <ItemName>מטרייה קטנה מתקפלת</ItemName>
      <ManufacturerName>,</ManufacturerName>
      <ManufactureCountry>לא ידוע</ManufactureCountry>
      <ManufacturerItemDescription>מטרייה קטנה מתקפלת</ManufacturerItemDescription>
      <UnitQty>Unknown </UnitQty>
      <Quantity>1.00</Quantity>
      <UnitOfMeasure>Unknown </UnitOfMeasure>
      <bIsWeighted>0</bIsWeighted>
      <QtyInPackage>1</QtyInPackage>
      <ItemPrice>49.90</ItemPrice>
      <UnitOfMeasurePrice>49.9000</UnitOfMeasurePrice>
      <AllowDiscount>1</AllowDiscount>
      <ItemStatus>1</ItemStatus>
      <ItemId>93917</ItemId>
    </Item>
    <Item>
      <PriceUpdateDate>2024-08-23 08:33:11</PriceUpdateDate>
      <ItemCode>5901204018455</ItemCode>
      <ItemType>1</ItemType>
      <ItemName>ממרח כבד אווז 100 גר</ItemName>
      <ManufacturerName>,</ManufacturerName>
      <ManufactureCountry>לא ידוע</ManufactureCountry>
      <ManufacturerItemDescription>ממרח כבד אווז 100 גר</ManufacturerItemDescription>
      <UnitQty>גרמים</UnitQty>
      <Quantity>100.00</Quantity>
      <UnitOfMeasure>100 גרם</UnitOfMeasure>
      <bIsWeighted>0</bIsWeighted>
      <QtyInPackage>1</QtyInPackage>
      <ItemPrice>5.90</ItemPrice>
      <UnitOfMeasurePrice>5.9000</UnitOfMeasurePrice>
      <AllowDiscount>1</AllowDiscount>
      <ItemStatus>1</ItemStatus>
      <ItemId>93566</ItemId>
    </Item>
    <Item>
      <PriceUpdateDate>2024-08-23 08:33:11</PriceUpdateDate>
      <ItemCode>5901204018462</ItemCode>
      <ItemType>1</ItemType>
      <ItemName>ממרח כבד אווז ושזיפי</ItemName>
      <ManufacturerName>,</ManufacturerName>
      <ManufactureCountry>לא ידוע</ManufactureCountry>
      <ManufacturerItemDescription>ממרח כבד אווז ושזיפים 100 גר</ManufacturerItemDescription>
      <UnitQty>גרמים</UnitQty>
      <Quantity>100.00</Quantity>
      <UnitOfMeasure>100 גרם</UnitOfMeasure>
      <bIsWeighted>0</bIsWeighted>
      <QtyInPackage>1</QtyInPackage>
      <ItemPrice>5.90</ItemPrice>
      <UnitOfMeasurePrice>5.9000</UnitOfMeasurePrice>
      <AllowDiscount>1</AllowDiscount>
      <ItemStatus>1</ItemStatus>
      <ItemId>93567</ItemId>
    </Item>
    <Item>
      <PriceUpdateDate>2025-07-06 17:51:05</PriceUpdateDate>
      <ItemCode>8905202411123</ItemCode>
      <ItemType>1</ItemType>
      <ItemName>מטרייה מקל</ItemName>
      <ManufacturerName>,</ManufacturerName>
      <ManufactureCountry>לא ידוע</ManufactureCountry>
      <ManufacturerItemDescription>מטרייה מקל</ManufacturerItemDescription>
      <UnitQty>Unknown </UnitQty>
      <Quantity>1.00</Quantity>
      <UnitOfMeasure>Unknown </UnitOfMeasure>
      <bIsWeighted>0</bIsWeighted>
      <QtyInPackage>1</QtyInPackage>
      <ItemPrice>59.90</ItemPrice>
      <UnitOfMeasurePrice>59.9000</UnitOfMeasurePrice>
      <AllowDiscount>1</AllowDiscount>
      <ItemStatus>1</ItemStatus>
      <ItemId>93923</ItemId>
    </Item>
    <Item>
      <PriceUpdateDate>2024-08-25 15:45:31</PriceUpdateDate>
      <ItemCode>4792252935655</ItemCode>
      <ItemType>1</ItemType>
      <ItemName>תה ירוק אסורטי 25 שק</ItemName>
      <ManufacturerName>,</ManufacturerName>
      <ManufactureCountry>לא ידוע</ManufactureCountry>
      <ManufacturerItemDescription>תה ירוק אסורטי 25 שק</ManufacturerItemDescription>
      <UnitQty>Unknown </UnitQty>
      <Quantity>0.00</Quantity>
      <UnitOfMeasure>Unknown </UnitOfMeasure>
      <bIsWeighted>0</bIsWeighted>
      <QtyInPackage>1</QtyInPackage>
      <ItemPrice>18.90</ItemPrice>
      <UnitOfMeasurePrice>0.0000</UnitOfMeasurePrice>
      <AllowDiscount>1</AllowDiscount>
      <ItemStatus>1</ItemStatus>
      <ItemId>93610</ItemId>
    </Item>
    <Item>
      <PriceUpdateDate>2025-04-08 18:06:09</PriceUpdateDate>
      <ItemCode>4605246016905</ItemCode>
      <ItemType>1</ItemType>
      <ItemName>אבקה להכנת קפה נמס ג</ItemName>
      <ManufacturerName>BIZIM TARLA</ManufacturerName>
      <ManufactureCountry>לא ידוע</ManufactureCountry>
      <ManufacturerItemDescription>אבקה להכנת קפה נמס גארדן קפוצינו 144 גר</ManufacturerItemDescription>
      <UnitQty>גרמים</UnitQty>
      <Quantity>144.00</Quantity>
      <UnitOfMeasure>100 גרם</UnitOfMeasure>
      <bIsWeighted>0</bIsWeighted>
      <QtyInPackage>1</QtyInPackage>
      <ItemPrice>13.90</ItemPrice>
      <UnitOfMeasurePrice>9.6528</UnitOfMeasurePrice>
      <AllowDiscount>1</AllowDiscount>
      <ItemStatus>1</ItemStatus>
      <ItemId>93614</ItemId>
    </Item>
    <Item>
      <PriceUpdateDate>2024-09-10 10:16:51</PriceUpdateDate>
      <ItemCode>7290000011602</ItemCode>
      <ItemType>1</ItemType>
      <ItemName>מפיות שולחן חגיגי 20</ItemName>
      <ManufacturerName>,</ManufacturerName>
      <ManufactureCountry>לא ידוע</ManufactureCountry>
      <ManufacturerItemDescription>ספר טלפוני</ManufacturerItemDescription>
      <UnitQty>Unknown </UnitQty>
      <Quantity>0.00</Quantity>
      <UnitOfMeasure>Unknown </UnitOfMeasure>
      <bIsWeighted>0</bIsWeighted>
      <QtyInPackage>לא ידוע</QtyInPackage>
      <ItemPrice>9.90</ItemPrice>
      <UnitOfMeasurePrice>0.0000</UnitOfMeasurePrice>
      <AllowDiscount>1</AllowDiscount>
      <ItemStatus>1</ItemStatus>
      <ItemId>93958</ItemId>
    </Item>
    <Item>
      <PriceUpdateDate>2024-08-26 15:23:28</PriceUpdateDate>
      <ItemCode>6569513465392</ItemCode>
      <ItemType>1</ItemType>
      <ItemName>פטריות סטרופריה שלמו</ItemName>
      <ManufacturerName>,</ManufacturerName>
      <ManufactureCountry>לא ידוע</ManufactureCountry>
      <ManufacturerItemDescription>פטריות סטרופריה שלמות במרינדה 530 גר</ManufacturerItemDescription>
      <UnitQty>גרמים</UnitQty>
      <Quantity>530.00</Quantity>
      <UnitOfMeasure>100 גרם</UnitOfMeasure>
      <bIsWeighted>0</bIsWeighted>
      <QtyInPackage>1</QtyInPackage>
      <ItemPrice>15.90</ItemPrice>
      <UnitOfMeasurePrice>3.0000</UnitOfMeasurePrice>
      <AllowDiscount>1</AllowDiscount>
      <ItemStatus>1</ItemStatus>
      <ItemId>93648</ItemId>
    </Item>
    <Item>
      <PriceUpdateDate>2024-08-26 15:23:29</PriceUpdateDate>
      <ItemCode>8858737300038</ItemCode>
      <ItemType>1</ItemType>
      <ItemName>חסילונים גדולים ממות</ItemName>
      <ManufacturerName>טורקה</ManufacturerName>
      <ManufactureCountry>לא ידוע</ManufactureCountry>
      <ManufacturerItemDescription>חסילונים גדולים ממותקים ומיובשים 60 גר</ManufacturerItemDescription>
      <UnitQty>גרמים</UnitQty>
      <Quantity>60.00</Quantity>
      <UnitOfMeasure>100 גרם</UnitOfMeasure>
      <bIsWeighted>0</bIsWeighted>
      <QtyInPackage>1</QtyInPackage>
      <ItemPrice>29.90</ItemPrice>
      <UnitOfMeasurePrice>49.8333</UnitOfMeasurePrice>
      <AllowDiscount>1</AllowDiscount>
      <ItemStatus>1</ItemStatus>
      <ItemId>93650</ItemId>
    </Item>
    <Item>
      <PriceUpdateDate>2024-11-27 12:25:44</PriceUpdateDate>
      <ItemCode>12060</ItemCode>
      <ItemType>0</ItemType>
      <ItemName>בובת סנטה 16 ס"מ</ItemName>
      <ManufacturerName>,</ManufacturerName>
      <ManufactureCountry>לא ידוע</ManufactureCountry>
      <ManufacturerItemDescription>מארז זוג סוכריות לקישוט 13.5 ס"מ</ManufacturerItemDescription>
      <UnitQty>Unknown </UnitQty>
      <Quantity>0.00</Quantity>
      <UnitOfMeasure>Unknown </UnitOfMeasure>
      <bIsWeighted>0</bIsWeighted>
      <QtyInPackage>1</QtyInPackage>
      <ItemPrice>29.90</ItemPrice>
      <UnitOfMeasurePrice>0.0000</UnitOfMeasurePrice>
      <AllowDiscount>1</AllowDiscount>
      <ItemStatus>1</ItemStatus>
      <ItemId>95733</ItemId>
    </Item>
    <Item>
      <PriceUpdateDate>2025-01-15 10:08:06</PriceUpdateDate>
      <ItemCode>4751028310201</ItemCode>
      <ItemType>1</ItemType>
      <ItemName>פופקורן קרמל 180 גר</ItemName>
      <ManufacturerName>,</ManufacturerName>
      <ManufactureCountry>לא ידוע</ManufactureCountry>
      <ManufacturerItemDescription>פופקורן קרמל 180 גר</ManufacturerItemDescription>
      <UnitQty>גרמים</UnitQty>
      <Quantity>180.00</Quantity>
      <UnitOfMeasure>100 גרם</UnitOfMeasure>
      <bIsWeighted>0</bIsWeighted>
      <QtyInPackage>1</QtyInPackage>
      <ItemPrice>11.90</ItemPrice>
      <UnitOfMeasurePrice>6.6111</UnitOfMeasurePrice>
      <AllowDiscount>1</AllowDiscount>
      <ItemStatus>1</ItemStatus>
      <ItemId>96586</ItemId>
    </Item>
    <Item>
      <PriceUpdateDate>2024-09-11 19:44:47</PriceUpdateDate>
      <ItemCode>5900102025916</ItemCode>
      <ItemType>1</ItemType>
      <ItemName>שוקולד מריר עם תפוז</ItemName>
      <ManufacturerName>,</ManufacturerName>
      <ManufactureCountry>לא ידוע</ManufactureCountry>
      <ManufacturerItemDescription>שוקולד מריר עם תפוז ללא סוכר 90 גר</ManufacturerItemDescription>
      <UnitQty>גרמים</UnitQty>
      <Quantity>90.00</Quantity>
      <UnitOfMeasure>100 גרם</UnitOfMeasure>
      <bIsWeighted>0</bIsWeighted>
      <QtyInPackage>1</QtyInPackage>
      <ItemPrice>14.90</ItemPrice>
      <UnitOfMeasurePrice>16.5556</UnitOfMeasurePrice>
      <AllowDiscount>1</AllowDiscount>
      <ItemStatus>1</ItemStatus>
      <ItemId>94011</ItemId>
    </Item>
    <Item>
      <PriceUpdateDate>2024-09-11 19:44:47</PriceUpdateDate>
      <ItemCode>5900102025909</ItemCode>
      <ItemType>1</ItemType>
      <ItemName>שוקולד חלב ללא סוכר</ItemName>
      <ManufacturerName>,</ManufacturerName>
      <ManufactureCountry>לא ידוע</ManufactureCountry>
      <ManufacturerItemDescription>שוקולד חלב ללא סוכר 90 גר</ManufacturerItemDescription>
      <UnitQty>גרמים</UnitQty>
      <Quantity>90.00</Quantity>
      <UnitOfMeasure>100 גרם</UnitOfMeasure>
      <bIsWeighted>0</bIsWeighted>
      <QtyInPackage>1</QtyInPackage>
      <ItemPrice>14.90</ItemPrice>
      <UnitOfMeasurePrice>16.5556</UnitOfMeasurePrice>
      <AllowDiscount>1</AllowDiscount>
      <ItemStatus>1</ItemStatus>
      <ItemId>94012</ItemId>
    </Item>
    <Item>
      <PriceUpdateDate>2024-09-11 19:44:53</PriceUpdateDate>
      <ItemCode>5201051001076</ItemCode>
      <ItemType>1</ItemType>
      <ItemName>עלי גפן ממולאים באור</ItemName>
      <ManufacturerName>,</ManufacturerName>
      <ManufactureCountry>לא ידוע</ManufactureCountry>
      <ManufacturerItemDescription>עלי גפן ממולאים באורז 280 גר</ManufacturerItemDescription>
      <UnitQty>גרמים</UnitQty>
      <Quantity>280.00</Quantity>
      <UnitOfMeasure>100 גרם</UnitOfMeasure>
      <bIsWeighted>0</bIsWeighted>
      <QtyInPackage>1</QtyInPackage>
      <ItemPrice>16.90</ItemPrice>
      <UnitOfMeasurePrice>6.0357</UnitOfMeasurePrice>
      <AllowDiscount>1</AllowDiscount>
      <ItemStatus>1</ItemStatus>
      <ItemId>94030</ItemId>
    </Item>
    <Item>
      <PriceUpdateDate>2025-01-15 10:08:06</PriceUpdateDate>
      <ItemCode>4630043662239</ItemCode>
      <ItemType>1</ItemType>
      <ItemName>פסטילה תפוח פטל ללת"</ItemName>
      <ManufacturerName>,</ManufacturerName>
      <ManufactureCountry>לא ידוע</ManufactureCountry>
      <ManufacturerItemDescription>פסטילה תפוח פטל ללת"ס 100 גר</ManufacturerItemDescription>
      <UnitQty>גרמים</UnitQty>
      <Quantity>100.00</Quantity>
      <UnitOfMeasure>100 גרם</UnitOfMeasure>
      <bIsWeighted>0</bIsWeighted>
      <QtyInPackage>1</QtyInPackage>
      <ItemPrice>9.90</ItemPrice>
      <UnitOfMeasurePrice>9.9000</UnitOfMeasurePrice>
      <AllowDiscount>1</AllowDiscount>
      <ItemStatus>1</ItemStatus>
      <ItemId>96594</ItemId>
    </Item>
    <Item>
      <PriceUpdateDate>2025-01-15 10:08:06</PriceUpdateDate>
      <ItemCode>4630043662109</ItemCode>
      <ItemType>1</ItemType>
      <ItemName>פסטילה תפוח חמוציות</ItemName>
      <ManufacturerName>,</ManufacturerName>
      <ManufactureCountry>לא ידוע</ManufactureCountry>
      <ManufacturerItemDescription>פסטילה תפוח חמוציות ללת"ס 100 גר</ManufacturerItemDescription>
      <UnitQty>גרמים</UnitQty>
      <Quantity>100.00</Quantity>
      <UnitOfMeasure>100 גרם</UnitOfMeasure>
      <bIsWeighted>0</bIsWeighted>
      <QtyInPackage>1</QtyInPackage>
      <ItemPrice>9.90</ItemPrice>
      <UnitOfMeasurePrice>9.9000</UnitOfMeasurePrice>
      <AllowDiscount>1</AllowDiscount>
      <ItemStatus>1</ItemStatus>
      <ItemId>96595</ItemId>
    </Item>
    <Item>
      <PriceUpdateDate>2025-01-15 10:08:06</PriceUpdateDate>
      <ItemCode>5290074002221</ItemCode>
      <ItemType>1</ItemType>
      <ItemName>מיץ תפוזים 100% פונט</ItemName>
      <ManufacturerName>,</ManufacturerName>
      <ManufactureCountry>לא ידוע</ManufactureCountry>
      <ManufacturerItemDescription>מיץ תפוזים 100% פונטנה 1 ל</ManufacturerItemDescription>
      <UnitQty>ליטרים</UnitQty>
      <Quantity>1.00</Quantity>
      <UnitOfMeasure>ליטר    </UnitOfMeasure>
      <bIsWeighted>0</bIsWeighted>
      <QtyInPackage>1</QtyInPackage>
      <ItemPrice>11.90</ItemPrice>
      <UnitOfMeasurePrice>11.9000</UnitOfMeasurePrice>
      <AllowDiscount>1</AllowDiscount>
      <ItemStatus>1</ItemStatus>
      <ItemId>96598</ItemId>
    </Item>
    <Item>
      <PriceUpdateDate>2024-09-12 15:50:23</PriceUpdateDate>
      <ItemCode>81393</ItemCode>
      <ItemType>0</ItemType>
      <ItemName>בגט רוסטיק עם חמוציו</ItemName>
      <ManufacturerName>,</ManufacturerName>
      <ManufactureCountry>לא ידוע</ManufactureCountry>
      <ManufacturerItemDescription>בגט רוסטיק עם חמוציות ואגוזים 350 גר</ManufacturerItemDescription>
      <UnitQty>גרמים</UnitQty>
      <Quantity>350.00</Quantity>
      <UnitOfMeasure>100 גרם</UnitOfMeasure>
      <bIsWeighted>0</bIsWeighted>
      <QtyInPackage>1</QtyInPackage>
      <ItemPrice>16.90</ItemPrice>
      <UnitOfMeasurePrice>4.8286</UnitOfMeasurePrice>
      <AllowDiscount>1</AllowDiscount>
      <ItemStatus>1</ItemStatus>
      <ItemId>94038</ItemId>
    </Item>
    <Item>
      <PriceUpdateDate>2024-11-19 15:30:25</PriceUpdateDate>
      <ItemCode>81392</ItemCode>
      <ItemType>0</ItemType>
      <ItemName>בגט רוסטיק עם זית קל</ItemName>
      <ManufacturerName>,</ManufacturerName>
      <ManufactureCountry>לא ידוע</ManufactureCountry>
      <ManufacturerItemDescription>בגט רוסטיק עם זית קלמטה 350 גר</ManufacturerItemDescription>
      <UnitQty>גרמים</UnitQty>
      <Quantity>350.00</Quantity>
      <UnitOfMeasure>100 גרם</UnitOfMeasure>
      <bIsWeighted>0</bIsWeighted>
      <QtyInPackage>1</QtyInPackage>
      <ItemPrice>19.90</ItemPrice>
      <UnitOfMeasurePrice>5.6857</UnitOfMeasurePrice>
      <AllowDiscount>1</AllowDiscount>
      <ItemStatus>1</ItemStatus>
      <ItemId>94039</ItemId>
    </Item>
    <Item>
      <PriceUpdateDate>2024-09-16 13:23:38</PriceUpdateDate>
      <ItemCode>6750008833684</ItemCode>
      <ItemType>1</ItemType>
      <ItemName>שקית כריסמס ליין</ItemName>
      <ManufacturerName>,</ManufacturerName>
      <ManufactureCountry>לא ידוע</ManufactureCountry>
      <ManufacturerItemDescription>שקית כריסמס ליין</ManufacturerItemDescription>
      <UnitQty>Unknown </UnitQty>
      <Quantity>0.00</Quantity>
      <UnitOfMeasure>Unknown </UnitOfMeasure>
      <bIsWeighted>0</bIsWeighted>
      <QtyInPackage>1</QtyInPackage>
      <ItemPrice>3.90</ItemPrice>
      <UnitOfMeasurePrice>0.0000</UnitOfMeasurePrice>
      <AllowDiscount>1</AllowDiscount>
      <ItemStatus>1</ItemStatus>
      <ItemId>94096</ItemId>
    </Item>
    <Item>
      <PriceUpdateDate>2024-09-16 13:23:41</PriceUpdateDate>
      <ItemCode>6985100201592</ItemCode>
      <ItemType>1</ItemType>
      <ItemName>שקיות מעוצבות M</ItemName>
      <ManufacturerName>,</ManufacturerName>
      <ManufactureCountry>לא ידוע</ManufactureCountry>
      <ManufacturerItemDescription>שקיות מעוצבות M</ManufacturerItemDescription>
      <UnitQty>Unknown </UnitQty>
      <Quantity>0.00</Quantity>
      <UnitOfMeasure>Unknown </UnitOfMeasure>
      <bIsWeighted>0</bIsWeighted>
      <QtyInPackage>1</QtyInPackage>
      <ItemPrice>5.90</ItemPrice>
      <UnitOfMeasurePrice>0.0000</UnitOfMeasurePrice>
      <AllowDiscount>1</AllowDiscount>
      <ItemStatus>1</ItemStatus>
      <ItemId>94180</ItemId>
    </Item>
    <Item>
      <PriceUpdateDate>2024-09-16 13:23:41</PriceUpdateDate>
      <ItemCode>6985100202490</ItemCode>
      <ItemType>1</ItemType>
      <ItemName>שקיות מעוצבות M</ItemName>
      <ManufacturerName>,</ManufacturerName>
      <ManufactureCountry>לא ידוע</ManufactureCountry>
      <ManufacturerItemDescription>שקיות מעוצבות M</ManufacturerItemDescription>
      <UnitQty>Unknown </UnitQty>
      <Quantity>0.00</Quantity>
      <UnitOfMeasure>Unknown </UnitOfMeasure>
      <bIsWeighted>0</bIsWeighted>
      <QtyInPackage>1</QtyInPackage>
      <ItemPrice>5.90</ItemPrice>
      <UnitOfMeasurePrice>0.0000</UnitOfMeasurePrice>
      <AllowDiscount>1</AllowDiscount>
      <ItemStatus>1</ItemStatus>
      <ItemId>94184</ItemId>
    </Item>
    <Item>
      <PriceUpdateDate>2024-09-16 13:23:41</PriceUpdateDate>
      <ItemCode>6985100202636</ItemCode>
      <ItemType>1</ItemType>
      <ItemName>שקיות מעוצבות M</ItemName>
      <ManufacturerName>,</ManufacturerName>
      <ManufactureCountry>לא ידוע</ManufactureCountry>
      <ManufacturerItemDescription>שקיות מעוצבות M</ManufacturerItemDescription>
      <UnitQty>Unknown </UnitQty>
      <Quantity>0.00</Quantity>
      <UnitOfMeasure>Unknown </UnitOfMeasure>
      <bIsWeighted>0</bIsWeighted>
      <QtyInPackage>1</QtyInPackage>
      <ItemPrice>5.90</ItemPrice>
      <UnitOfMeasurePrice>0.0000</UnitOfMeasurePrice>
      <AllowDiscount>1</AllowDiscount>
      <ItemStatus>1</ItemStatus>
      <ItemId>94186</ItemId>
    </Item>
    <Item>
      <PriceUpdateDate>2024-11-19 15:30:25</PriceUpdateDate>
      <ItemCode>65415</ItemCode>
      <ItemType>0</ItemType>
      <ItemName>לחם עגול מקמח שיפון</ItemName>
      <ManufacturerName>,</ManufacturerName>
      <ManufactureCountry>לא ידוע</ManufactureCountry>
      <ManufacturerItemDescription>לחם עגול מקמח שיפון 800 גר</ManufacturerItemDescription>
      <UnitQty>גרמים</UnitQty>
      <Quantity>800.00</Quantity>
      <UnitOfMeasure>100 גרם</UnitOfMeasure>
      <bIsWeighted>0</bIsWeighted>
      <QtyInPackage>1</QtyInPackage>
      <ItemPrice>24.90</ItemPrice>
      <UnitOfMeasurePrice>3.1125</UnitOfMeasurePrice>
      <AllowDiscount>1</AllowDiscount>
      <ItemStatus>1</ItemStatus>
      <ItemId>95376</ItemId>
    </Item>
    <Item>
      <PriceUpdateDate>2024-09-16 18:37:38</PriceUpdateDate>
      <ItemCode>7290000845569</ItemCode>
      <ItemType>1</ItemType>
      <ItemName>נקניקיות פרנקפורטר</ItemName>
      <ManufacturerName>,</ManufacturerName>
      <ManufactureCountry>לא ידוע</ManufactureCountry>
      <ManufacturerItemDescription>נקניקיות פרנקפורטר</ManufacturerItemDescription>
      <UnitQty>קילוגרמים</UnitQty>
      <Quantity>1.00</Quantity>
      <UnitOfMeasure>ק"ג</UnitOfMeasure>
      <bIsWeighted>1</bIsWeighted>
      <QtyInPackage>לא ידוע</QtyInPackage>
      <ItemPrice>75.00</ItemPrice>
      <UnitOfMeasurePrice>75.0000</UnitOfMeasurePrice>
      <AllowDiscount>1</AllowDiscount>
      <ItemStatus>1</ItemStatus>
      <ItemId>94226</ItemId>
    </Item>
    <Item>
      <PriceUpdateDate>2025-12-01 19:57:15</PriceUpdateDate>
      <ItemCode>7290000845576</ItemCode>
      <ItemType>1</ItemType>
      <ItemName>נקניקיות עם גבינה</ItemName>
      <ManufacturerName>,</ManufacturerName>
      <ManufactureCountry>לא ידוע</ManufactureCountry>
      <ManufacturerItemDescription>נקניקיות עם גבינה</ManufacturerItemDescription>
      <UnitQty>קילוגרמים</UnitQty>
      <Quantity>1.00</Quantity>
      <UnitOfMeasure>ק"ג</UnitOfMeasure>
      <bIsWeighted>1</bIsWeighted>
      <QtyInPackage>לא ידוע</QtyInPackage>
      <ItemPrice>69.00</ItemPrice>
      <UnitOfMeasurePrice>69.0000</UnitOfMeasurePrice>
      <AllowDiscount>1</AllowDiscount>
      <ItemStatus>1</ItemStatus>
      <ItemId>94227</ItemId>
    </Item>
    <Item>
      <PriceUpdateDate>2025-12-01 19:57:15</PriceUpdateDate>
      <ItemCode>7290000845590</ItemCode>
      <ItemType>1</ItemType>
      <ItemName>נקניקיות מעושנות</ItemName>
      <ManufacturerName>,</ManufacturerName>
      <ManufactureCountry>לא ידוע</ManufactureCountry>
      <ManufacturerItemDescription>נקניקיות מעושנות</ManufacturerItemDescription>
      <UnitQty>קילוגרמים</UnitQty>
      <Quantity>1.00</Quantity>
      <UnitOfMeasure>ק"ג</UnitOfMeasure>
      <bIsWeighted>1</bIsWeighted>
      <QtyInPackage>לא ידוע</QtyInPackage>
      <ItemPrice>59.00</ItemPrice>
      <UnitOfMeasurePrice>59.0000</UnitOfMeasurePrice>
      <AllowDiscount>1</AllowDiscount>
      <ItemStatus>1</ItemStatus>
      <ItemId>94229</ItemId>
    </Item>
    <Item>
      <PriceUpdateDate>2025-05-02 08:13:41</PriceUpdateDate>
      <ItemCode>4602358009696</ItemCode>
      <ItemType>1</ItemType>
      <ItemName>גלידת רול קרם ברולה</ItemName>
      <ManufacturerName>ז'יטומרסקי זאבוד</ManufacturerName>
      <ManufactureCountry>לא ידוע</ManufactureCountry>
      <ManufacturerItemDescription>גלידת רול קרם ברולה 90 גר</ManufacturerItemDescription>
      <UnitQty>גרמים</UnitQty>
      <Quantity>90.00</Quantity>
      <UnitOfMeasure>100 גרם</UnitOfMeasure>
      <bIsWeighted>0</bIsWeighted>
      <QtyInPackage>1</QtyInPackage>
      <ItemPrice>8.90</ItemPrice>
      <UnitOfMeasurePrice>9.8889</UnitOfMeasurePrice>
      <AllowDiscount>1</AllowDiscount>
      <ItemStatus>1</ItemStatus>
      <ItemId>96716</ItemId>
    </Item>
    <Item>
      <PriceUpdateDate>2024-11-28 14:36:48</PriceUpdateDate>
      <ItemCode>6900201401238</ItemCode>
      <ItemType>1</ItemType>
      <ItemName>פנס תאורה כריסמס</ItemName>
      <ManufacturerName>,</ManufacturerName>
      <ManufactureCountry>לא ידוע</ManufactureCountry>
      <ManufacturerItemDescription>פנס תאורה כריסמס</ManufacturerItemDescription>
      <UnitQty>Unknown </UnitQty>
      <Quantity>0.00</Quantity>
      <UnitOfMeasure>Unknown </UnitOfMeasure>
      <bIsWeighted>0</bIsWeighted>
      <QtyInPackage>1</QtyInPackage>
      <ItemPrice>59.90</ItemPrice>
      <UnitOfMeasurePrice>0.0000</UnitOfMeasurePrice>
      <AllowDiscount>1</AllowDiscount>
      <ItemStatus>1</ItemStatus>
      <ItemId>95752</ItemId>
    </Item>
    <Item>
      <PriceUpdateDate>2025-04-02 13:22:13</PriceUpdateDate>
      <ItemCode>8936019610164</ItemCode>
      <ItemType>1</ItemType>
      <ItemName>מיקס עגבניות ומלפפונ</ItemName>
      <ManufacturerName>,</ManufacturerName>
      <ManufactureCountry>לא ידוע</ManufactureCountry>
      <ManufacturerItemDescription>מיקס עגבניות ומלפפונים בחומץ 680 גר</ManufacturerItemDescription>
      <UnitQty>גרמים</UnitQty>
      <Quantity>680.00</Quantity>
      <UnitOfMeasure>100 גרם</UnitOfMeasure>
      <bIsWeighted>0</bIsWeighted>
      <QtyInPackage>1</QtyInPackage>
      <ItemPrice>11.90</ItemPrice>
      <UnitOfMeasurePrice>1.7500</UnitOfMeasurePrice>
      <AllowDiscount>1</AllowDiscount>
      <ItemStatus>1</ItemStatus>
      <ItemId>94431</ItemId>
    </Item>
    <Item>
      <PriceUpdateDate>2025-08-10 09:41:16</PriceUpdateDate>
      <ItemCode>4751005705440</ItemCode>
      <ItemType>1</ItemType>
      <ItemName>שפרוטים מעושנים גדול</ItemName>
      <ManufacturerName>,</ManufacturerName>
      <ManufactureCountry>לא ידוע</ManufactureCountry>
      <ManufacturerItemDescription>שפרוטים מעושנים גדולים בשמן 170 גר</ManufacturerItemDescription>
      <UnitQty>גרמים</UnitQty>
      <Quantity>170.00</Quantity>
      <UnitOfMeasure>100 גרם</UnitOfMeasure>
      <bIsWeighted>0</bIsWeighted>
      <QtyInPackage>24</QtyInPackage>
      <ItemPrice>13.90</ItemPrice>
      <UnitOfMeasurePrice>8.1765</UnitOfMeasurePrice>
      <AllowDiscount>1</AllowDiscount>
      <ItemStatus>1</ItemStatus>
      <ItemId>94434</ItemId>
    </Item>
    <Item>
      <PriceUpdateDate>2024-09-29 10:24:12</PriceUpdateDate>
      <ItemCode>4751005705433</ItemCode>
      <ItemType>1</ItemType>
      <ItemName>ממרח שפרוטים מעושנים</ItemName>
      <ManufacturerName>,</ManufacturerName>
      <ManufactureCountry>לא ידוע</ManufactureCountry>
      <ManufacturerItemDescription>ממרח שפרוטים מעושנים 240 גר</ManufacturerItemDescription>
      <UnitQty>גרמים</UnitQty>
      <Quantity>240.00</Quantity>
      <UnitOfMeasure>100 גרם</UnitOfMeasure>
      <bIsWeighted>0</bIsWeighted>
      <QtyInPackage>1</QtyInPackage>
      <ItemPrice>9.90</ItemPrice>
      <UnitOfMeasurePrice>4.1250</UnitOfMeasurePrice>
      <AllowDiscount>1</AllowDiscount>
      <ItemStatus>1</ItemStatus>
      <ItemId>94460</ItemId>
    </Item>
    <Item>
      <PriceUpdateDate>2024-09-30 08:38:47</PriceUpdateDate>
      <ItemCode>30900001494</ItemCode>
      <ItemType>1</ItemType>
      <ItemName>קרם ציז אמריקאי גביע</ItemName>
      <ManufacturerName>,</ManufacturerName>
      <ManufactureCountry>לא ידוע</ManufactureCountry>
      <ManufacturerItemDescription>קרם ציז אמריקאי גביע 227 גר</ManufacturerItemDescription>
      <UnitQty>גרמים</UnitQty>
      <Quantity>227.00</Quantity>
      <UnitOfMeasure>100 גרם</UnitOfMeasure>
      <bIsWeighted>0</bIsWeighted>
      <QtyInPackage>1</QtyInPackage>
      <ItemPrice>19.90</ItemPrice>
      <UnitOfMeasurePrice>8.7665</UnitOfMeasurePrice>
      <AllowDiscount>1</AllowDiscount>
      <ItemStatus>1</ItemStatus>
      <ItemId>94478</ItemId>
    </Item>
    <Item>
      <PriceUpdateDate>2024-09-30 08:38:47</PriceUpdateDate>
      <ItemCode>5704025018457</ItemCode>
      <ItemType>1</ItemType>
      <ItemName>קרם ציז אמבורג 200 ג</ItemName>
      <ManufacturerName>,</ManufacturerName>
      <ManufactureCountry>לא ידוע</ManufactureCountry>
      <ManufacturerItemDescription>קרם ציז אמבורג 200 גר</ManufacturerItemDescription>
      <UnitQty>גרמים</UnitQty>
      <Quantity>200.00</Quantity>
      <UnitOfMeasure>100 גרם</UnitOfMeasure>
      <bIsWeighted>0</bIsWeighted>
      <QtyInPackage>1</QtyInPackage>
      <ItemPrice>16.90</ItemPrice>
      <UnitOfMeasurePrice>8.4500</UnitOfMeasurePrice>
      <AllowDiscount>1</AllowDiscount>
      <ItemStatus>1</ItemStatus>
      <ItemId>94482</ItemId>
    </Item>
    <Item>
      <PriceUpdateDate>2024-10-01 09:10:44</PriceUpdateDate>
      <ItemCode>6750008835008</ItemCode>
      <ItemType>1</ItemType>
      <ItemName>שקיות מעוצבות M</ItemName>
      <ManufacturerName>,</ManufacturerName>
      <ManufactureCountry>לא ידוע</ManufactureCountry>
      <ManufacturerItemDescription>שקיות מעוצבות M</ManufacturerItemDescription>
      <UnitQty>לא מנהל יחידת מידה</UnitQty>
      <Quantity>0.00</Quantity>
      <UnitOfMeasure>לא מנהל יחידת מידה</UnitOfMeasure>
      <bIsWeighted>0</bIsWeighted>
      <QtyInPackage>1</QtyInPackage>
      <ItemPrice>5.90</ItemPrice>
      <UnitOfMeasurePrice>0.0000</UnitOfMeasurePrice>
      <AllowDiscount>1</AllowDiscount>
      <ItemStatus>1</ItemStatus>
      <ItemId>94490</ItemId>
    </Item>
    <Item>
      <PriceUpdateDate>2024-11-28 14:36:49</PriceUpdateDate>
      <ItemCode>6900240241222</ItemCode>
      <ItemType>1</ItemType>
      <ItemName>עץ אשוח אורות</ItemName>
      <ManufacturerName>,</ManufacturerName>
      <ManufactureCountry>לא ידוע</ManufactureCountry>
      <ManufacturerItemDescription>עץ אשוח אורות</ManufacturerItemDescription>
      <UnitQty>Unknown </UnitQty>
      <Quantity>0.00</Quantity>
      <UnitOfMeasure>Unknown </UnitOfMeasure>
      <bIsWeighted>0</bIsWeighted>
      <QtyInPackage>1</QtyInPackage>
      <ItemPrice>24.90</ItemPrice>
      <UnitOfMeasurePrice>0.0000</UnitOfMeasurePrice>
      <AllowDiscount>1</AllowDiscount>
      <ItemStatus>1</ItemStatus>
      <ItemId>95760</ItemId>
    </Item>
    <Item>
      <PriceUpdateDate>2025-04-02 13:22:24</PriceUpdateDate>
      <ItemCode>4610174794276</ItemCode>
      <ItemType>1</ItemType>
      <ItemName>ממתק חלווה חמניות 25</ItemName>
      <ManufacturerName>,</ManufacturerName>
      <ManufactureCountry>לא ידוע</ManufactureCountry>
      <ManufacturerItemDescription>ממתק חלווה חמניות 250 גר</ManufacturerItemDescription>
      <UnitQty>גרמים</UnitQty>
      <Quantity>250.00</Quantity>
      <UnitOfMeasure>100 גרם</UnitOfMeasure>
      <bIsWeighted>0</bIsWeighted>
      <QtyInPackage>1</QtyInPackage>
      <ItemPrice>6.90</ItemPrice>
      <UnitOfMeasurePrice>2.7600</UnitOfMeasurePrice>
      <AllowDiscount>1</AllowDiscount>
      <ItemStatus>1</ItemStatus>
      <ItemId>94551</ItemId>
    </Item>
    <Item>
      <PriceUpdateDate>2024-10-08 13:17:39</PriceUpdateDate>
      <ItemCode>5411223007243</ItemCode>
      <ItemType>1</ItemType>
      <ItemName>בירה לינדמנס קריק דו</ItemName>
      <ManufacturerName>,</ManufacturerName>
      <ManufactureCountry>לא ידוע</ManufactureCountry>
      <ManufacturerItemDescription>בירה לינדמנס קריק דובדבן 750 מל</ManufacturerItemDescription>
      <UnitQty>מיליליטרים</UnitQty>
      <Quantity>750.00</Quantity>
      <UnitOfMeasure>100 מ"ל</UnitOfMeasure>
      <bIsWeighted>0</bIsWeighted>
      <QtyInPackage>1</QtyInPackage>
      <ItemPrice>34.90</ItemPrice>
      <UnitOfMeasurePrice>4.6533</UnitOfMeasurePrice>
      <AllowDiscount>1</AllowDiscount>
      <ItemStatus>1</ItemStatus>
      <ItemId>94556</ItemId>
    </Item>
    <Item>
      <PriceUpdateDate>2024-10-10 14:26:37</PriceUpdateDate>
      <ItemCode>7290003018901</ItemCode>
      <ItemType>1</ItemType>
      <ItemName>איטלינסקיה חי פרוס מ</ItemName>
      <ManufacturerName>מעדני בשר השוקת</ManufacturerName>
      <ManufactureCountry>לא ידוע</ManufactureCountry>
      <ManufacturerItemDescription>איטלינסקיה חי פרוס מגש 180 גר</ManufacturerItemDescription>
      <UnitQty>גרמים</UnitQty>
      <Quantity>180.00</Quantity>
      <UnitOfMeasure>100 גרם</UnitOfMeasure>
      <bIsWeighted>0</bIsWeighted>
      <QtyInPackage>1</QtyInPackage>
      <ItemPrice>37.90</ItemPrice>
      <UnitOfMeasurePrice>21.0556</UnitOfMeasurePrice>
      <AllowDiscount>1</AllowDiscount>
      <ItemStatus>1</ItemStatus>
      <ItemId>94566</ItemId>
    </Item>
    <Item>
      <PriceUpdateDate>2024-10-10 14:26:37</PriceUpdateDate>
      <ItemCode>7290003018871</ItemCode>
      <ItemType>1</ItemType>
      <ItemName>מוסקובסקיה חי פרוס מ</ItemName>
      <ManufacturerName>מעדני בשר השוקת</ManufacturerName>
      <ManufactureCountry>לא ידוע</ManufactureCountry>
      <ManufacturerItemDescription>מוסקובסקיה חי פרוס מגש 180 גר</ManufacturerItemDescription>
      <UnitQty>גרמים</UnitQty>
      <Quantity>180.00</Quantity>
      <UnitOfMeasure>100 גרם</UnitOfMeasure>
      <bIsWeighted>0</bIsWeighted>
      <QtyInPackage>1</QtyInPackage>
      <ItemPrice>37.90</ItemPrice>
      <UnitOfMeasurePrice>21.0556</UnitOfMeasurePrice>
      <AllowDiscount>1</AllowDiscount>
      <ItemStatus>1</ItemStatus>
      <ItemId>94568</ItemId>
    </Item>
    <Item>
      <PriceUpdateDate>2024-10-10 14:26:38</PriceUpdateDate>
      <ItemCode>7290003018888</ItemCode>
      <ItemType>1</ItemType>
      <ItemName>בראונשבגסקיה חי פרוס</ItemName>
      <ManufacturerName>מעדני בשר השוקת</ManufacturerName>
      <ManufactureCountry>לא ידוע</ManufactureCountry>
      <ManufacturerItemDescription>בראונשבגסקיה חי פרוס מגש 180 גר</ManufacturerItemDescription>
      <UnitQty>גרמים</UnitQty>
      <Quantity>180.00</Quantity>
      <UnitOfMeasure>100 גרם</UnitOfMeasure>
      <bIsWeighted>0</bIsWeighted>
      <QtyInPackage>1</QtyInPackage>
      <ItemPrice>37.90</ItemPrice>
      <UnitOfMeasurePrice>21.0556</UnitOfMeasurePrice>
      <AllowDiscount>1</AllowDiscount>
      <ItemStatus>1</ItemStatus>
      <ItemId>94569</ItemId>
    </Item>
    <Item>
      <PriceUpdateDate>2024-10-10 14:26:38</PriceUpdateDate>
      <ItemCode>7290003018840</ItemCode>
      <ItemType>1</ItemType>
      <ItemName>וירזקה חי פרוס 200 ג</ItemName>
      <ManufacturerName>מעדני בשר השוקת</ManufacturerName>
      <ManufactureCountry>לא ידוע</ManufactureCountry>
      <ManufacturerItemDescription>וארשבסקיה פרוס מגש 180 גר</ManufacturerItemDescription>
      <UnitQty>גרמים</UnitQty>
      <Quantity>180.00</Quantity>
      <UnitOfMeasure>100 גרם</UnitOfMeasure>
      <bIsWeighted>0</bIsWeighted>
      <QtyInPackage>1</QtyInPackage>
      <ItemPrice>24.90</ItemPrice>
      <UnitOfMeasurePrice>13.8333</UnitOfMeasurePrice>
      <AllowDiscount>1</AllowDiscount>
      <ItemStatus>1</ItemStatus>
      <ItemId>94570</ItemId>
    </Item>
    <Item>
      <PriceUpdateDate>2024-10-10 14:26:38</PriceUpdateDate>
      <ItemCode>7290003018895</ItemCode>
      <ItemType>1</ItemType>
      <ItemName>סרוולט חי פרוס מגש 1</ItemName>
      <ManufacturerName>מעדני בשר השוקת</ManufacturerName>
      <ManufactureCountry>לא ידוע</ManufactureCountry>
      <ManufacturerItemDescription>סרוולט חי פרוס מגש 180 גר</ManufacturerItemDescription>
      <UnitQty>גרמים</UnitQty>
      <Quantity>180.00</Quantity>
      <UnitOfMeasure>100 גרם</UnitOfMeasure>
      <bIsWeighted>0</bIsWeighted>
      <QtyInPackage>1</QtyInPackage>
      <ItemPrice>37.90</ItemPrice>
      <UnitOfMeasurePrice>21.0556</UnitOfMeasurePrice>
      <AllowDiscount>1</AllowDiscount>
      <ItemStatus>1</ItemStatus>
      <ItemId>94572</ItemId>
    </Item>
    <Item>
      <PriceUpdateDate>2024-10-13 11:07:35</PriceUpdateDate>
      <ItemCode>8023354068115</ItemCode>
      <ItemType>1</ItemType>
      <ItemName>יין פרימיטיבו  סאלנט</ItemName>
      <ManufacturerName>,</ManufacturerName>
      <ManufactureCountry>לא ידוע</ManufactureCountry>
      <ManufacturerItemDescription>יין פרימיטיבו  סאלנטו טיאמו סאן מרזאנו</ManufacturerItemDescription>
      <UnitQty>מיליליטרים</UnitQty>
      <Quantity>750.00</Quantity>
      <UnitOfMeasure>100 מ"ל</UnitOfMeasure>
      <bIsWeighted>0</bIsWeighted>
      <QtyInPackage>1</QtyInPackage>
      <ItemPrice>49.90</ItemPrice>
      <UnitOfMeasurePrice>6.6533</UnitOfMeasurePrice>
      <AllowDiscount>1</AllowDiscount>
      <ItemStatus>1</ItemStatus>
      <ItemId>94605</ItemId>
    </Item>
    <Item>
      <PriceUpdateDate>2025-10-26 10:05:40</PriceUpdateDate>
      <ItemCode>16891</ItemCode>
      <ItemType>0</ItemType>
      <ItemName>כיסוני תפוא ארוז</ItemName>
      <ManufacturerName>,</ManufacturerName>
      <ManufactureCountry>לא ידוע</ManufactureCountry>
      <ManufacturerItemDescription>כיסוני תפוא ארוז</ManufacturerItemDescription>
      <UnitQty>קילוגרמים</UnitQty>
      <Quantity>1.00</Quantity>
      <UnitOfMeasure>ק"ג</UnitOfMeasure>
      <bIsWeighted>1</bIsWeighted>
      <QtyInPackage>לא ידוע</QtyInPackage>
      <ItemPrice>85.00</ItemPrice>
      <UnitOfMeasurePrice>85.0000</UnitOfMeasurePrice>
      <AllowDiscount>1</AllowDiscount>
      <ItemStatus>1</ItemStatus>
      <ItemId>94618</ItemId>
    </Item>
    <Item>
      <PriceUpdateDate>2025-10-26 10:05:40</PriceUpdateDate>
      <ItemCode>16892</ItemCode>
      <ItemType>0</ItemType>
      <ItemName>כיסוני בשר ארוז</ItemName>
      <ManufacturerName>,</ManufacturerName>
      <ManufactureCountry>לא ידוע</ManufactureCountry>
      <ManufacturerItemDescription>כיסוני בשר ארוז</ManufacturerItemDescription>
      <UnitQty>קילוגרמים</UnitQty>
      <Quantity>1.00</Quantity>
      <UnitOfMeasure>ק"ג</UnitOfMeasure>
      <bIsWeighted>1</bIsWeighted>
      <QtyInPackage>לא ידוע</QtyInPackage>
      <ItemPrice>89.00</ItemPrice>
      <UnitOfMeasurePrice>89.0000</UnitOfMeasurePrice>
      <AllowDiscount>1</AllowDiscount>
      <ItemStatus>1</ItemStatus>
      <ItemId>94619</ItemId>
    </Item>
    <Item>
      <PriceUpdateDate>2025-06-03 08:36:02</PriceUpdateDate>
      <ItemCode>16874</ItemCode>
      <ItemType>0</ItemType>
      <ItemName>שיפודי פרגית</ItemName>
      <ManufacturerName>,</ManufacturerName>
      <ManufactureCountry>לא ידוע</ManufactureCountry>
      <ManufacturerItemDescription>שיפודי פרגית</ManufacturerItemDescription>
      <UnitQty>קילוגרמים</UnitQty>
      <Quantity>1.00</Quantity>
      <UnitOfMeasure>ק"ג</UnitOfMeasure>
      <bIsWeighted>1</bIsWeighted>
      <QtyInPackage>לא ידוע</QtyInPackage>
      <ItemPrice>139.00</ItemPrice>
      <UnitOfMeasurePrice>139.0000</UnitOfMeasurePrice>
      <AllowDiscount>1</AllowDiscount>
      <ItemStatus>1</ItemStatus>
      <ItemId>94620</ItemId>
    </Item>
    <Item>
      <PriceUpdateDate>2025-10-19 19:55:12</PriceUpdateDate>
      <ItemCode>8710812011133</ItemCode>
      <ItemType>1</ItemType>
      <ItemName>ריבת פטל שחור 450 גר</ItemName>
      <ManufacturerName>,</ManufacturerName>
      <ManufactureCountry>לא ידוע</ManufactureCountry>
      <ManufacturerItemDescription>ריבת פטל שחור 450 גר</ManufacturerItemDescription>
      <UnitQty>גרמים</UnitQty>
      <Quantity>450.00</Quantity>
      <UnitOfMeasure>100 גרם</UnitOfMeasure>
      <bIsWeighted>0</bIsWeighted>
      <QtyInPackage>1</QtyInPackage>
      <ItemPrice>14.90</ItemPrice>
      <UnitOfMeasurePrice>3.3111</UnitOfMeasurePrice>
      <AllowDiscount>1</AllowDiscount>
      <ItemStatus>1</ItemStatus>
      <ItemId>94649</ItemId>
    </Item>
    <Item>
      <PriceUpdateDate>2024-10-18 08:55:16</PriceUpdateDate>
      <ItemCode>8711281013345</ItemCode>
      <ItemType>1</ItemType>
      <ItemName>חרדל הולנדי גרגרים 3</ItemName>
      <ManufacturerName>,</ManufacturerName>
      <ManufactureCountry>לא ידוע</ManufactureCountry>
      <ManufacturerItemDescription>חרדל הולנדי גרגרים 335 גר</ManufacturerItemDescription>
      <UnitQty>גרמים</UnitQty>
      <Quantity>335.00</Quantity>
      <UnitOfMeasure>100 גרם</UnitOfMeasure>
      <bIsWeighted>0</bIsWeighted>
      <QtyInPackage>1</QtyInPackage>
      <ItemPrice>13.90</ItemPrice>
      <UnitOfMeasurePrice>4.1493</UnitOfMeasurePrice>
      <AllowDiscount>1</AllowDiscount>
      <ItemStatus>1</ItemStatus>
      <ItemId>94651</ItemId>
    </Item>
    <Item>
      <PriceUpdateDate>2024-10-18 08:55:29</PriceUpdateDate>
      <ItemCode>4015576236780</ItemCode>
      <ItemType>1</ItemType>
      <ItemName>בירה לא מסוננת ברלינ</ItemName>
      <ManufacturerName>,</ManufacturerName>
      <ManufactureCountry>לא ידוע</ManufactureCountry>
      <ManufacturerItemDescription>בירה לא מסוננת ברלינר גשיחטה פחית 500 מל</ManufacturerItemDescription>
      <UnitQty>מיליליטרים</UnitQty>
      <Quantity>500.00</Quantity>
      <UnitOfMeasure>100 מ"ל</UnitOfMeasure>
      <bIsWeighted>0</bIsWeighted>
      <QtyInPackage>1</QtyInPackage>
      <ItemPrice>8.90</ItemPrice>
      <UnitOfMeasurePrice>1.7800</UnitOfMeasurePrice>
      <AllowDiscount>1</AllowDiscount>
      <ItemStatus>1</ItemStatus>
      <ItemId>94656</ItemId>
    </Item>
    <Item>
      <PriceUpdateDate>2025-11-09 14:54:19</PriceUpdateDate>
      <ItemCode>8003896013200</ItemCode>
      <ItemType>1</ItemType>
      <ItemName>סאנטאנגלו מיני פנטונ</ItemName>
      <ManufacturerName>,</ManufacturerName>
      <ManufactureCountry>לא ידוע</ManufactureCountry>
      <ManufacturerItemDescription>סאנטאנגלו מיני פנטונה שוקולד ציפס 100 גר</ManufacturerItemDescription>
      <UnitQty>גרמים</UnitQty>
      <Quantity>100.00</Quantity>
      <UnitOfMeasure>100 גרם</UnitOfMeasure>
      <bIsWeighted>0</bIsWeighted>
      <QtyInPackage>1</QtyInPackage>
      <ItemPrice>16.90</ItemPrice>
      <UnitOfMeasurePrice>16.9000</UnitOfMeasurePrice>
      <AllowDiscount>1</AllowDiscount>
      <ItemStatus>1</ItemStatus>
      <ItemId>94667</ItemId>
    </Item>
    <Item>
      <PriceUpdateDate>2024-10-21 16:27:29</PriceUpdateDate>
      <ItemCode>3147690051206</ItemCode>
      <ItemType>1</ItemType>
      <ItemName>ויסקי לייבל בלאק 5 ק</ItemName>
      <ManufacturerName>,</ManufacturerName>
      <ManufactureCountry>לא ידוע</ManufactureCountry>
      <ManufacturerItemDescription>ויסקי לייבל בלאק 5 קלאסיק 700 מל</ManufacturerItemDescription>
      <UnitQty>מיליליטרים</UnitQty>
      <Quantity>700.00</Quantity>
      <UnitOfMeasure>100 מ"ל</UnitOfMeasure>
      <bIsWeighted>0</bIsWeighted>
      <QtyInPackage>1</QtyInPackage>
      <ItemPrice>72.90</ItemPrice>
      <UnitOfMeasurePrice>10.4143</UnitOfMeasurePrice>
      <AllowDiscount>1</AllowDiscount>
      <ItemStatus>1</ItemStatus>
      <ItemId>94854</ItemId>
    </Item>
    <Item>
      <PriceUpdateDate>2024-10-21 16:27:29</PriceUpdateDate>
      <ItemCode>5010494506303</ItemCode>
      <ItemType>1</ItemType>
      <ItemName>ויסקי גלאן מוריי סינ</ItemName>
      <ManufacturerName>,</ManufacturerName>
      <ManufactureCountry>לא ידוע</ManufactureCountry>
      <ManufacturerItemDescription>ויסקי גלאן מוריי סינגל מאלט 12 שנים 700</ManufacturerItemDescription>
      <UnitQty>מיליליטרים</UnitQty>
      <Quantity>700.00</Quantity>
      <UnitOfMeasure>100 מ"ל</UnitOfMeasure>
      <bIsWeighted>0</bIsWeighted>
      <QtyInPackage>1</QtyInPackage>
      <ItemPrice>149.90</ItemPrice>
      <UnitOfMeasurePrice>21.4143</UnitOfMeasurePrice>
      <AllowDiscount>1</AllowDiscount>
      <ItemStatus>1</ItemStatus>
      <ItemId>94856</ItemId>
    </Item>
    <Item>
      <PriceUpdateDate>2025-12-01 19:57:15</PriceUpdateDate>
      <ItemCode>7290119845538</ItemCode>
      <ItemType>1</ItemType>
      <ItemName>קבנוס סטיקס 120 גר</ItemName>
      <ManufacturerName>,</ManufacturerName>
      <ManufactureCountry>לא ידוע</ManufactureCountry>
      <ManufacturerItemDescription>קבנוס סטיקס 120 גר</ManufacturerItemDescription>
      <UnitQty>גרמים</UnitQty>
      <Quantity>120.00</Quantity>
      <UnitOfMeasure>100 גרם</UnitOfMeasure>
      <bIsWeighted>0</bIsWeighted>
      <QtyInPackage>1</QtyInPackage>
      <ItemPrice>39.90</ItemPrice>
      <UnitOfMeasurePrice>33.2500</UnitOfMeasurePrice>
      <AllowDiscount>1</AllowDiscount>
      <ItemStatus>1</ItemStatus>
      <ItemId>94868</ItemId>
    </Item>
    <Item>
      <PriceUpdateDate>2025-04-24 08:27:29</PriceUpdateDate>
      <ItemCode>7290001121665</ItemCode>
      <ItemType>1</ItemType>
      <ItemName>קבנוס יחיעם בקר ועוף</ItemName>
      <ManufacturerName>מעדני יחיעם 1993</ManufacturerName>
      <ManufactureCountry>לא ידוע</ManufactureCountry>
      <ManufacturerItemDescription>קבנוס יחיעם צילי חריף 125 גר</ManufacturerItemDescription>
      <UnitQty>גרמים</UnitQty>
      <Quantity>125.00</Quantity>
      <UnitOfMeasure>100 גרם</UnitOfMeasure>
      <bIsWeighted>0</bIsWeighted>
      <QtyInPackage>1</QtyInPackage>
      <ItemPrice>15.90</ItemPrice>
      <UnitOfMeasurePrice>12.7200</UnitOfMeasurePrice>
      <AllowDiscount>1</AllowDiscount>
      <ItemStatus>1</ItemStatus>
      <ItemId>94875</ItemId>
    </Item>
    <Item>
      <PriceUpdateDate>2025-07-06 17:51:06</PriceUpdateDate>
      <ItemCode>6904320244806</ItemCode>
      <ItemType>1</ItemType>
      <ItemName>מפת שולחן מעוצב</ItemName>
      <ManufacturerName>,</ManufacturerName>
      <ManufactureCountry>לא ידוע</ManufactureCountry>
      <ManufacturerItemDescription>מפת שולחן מעוצב</ManufacturerItemDescription>
      <UnitQty>מטרים</UnitQty>
      <Quantity>320.00</Quantity>
      <UnitOfMeasure>מטר</UnitOfMeasure>
      <bIsWeighted>0</bIsWeighted>
      <QtyInPackage>1</QtyInPackage>
      <ItemPrice>59.90</ItemPrice>
      <UnitOfMeasurePrice>0.1872</UnitOfMeasurePrice>
      <AllowDiscount>1</AllowDiscount>
      <ItemStatus>1</ItemStatus>
      <ItemId>94885</ItemId>
    </Item>
    <Item>
      <PriceUpdateDate>2024-10-30 17:10:20</PriceUpdateDate>
      <ItemCode>4840013012845</ItemCode>
      <ItemType>1</ItemType>
      <ItemName>יין מבעבע לבן חצי מת</ItemName>
      <ManufacturerName>,</ManufacturerName>
      <ManufactureCountry>לא ידוע</ManufactureCountry>
      <ManufacturerItemDescription>יין מבעבע לבן חצי מתוק סובטסקויה 750 מל</ManufacturerItemDescription>
      <UnitQty>מיליליטרים</UnitQty>
      <Quantity>750.00</Quantity>
      <UnitOfMeasure>100 מ"ל</UnitOfMeasure>
      <bIsWeighted>0</bIsWeighted>
      <QtyInPackage>1</QtyInPackage>
      <ItemPrice>29.90</ItemPrice>
      <UnitOfMeasurePrice>3.9867</UnitOfMeasurePrice>
      <AllowDiscount>1</AllowDiscount>
      <ItemStatus>1</ItemStatus>
      <ItemId>94939</ItemId>
    </Item>
    <Item>
      <PriceUpdateDate>2024-10-30 17:10:20</PriceUpdateDate>
      <ItemCode>4840013012838</ItemCode>
      <ItemType>1</ItemType>
      <ItemName>יין מבעבע לבן חצי יב</ItemName>
      <ManufacturerName>,</ManufacturerName>
      <ManufactureCountry>לא ידוע</ManufactureCountry>
      <ManufacturerItemDescription>יין מבעבע לבן חצי יבש סובטסקויה 750 מל</ManufacturerItemDescription>
      <UnitQty>מיליליטרים</UnitQty>
      <Quantity>750.00</Quantity>
      <UnitOfMeasure>100 מ"ל</UnitOfMeasure>
      <bIsWeighted>0</bIsWeighted>
      <QtyInPackage>1</QtyInPackage>
      <ItemPrice>29.90</ItemPrice>
      <UnitOfMeasurePrice>3.9867</UnitOfMeasurePrice>
      <AllowDiscount>1</AllowDiscount>
      <ItemStatus>1</ItemStatus>
      <ItemId>94940</ItemId>
    </Item>
    <Item>
      <PriceUpdateDate>2024-10-30 17:10:20</PriceUpdateDate>
      <ItemCode>4840013012821</ItemCode>
      <ItemType>1</ItemType>
      <ItemName>יין מבעבע לבן יבש במ</ItemName>
      <ManufacturerName>,</ManufacturerName>
      <ManufactureCountry>לא ידוע</ManufactureCountry>
      <ManufacturerItemDescription>יין מבעבע לבן יבש במיוחד סובטסקויה 750 מ</ManufacturerItemDescription>
      <UnitQty>מיליליטרים</UnitQty>
      <Quantity>750.00</Quantity>
      <UnitOfMeasure>100 מ"ל</UnitOfMeasure>
      <bIsWeighted>0</bIsWeighted>
      <QtyInPackage>1</QtyInPackage>
      <ItemPrice>29.90</ItemPrice>
      <UnitOfMeasurePrice>3.9867</UnitOfMeasurePrice>
      <AllowDiscount>1</AllowDiscount>
      <ItemStatus>1</ItemStatus>
      <ItemId>94941</ItemId>
    </Item>
    <Item>
      <PriceUpdateDate>2024-11-03 10:21:33</PriceUpdateDate>
      <ItemCode>8008743037897</ItemCode>
      <ItemType>1</ItemType>
      <ItemName>שוקולד ברשת לבבות ממ</ItemName>
      <ManufacturerName>,</ManufacturerName>
      <ManufactureCountry>לא ידוע</ManufactureCountry>
      <ManufacturerItemDescription>שוקולד ברשת לבבות ממולאים 100 גר</ManufacturerItemDescription>
      <UnitQty>גרמים</UnitQty>
      <Quantity>100.00</Quantity>
      <UnitOfMeasure>100 גרם</UnitOfMeasure>
      <bIsWeighted>0</bIsWeighted>
      <QtyInPackage>1</QtyInPackage>
      <ItemPrice>9.90</ItemPrice>
      <UnitOfMeasurePrice>9.9000</UnitOfMeasurePrice>
      <AllowDiscount>1</AllowDiscount>
      <ItemStatus>1</ItemStatus>
      <ItemId>94976</ItemId>
    </Item>
    <Item>
      <PriceUpdateDate>2024-11-11 10:24:10</PriceUpdateDate>
      <ItemCode>6907793823370</ItemCode>
      <ItemType>1</ItemType>
      <ItemName>בובות דמויות מהכריסמ</ItemName>
      <ManufacturerName>,</ManufacturerName>
      <ManufactureCountry>לא ידוע</ManufactureCountry>
      <ManufacturerItemDescription>בובות דמויות מהכריסמס</ManufacturerItemDescription>
      <UnitQty>Unknown </UnitQty>
      <Quantity>0.00</Quantity>
      <UnitOfMeasure>Unknown </UnitOfMeasure>
      <bIsWeighted>0</bIsWeighted>
      <QtyInPackage>1</QtyInPackage>
      <ItemPrice>19.90</ItemPrice>
      <UnitOfMeasurePrice>0.0000</UnitOfMeasurePrice>
      <AllowDiscount>1</AllowDiscount>
      <ItemStatus>1</ItemStatus>
      <ItemId>95195</ItemId>
    </Item>
    <Item>
      <PriceUpdateDate>2024-11-11 10:24:16</PriceUpdateDate>
      <ItemCode>6123620244365</ItemCode>
      <ItemType>1</ItemType>
      <ItemName>כובע נוביי גוד</ItemName>
      <ManufacturerName>,</ManufacturerName>
      <ManufactureCountry>לא ידוע</ManufactureCountry>
      <ManufacturerItemDescription>כובע נוביי גוד</ManufacturerItemDescription>
      <UnitQty>Unknown </UnitQty>
      <Quantity>1.00</Quantity>
      <UnitOfMeasure>Unknown </UnitOfMeasure>
      <bIsWeighted>0</bIsWeighted>
      <QtyInPackage>1</QtyInPackage>
      <ItemPrice>19.90</ItemPrice>
      <UnitOfMeasurePrice>19.9000</UnitOfMeasurePrice>
      <AllowDiscount>1</AllowDiscount>
      <ItemStatus>1</ItemStatus>
      <ItemId>95228</ItemId>
    </Item>
    <Item>
      <PriceUpdateDate>2024-11-11 10:24:16</PriceUpdateDate>
      <ItemCode>6123620244396</ItemCode>
      <ItemType>1</ItemType>
      <ItemName>כובע נוביי גוד</ItemName>
      <ManufacturerName>,</ManufacturerName>
      <ManufactureCountry>לא ידוע</ManufactureCountry>
      <ManufacturerItemDescription>כובע נוביי גוד</ManufacturerItemDescription>
      <UnitQty>Unknown </UnitQty>
      <Quantity>0.00</Quantity>
      <UnitOfMeasure>Unknown </UnitOfMeasure>
      <bIsWeighted>0</bIsWeighted>
      <QtyInPackage>1</QtyInPackage>
      <ItemPrice>19.90</ItemPrice>
      <UnitOfMeasurePrice>0.0000</UnitOfMeasurePrice>
      <AllowDiscount>1</AllowDiscount>
      <ItemStatus>1</ItemStatus>
      <ItemId>95231</ItemId>
    </Item>
    <Item>
      <PriceUpdateDate>2024-11-11 10:24:16</PriceUpdateDate>
      <ItemCode>6123620244433</ItemCode>
      <ItemType>1</ItemType>
      <ItemName>גרביי כריסמס לקמין</ItemName>
      <ManufacturerName>,</ManufacturerName>
      <ManufactureCountry>לא ידוע</ManufactureCountry>
      <ManufacturerItemDescription>גרביי כריסמס לקמין</ManufacturerItemDescription>
      <UnitQty>Unknown </UnitQty>
      <Quantity>0.00</Quantity>
      <UnitOfMeasure>Unknown </UnitOfMeasure>
      <bIsWeighted>0</bIsWeighted>
      <QtyInPackage>1</QtyInPackage>
      <ItemPrice>19.90</ItemPrice>
      <UnitOfMeasurePrice>0.0000</UnitOfMeasurePrice>
      <AllowDiscount>1</AllowDiscount>
      <ItemStatus>1</ItemStatus>
      <ItemId>95234</ItemId>
    </Item>
    <Item>
      <PriceUpdateDate>2024-11-11 10:26:05</PriceUpdateDate>
      <ItemCode>8021314000328</ItemCode>
      <ItemType>1</ItemType>
      <ItemName>קוביות עגבניות במיץ</ItemName>
      <ManufacturerName>,</ManufacturerName>
      <ManufactureCountry>לא ידוע</ManufactureCountry>
      <ManufacturerItemDescription>קוביות עגבניות במיץ עגבניות 400 ג</ManufacturerItemDescription>
      <UnitQty>גרמים</UnitQty>
      <Quantity>400.00</Quantity>
      <UnitOfMeasure>100 גרם</UnitOfMeasure>
      <bIsWeighted>0</bIsWeighted>
      <QtyInPackage>1</QtyInPackage>
      <ItemPrice>5.90</ItemPrice>
      <UnitOfMeasurePrice>1.4750</UnitOfMeasurePrice>
      <AllowDiscount>1</AllowDiscount>
      <ItemStatus>1</ItemStatus>
      <ItemId>95268</ItemId>
    </Item>
    <Item>
      <PriceUpdateDate>2024-11-11 15:00:47</PriceUpdateDate>
      <ItemCode>4792252947566</ItemCode>
      <ItemType>1</ItemType>
      <ItemName>תה פירות אסורטי 60 ש</ItemName>
      <ManufacturerName>,</ManufacturerName>
      <ManufactureCountry>לא ידוע</ManufactureCountry>
      <ManufacturerItemDescription>תה פירות אסורטי 60 שק</ManufacturerItemDescription>
      <UnitQty>Unknown </UnitQty>
      <Quantity>0.00</Quantity>
      <UnitOfMeasure>Unknown </UnitOfMeasure>
      <bIsWeighted>0</bIsWeighted>
      <QtyInPackage>לא ידוע</QtyInPackage>
      <ItemPrice>47.90</ItemPrice>
      <UnitOfMeasurePrice>0.0000</UnitOfMeasurePrice>
      <AllowDiscount>1</AllowDiscount>
      <ItemStatus>1</ItemStatus>
      <ItemId>95290</ItemId>
    </Item>
    <Item>
      <PriceUpdateDate>2025-08-12 12:29:47</PriceUpdateDate>
      <ItemCode>4607037430464</ItemCode>
      <ItemType>1</ItemType>
      <ItemName>מבחר ממתקי גלי בטעמי</ItemName>
      <ManufacturerName>פנזה</ManufacturerName>
      <ManufactureCountry>לא ידוע</ManufactureCountry>
      <ManufacturerItemDescription>מבחר ממתקי גלי בטעמי פירות הדר 250 גר</ManufacturerItemDescription>
      <UnitQty>גרמים</UnitQty>
      <Quantity>250.00</Quantity>
      <UnitOfMeasure>100 גרם</UnitOfMeasure>
      <bIsWeighted>0</bIsWeighted>
      <QtyInPackage>1</QtyInPackage>
      <ItemPrice>11.90</ItemPrice>
      <UnitOfMeasurePrice>4.7600</UnitOfMeasurePrice>
      <AllowDiscount>1</AllowDiscount>
      <ItemStatus>1</ItemStatus>
      <ItemId>95298</ItemId>
    </Item>
    <Item>
      <PriceUpdateDate>2025-08-12 12:29:48</PriceUpdateDate>
      <ItemCode>4607037437494</ItemCode>
      <ItemType>1</ItemType>
      <ItemName>עוגיות ממולאות בטעם</ItemName>
      <ManufacturerName>פנזה</ManufacturerName>
      <ManufactureCountry>לא ידוע</ManufactureCountry>
      <ManufacturerItemDescription>עוגיות ממולאות בטעם פירות 330 גר</ManufacturerItemDescription>
      <UnitQty>גרמים</UnitQty>
      <Quantity>330.00</Quantity>
      <UnitOfMeasure>100 גרם</UnitOfMeasure>
      <bIsWeighted>0</bIsWeighted>
      <QtyInPackage>1</QtyInPackage>
      <ItemPrice>16.90</ItemPrice>
      <UnitOfMeasurePrice>5.1212</UnitOfMeasurePrice>
      <AllowDiscount>1</AllowDiscount>
      <ItemStatus>1</ItemStatus>
      <ItemId>95299</ItemId>
    </Item>
    <Item>
      <PriceUpdateDate>2024-11-14 09:00:25</PriceUpdateDate>
      <ItemCode>4810168060183</ItemCode>
      <ItemType>1</ItemType>
      <ItemName>פילה הרינג קצוץ בשמן</ItemName>
      <ManufacturerName>,</ManufacturerName>
      <ManufactureCountry>לא ידוע</ManufactureCountry>
      <ManufacturerItemDescription>פילה הרינג קצוץ בשמן 400 גר</ManufacturerItemDescription>
      <UnitQty>גרמים</UnitQty>
      <Quantity>400.00</Quantity>
      <UnitOfMeasure>100 גרם</UnitOfMeasure>
      <bIsWeighted>0</bIsWeighted>
      <QtyInPackage>1</QtyInPackage>
      <ItemPrice>19.90</ItemPrice>
      <UnitOfMeasurePrice>4.9750</UnitOfMeasurePrice>
      <AllowDiscount>1</AllowDiscount>
      <ItemStatus>1</ItemStatus>
      <ItemId>95329</ItemId>
    </Item>
    <Item>
      <PriceUpdateDate>2024-11-19 15:31:42</PriceUpdateDate>
      <ItemCode>5420066384008</ItemCode>
      <ItemType>1</ItemType>
      <ItemName>שוקולד חלב ביאנקה 10</ItemName>
      <ManufacturerName>,</ManufacturerName>
      <ManufactureCountry>לא ידוע</ManufactureCountry>
      <ManufacturerItemDescription>שוקולד חלב  ביאנקה 100 גר</ManufacturerItemDescription>
      <UnitQty>גרמים</UnitQty>
      <Quantity>100.00</Quantity>
      <UnitOfMeasure>100 גרם</UnitOfMeasure>
      <bIsWeighted>0</bIsWeighted>
      <QtyInPackage>1</QtyInPackage>
      <ItemPrice>13.90</ItemPrice>
      <UnitOfMeasurePrice>13.9000</UnitOfMeasurePrice>
      <AllowDiscount>1</AllowDiscount>
      <ItemStatus>1</ItemStatus>
      <ItemId>95381</ItemId>
    </Item>
    <Item>
      <PriceUpdateDate>2024-11-19 15:31:42</PriceUpdateDate>
      <ItemCode>5420066384022</ItemCode>
      <ItemType>1</ItemType>
      <ItemName>שוקולד חלב אגוזים בי</ItemName>
      <ManufacturerName>,</ManufacturerName>
      <ManufactureCountry>לא ידוע</ManufactureCountry>
      <ManufacturerItemDescription>שוקולד חלב אגוזים  ביאנקה 100 גר</ManufacturerItemDescription>
      <UnitQty>גרמים</UnitQty>
      <Quantity>100.00</Quantity>
      <UnitOfMeasure>100 גרם</UnitOfMeasure>
      <bIsWeighted>0</bIsWeighted>
      <QtyInPackage>1</QtyInPackage>
      <ItemPrice>13.90</ItemPrice>
      <UnitOfMeasurePrice>13.9000</UnitOfMeasurePrice>
      <AllowDiscount>1</AllowDiscount>
      <ItemStatus>1</ItemStatus>
      <ItemId>95382</ItemId>
    </Item>
    <Item>
      <PriceUpdateDate>2024-11-19 15:31:42</PriceUpdateDate>
      <ItemCode>8606106808315</ItemCode>
      <ItemType>1</ItemType>
      <ItemName>קווקארס קרקר דגים דל</ItemName>
      <ManufacturerName>,</ManufacturerName>
      <ManufactureCountry>לא ידוע</ManufactureCountry>
      <ManufacturerItemDescription>קווקארס קרקר דגים דלישס 360 גר</ManufacturerItemDescription>
      <UnitQty>גרמים</UnitQty>
      <Quantity>360.00</Quantity>
      <UnitOfMeasure>100 גרם</UnitOfMeasure>
      <bIsWeighted>0</bIsWeighted>
      <QtyInPackage>1</QtyInPackage>
      <ItemPrice>9.90</ItemPrice>
      <UnitOfMeasurePrice>2.7500</UnitOfMeasurePrice>
      <AllowDiscount>1</AllowDiscount>
      <ItemStatus>1</ItemStatus>
      <ItemId>95390</ItemId>
    </Item>
    <Item>
      <PriceUpdateDate>2024-11-19 15:31:42</PriceUpdateDate>
      <ItemCode>5420066330753</ItemCode>
      <ItemType>1</ItemType>
      <ItemName>ממתק טרופל בטעם אגוז</ItemName>
      <ManufacturerName>,</ManufacturerName>
      <ManufactureCountry>לא ידוע</ManufactureCountry>
      <ManufacturerItemDescription>ממתק טרופל בטעם אגוזי לוז 150 גר</ManufacturerItemDescription>
      <UnitQty>גרמים</UnitQty>
      <Quantity>150.00</Quantity>
      <UnitOfMeasure>100 גרם</UnitOfMeasure>
      <bIsWeighted>0</bIsWeighted>
      <QtyInPackage>1</QtyInPackage>
      <ItemPrice>14.90</ItemPrice>
      <UnitOfMeasurePrice>9.9333</UnitOfMeasurePrice>
      <AllowDiscount>1</AllowDiscount>
      <ItemStatus>1</ItemStatus>
      <ItemId>95396</ItemId>
    </Item>
    <Item>
      <PriceUpdateDate>2024-11-19 15:31:42</PriceUpdateDate>
      <ItemCode>5420066330760</ItemCode>
      <ItemType>1</ItemType>
      <ItemName>ממתק טרופל בטעם שמפנ</ItemName>
      <ManufacturerName>,</ManufacturerName>
      <ManufactureCountry>לא ידוע</ManufactureCountry>
      <ManufacturerItemDescription>ממתק טרופל בטעם שמפניה 150 גר</ManufacturerItemDescription>
      <UnitQty>גרמים</UnitQty>
      <Quantity>150.00</Quantity>
      <UnitOfMeasure>100 גרם</UnitOfMeasure>
      <bIsWeighted>0</bIsWeighted>
      <QtyInPackage>1</QtyInPackage>
      <ItemPrice>14.90</ItemPrice>
      <UnitOfMeasurePrice>9.9333</UnitOfMeasurePrice>
      <AllowDiscount>1</AllowDiscount>
      <ItemStatus>1</ItemStatus>
      <ItemId>95397</ItemId>
    </Item>
    <Item>
      <PriceUpdateDate>2024-11-19 15:31:42</PriceUpdateDate>
      <ItemCode>5420066330777</ItemCode>
      <ItemType>1</ItemType>
      <ItemName>ממתק טרופל בטעם תפוז</ItemName>
      <ManufacturerName>,</ManufacturerName>
      <ManufactureCountry>לא ידוע</ManufactureCountry>
      <ManufacturerItemDescription>ממתק טרופל בטעם תפוז אדום 150 גר</ManufacturerItemDescription>
      <UnitQty>גרמים</UnitQty>
      <Quantity>150.00</Quantity>
      <UnitOfMeasure>100 גרם</UnitOfMeasure>
      <bIsWeighted>0</bIsWeighted>
      <QtyInPackage>1</QtyInPackage>
      <ItemPrice>14.90</ItemPrice>
      <UnitOfMeasurePrice>9.9333</UnitOfMeasurePrice>
      <AllowDiscount>1</AllowDiscount>
      <ItemStatus>1</ItemStatus>
      <ItemId>95398</ItemId>
    </Item>
    <Item>
      <PriceUpdateDate>2025-01-07 18:48:12</PriceUpdateDate>
      <ItemCode>4607096572150</ItemCode>
      <ItemType>1</ItemType>
      <ItemName>פת פריכה שיפון בורוד</ItemName>
      <ManufacturerName>,</ManufacturerName>
      <ManufactureCountry>לא ידוע</ManufactureCountry>
      <ManufacturerItemDescription>פת פריכה שיפון בורודינסקי שדריה 200 גר</ManufacturerItemDescription>
      <UnitQty>גרמים</UnitQty>
      <Quantity>200.00</Quantity>
      <UnitOfMeasure>100 גרם</UnitOfMeasure>
      <bIsWeighted>0</bIsWeighted>
      <QtyInPackage>1</QtyInPackage>
      <ItemPrice>9.90</ItemPrice>
      <UnitOfMeasurePrice>4.9500</UnitOfMeasurePrice>
      <AllowDiscount>1</AllowDiscount>
      <ItemStatus>1</ItemStatus>
      <ItemId>95400</ItemId>
    </Item>
    <Item>
      <PriceUpdateDate>2024-11-19 15:37:25</PriceUpdateDate>
      <ItemCode>7290000303560</ItemCode>
      <ItemType>1</ItemType>
      <ItemName>פילה סלמון מעושן פרו</ItemName>
      <ManufacturerName>,</ManufacturerName>
      <ManufactureCountry>לא ידוע</ManufactureCountry>
      <ManufacturerItemDescription>פילה סלמון מעושן פרוס קפוא</ManufacturerItemDescription>
      <UnitQty>קילוגרמים</UnitQty>
      <Quantity>1.00</Quantity>
      <UnitOfMeasure>ק"ג</UnitOfMeasure>
      <bIsWeighted>1</bIsWeighted>
      <QtyInPackage>לא ידוע</QtyInPackage>
      <ItemPrice>229.00</ItemPrice>
      <UnitOfMeasurePrice>229.0000</UnitOfMeasurePrice>
      <AllowDiscount>1</AllowDiscount>
      <ItemStatus>1</ItemStatus>
      <ItemId>95412</ItemId>
    </Item>
    <Item>
      <PriceUpdateDate>2024-11-19 15:37:56</PriceUpdateDate>
      <ItemCode>6939020243774</ItemCode>
      <ItemType>1</ItemType>
      <ItemName>שקית מעוצב חגיגי</ItemName>
      <ManufacturerName>,</ManufacturerName>
      <ManufactureCountry>לא ידוע</ManufactureCountry>
      <ManufacturerItemDescription>שקית מעוצב חגיגי</ManufacturerItemDescription>
      <UnitQty>Unknown </UnitQty>
      <Quantity>1.00</Quantity>
      <UnitOfMeasure>Unknown </UnitOfMeasure>
      <bIsWeighted>0</bIsWeighted>
      <QtyInPackage>1</QtyInPackage>
      <ItemPrice>4.90</ItemPrice>
      <UnitOfMeasurePrice>4.9000</UnitOfMeasurePrice>
      <AllowDiscount>1</AllowDiscount>
      <ItemStatus>1</ItemStatus>
      <ItemId>95435</ItemId>
    </Item>
    <Item>
      <PriceUpdateDate>2024-11-19 15:37:57</PriceUpdateDate>
      <ItemCode>6998992214847</ItemCode>
      <ItemType>1</ItemType>
      <ItemName>כובע סנטה</ItemName>
      <ManufacturerName>,</ManufacturerName>
      <ManufactureCountry>לא ידוע</ManufactureCountry>
      <ManufacturerItemDescription>כובע סנטה</ManufacturerItemDescription>
      <UnitQty>Unknown </UnitQty>
      <Quantity>1.00</Quantity>
      <UnitOfMeasure>Unknown </UnitOfMeasure>
      <bIsWeighted>0</bIsWeighted>
      <QtyInPackage>1</QtyInPackage>
      <ItemPrice>12.90</ItemPrice>
      <UnitOfMeasurePrice>12.9000</UnitOfMeasurePrice>
      <AllowDiscount>1</AllowDiscount>
      <ItemStatus>1</ItemStatus>
      <ItemId>95448</ItemId>
    </Item>
    <Item>
      <PriceUpdateDate>2024-11-19 15:37:57</PriceUpdateDate>
      <ItemCode>6998992214878</ItemCode>
      <ItemType>1</ItemType>
      <ItemName>כובע סנטה</ItemName>
      <ManufacturerName>,</ManufacturerName>
      <ManufactureCountry>לא ידוע</ManufactureCountry>
      <ManufacturerItemDescription>כובע סנטה</ManufacturerItemDescription>
      <UnitQty>Unknown </UnitQty>
      <Quantity>1.00</Quantity>
      <UnitOfMeasure>Unknown </UnitOfMeasure>
      <bIsWeighted>0</bIsWeighted>
      <QtyInPackage>1</QtyInPackage>
      <ItemPrice>9.90</ItemPrice>
      <UnitOfMeasurePrice>9.9000</UnitOfMeasurePrice>
      <AllowDiscount>1</AllowDiscount>
      <ItemStatus>1</ItemStatus>
      <ItemId>95451</ItemId>
    </Item>
    <Item>
      <PriceUpdateDate>2024-11-19 15:37:57</PriceUpdateDate>
      <ItemCode>6998992214915</ItemCode>
      <ItemType>1</ItemType>
      <ItemName>חישוק שיער מעוצב כרי</ItemName>
      <ManufacturerName>,</ManufacturerName>
      <ManufactureCountry>לא ידוע</ManufactureCountry>
      <ManufacturerItemDescription>חישוק שיער מעוצב כרי</ManufacturerItemDescription>
      <UnitQty>Unknown </UnitQty>
      <Quantity>1.00</Quantity>
      <UnitOfMeasure>Unknown </UnitOfMeasure>
      <bIsWeighted>0</bIsWeighted>
      <QtyInPackage>1</QtyInPackage>
      <ItemPrice>12.90</ItemPrice>
      <UnitOfMeasurePrice>12.9000</UnitOfMeasurePrice>
      <AllowDiscount>1</AllowDiscount>
      <ItemStatus>1</ItemStatus>
      <ItemId>95455</ItemId>
    </Item>
    <Item>
      <PriceUpdateDate>2024-11-19 15:37:58</PriceUpdateDate>
      <ItemCode>6998992215059</ItemCode>
      <ItemType>1</ItemType>
      <ItemName>מסכה משקפת</ItemName>
      <ManufacturerName>,</ManufacturerName>
      <ManufactureCountry>לא ידוע</ManufactureCountry>
      <ManufacturerItemDescription>מסכה משקפת</ManufacturerItemDescription>
      <UnitQty>Unknown </UnitQty>
      <Quantity>1.00</Quantity>
      <UnitOfMeasure>Unknown </UnitOfMeasure>
      <bIsWeighted>0</bIsWeighted>
      <QtyInPackage>1</QtyInPackage>
      <ItemPrice>8.90</ItemPrice>
      <UnitOfMeasurePrice>8.9000</UnitOfMeasurePrice>
      <AllowDiscount>1</AllowDiscount>
      <ItemStatus>1</ItemStatus>
      <ItemId>95469</ItemId>
    </Item>
    <Item>
      <PriceUpdateDate>2025-04-11 08:12:08</PriceUpdateDate>
      <ItemCode>4607026342778</ItemCode>
      <ItemType>1</ItemType>
      <ItemName>יין מבעבע לבן חצי מת</ItemName>
      <ManufacturerName>,</ManufacturerName>
      <ManufactureCountry>לא ידוע</ManufactureCountry>
      <ManufacturerItemDescription>יין מבעבע לבן חצי מתוק אבראו דורסו 750</ManufacturerItemDescription>
      <UnitQty>מיליליטרים</UnitQty>
      <Quantity>750.00</Quantity>
      <UnitOfMeasure>100 מ"ל</UnitOfMeasure>
      <bIsWeighted>0</bIsWeighted>
      <QtyInPackage>1</QtyInPackage>
      <ItemPrice>49.90</ItemPrice>
      <UnitOfMeasurePrice>6.6533</UnitOfMeasurePrice>
      <AllowDiscount>1</AllowDiscount>
      <ItemStatus>1</ItemStatus>
      <ItemId>95485</ItemId>
    </Item>
    <Item>
      <PriceUpdateDate>2024-11-22 08:26:28</PriceUpdateDate>
      <ItemCode>8050705432264</ItemCode>
      <ItemType>1</ItemType>
      <ItemName>עוגיות מאסימו במילוי</ItemName>
      <ManufacturerName>,</ManufacturerName>
      <ManufactureCountry>לא ידוע</ManufactureCountry>
      <ManufacturerItemDescription>עוגיות מסימו במילוי קרם חלב 450 גר</ManufacturerItemDescription>
      <UnitQty>גרמים</UnitQty>
      <Quantity>450.00</Quantity>
      <UnitOfMeasure>100 גרם</UnitOfMeasure>
      <bIsWeighted>0</bIsWeighted>
      <QtyInPackage>1</QtyInPackage>
      <ItemPrice>19.90</ItemPrice>
      <UnitOfMeasurePrice>4.4222</UnitOfMeasurePrice>
      <AllowDiscount>1</AllowDiscount>
      <ItemStatus>1</ItemStatus>
      <ItemId>95538</ItemId>
    </Item>
    <Item>
      <PriceUpdateDate>2024-11-22 08:26:29</PriceUpdateDate>
      <ItemCode>8050705432271</ItemCode>
      <ItemType>1</ItemType>
      <ItemName>עוגיות שוקולד מסימו</ItemName>
      <ManufacturerName>,</ManufacturerName>
      <ManufactureCountry>לא ידוע</ManufactureCountry>
      <ManufacturerItemDescription>עוגיות שוקולד מסימו במילוי קרם חלב 450 ג</ManufacturerItemDescription>
      <UnitQty>גרמים</UnitQty>
      <Quantity>450.00</Quantity>
      <UnitOfMeasure>100 גרם</UnitOfMeasure>
      <bIsWeighted>0</bIsWeighted>
      <QtyInPackage>1</QtyInPackage>
      <ItemPrice>19.90</ItemPrice>
      <UnitOfMeasurePrice>4.4222</UnitOfMeasurePrice>
      <AllowDiscount>1</AllowDiscount>
      <ItemStatus>1</ItemStatus>
      <ItemId>95539</ItemId>
    </Item>
    <Item>
      <PriceUpdateDate>2024-11-22 08:29:12</PriceUpdateDate>
      <ItemCode>3375863617106</ItemCode>
      <ItemType>1</ItemType>
      <ItemName>סנטה 30 סמ</ItemName>
      <ManufacturerName>,</ManufacturerName>
      <ManufactureCountry>לא ידוע</ManufactureCountry>
      <ManufacturerItemDescription>סנטה 30 סמ</ManufacturerItemDescription>
      <UnitQty>Unknown </UnitQty>
      <Quantity>0.00</Quantity>
      <UnitOfMeasure>Unknown </UnitOfMeasure>
      <bIsWeighted>0</bIsWeighted>
      <QtyInPackage>1</QtyInPackage>
      <ItemPrice>99.90</ItemPrice>
      <UnitOfMeasurePrice>0.0000</UnitOfMeasurePrice>
      <AllowDiscount>1</AllowDiscount>
      <ItemStatus>1</ItemStatus>
      <ItemId>95572</ItemId>
    </Item>
    <Item>
      <PriceUpdateDate>2024-11-22 08:29:13</PriceUpdateDate>
      <ItemCode>3551020566399</ItemCode>
      <ItemType>1</ItemType>
      <ItemName>ענפי עצים דקורקטיבים</ItemName>
      <ManufacturerName>,</ManufacturerName>
      <ManufactureCountry>לא ידוע</ManufactureCountry>
      <ManufacturerItemDescription>ענפי עצים דקורקטיבים</ManufacturerItemDescription>
      <UnitQty>Unknown </UnitQty>
      <Quantity>0.00</Quantity>
      <UnitOfMeasure>Unknown </UnitOfMeasure>
      <bIsWeighted>0</bIsWeighted>
      <QtyInPackage>1</QtyInPackage>
      <ItemPrice>14.90</ItemPrice>
      <UnitOfMeasurePrice>0.0000</UnitOfMeasurePrice>
      <AllowDiscount>1</AllowDiscount>
      <ItemStatus>1</ItemStatus>
      <ItemId>95574</ItemId>
    </Item>
    <Item>
      <PriceUpdateDate>2024-11-22 08:29:13</PriceUpdateDate>
      <ItemCode>6005566255431</ItemCode>
      <ItemType>1</ItemType>
      <ItemName>איש שלג</ItemName>
      <ManufacturerName>,</ManufacturerName>
      <ManufactureCountry>לא ידוע</ManufactureCountry>
      <ManufacturerItemDescription>איש שלג</ManufacturerItemDescription>
      <UnitQty>Unknown </UnitQty>
      <Quantity>0.00</Quantity>
      <UnitOfMeasure>Unknown </UnitOfMeasure>
      <bIsWeighted>0</bIsWeighted>
      <QtyInPackage>1</QtyInPackage>
      <ItemPrice>99.90</ItemPrice>
      <UnitOfMeasurePrice>0.0000</UnitOfMeasurePrice>
      <AllowDiscount>1</AllowDiscount>
      <ItemStatus>1</ItemStatus>
      <ItemId>95585</ItemId>
    </Item>
    <Item>
      <PriceUpdateDate>2024-11-22 08:29:13</PriceUpdateDate>
      <ItemCode>6907920243552</ItemCode>
      <ItemType>1</ItemType>
      <ItemName>בובה שדון בן/ בת</ItemName>
      <ManufacturerName>,</ManufacturerName>
      <ManufactureCountry>לא ידוע</ManufactureCountry>
      <ManufacturerItemDescription>בובה בן/ בת</ManufacturerItemDescription>
      <UnitQty>Unknown </UnitQty>
      <Quantity>0.00</Quantity>
      <UnitOfMeasure>Unknown </UnitOfMeasure>
      <bIsWeighted>0</bIsWeighted>
      <QtyInPackage>1</QtyInPackage>
      <ItemPrice>99.90</ItemPrice>
      <UnitOfMeasurePrice>0.0000</UnitOfMeasurePrice>
      <AllowDiscount>1</AllowDiscount>
      <ItemStatus>1</ItemStatus>
      <ItemId>95588</ItemId>
    </Item>
    <Item>
      <PriceUpdateDate>2024-11-22 08:29:14</PriceUpdateDate>
      <ItemCode>6986020244614</ItemCode>
      <ItemType>1</ItemType>
      <ItemName>ענפי עצים דקורקטיבים</ItemName>
      <ManufacturerName>,</ManufacturerName>
      <ManufactureCountry>לא ידוע</ManufactureCountry>
      <ManufacturerItemDescription>ענפי עצים דקורקטיבים</ManufacturerItemDescription>
      <UnitQty>Unknown </UnitQty>
      <Quantity>0.00</Quantity>
      <UnitOfMeasure>Unknown </UnitOfMeasure>
      <bIsWeighted>0</bIsWeighted>
      <QtyInPackage>1</QtyInPackage>
      <ItemPrice>12.90</ItemPrice>
      <UnitOfMeasurePrice>0.0000</UnitOfMeasurePrice>
      <AllowDiscount>1</AllowDiscount>
      <ItemStatus>1</ItemStatus>
      <ItemId>95598</ItemId>
    </Item>
    <Item>
      <PriceUpdateDate>2024-11-22 08:29:14</PriceUpdateDate>
      <ItemCode>6986020244621</ItemCode>
      <ItemType>1</ItemType>
      <ItemName>ענפי עצים דקורקטיבים</ItemName>
      <ManufacturerName>,</ManufacturerName>
      <ManufactureCountry>לא ידוע</ManufactureCountry>
      <ManufacturerItemDescription>ענפי עצים דקורקטיבים</ManufacturerItemDescription>
      <UnitQty>Unknown </UnitQty>
      <Quantity>0.00</Quantity>
      <UnitOfMeasure>Unknown </UnitOfMeasure>
      <bIsWeighted>0</bIsWeighted>
      <QtyInPackage>1</QtyInPackage>
      <ItemPrice>7.90</ItemPrice>
      <UnitOfMeasurePrice>0.0000</UnitOfMeasurePrice>
      <AllowDiscount>1</AllowDiscount>
      <ItemStatus>1</ItemStatus>
      <ItemId>95599</ItemId>
    </Item>
    <Item>
      <PriceUpdateDate>2024-11-22 08:29:14</PriceUpdateDate>
      <ItemCode>6988545004650</ItemCode>
      <ItemType>1</ItemType>
      <ItemName>ענפי עצים דקורקטיבים</ItemName>
      <ManufacturerName>,</ManufacturerName>
      <ManufactureCountry>לא ידוע</ManufactureCountry>
      <ManufacturerItemDescription>ענפי עצים דקורקטיבים</ManufacturerItemDescription>
      <UnitQty>Unknown </UnitQty>
      <Quantity>0.00</Quantity>
      <UnitOfMeasure>Unknown </UnitOfMeasure>
      <bIsWeighted>0</bIsWeighted>
      <QtyInPackage>1</QtyInPackage>
      <ItemPrice>14.90</ItemPrice>
      <UnitOfMeasurePrice>0.0000</UnitOfMeasurePrice>
      <AllowDiscount>1</AllowDiscount>
      <ItemStatus>1</ItemStatus>
      <ItemId>95600</ItemId>
    </Item>
    <Item>
      <PriceUpdateDate>2024-11-22 08:29:16</PriceUpdateDate>
      <ItemCode>6939020243804</ItemCode>
      <ItemType>1</ItemType>
      <ItemName>ששששס2 שקית מעוצב חג</ItemName>
      <ManufacturerName>,</ManufacturerName>
      <ManufactureCountry>לא ידוע</ManufactureCountry>
      <ManufacturerItemDescription>שקית מעוצב חגיגי</ManufacturerItemDescription>
      <UnitQty>Unknown </UnitQty>
      <Quantity>0.00</Quantity>
      <UnitOfMeasure>Unknown </UnitOfMeasure>
      <bIsWeighted>0</bIsWeighted>
      <QtyInPackage>1</QtyInPackage>
      <ItemPrice>4.90</ItemPrice>
      <UnitOfMeasurePrice>0.0000</UnitOfMeasurePrice>
      <AllowDiscount>1</AllowDiscount>
      <ItemStatus>1</ItemStatus>
      <ItemId>95622</ItemId>
    </Item>
    <Item>
      <PriceUpdateDate>2025-08-27 10:07:40</PriceUpdateDate>
      <ItemCode>7290015839389</ItemCode>
      <ItemType>1</ItemType>
      <ItemName>שטרודל תפוע אפוי 500</ItemName>
      <ManufacturerName>,</ManufacturerName>
      <ManufactureCountry>לא ידוע</ManufactureCountry>
      <ManufacturerItemDescription>שטרודל תפוע אפוי 500 גר</ManufacturerItemDescription>
      <UnitQty>גרמים</UnitQty>
      <Quantity>500.00</Quantity>
      <UnitOfMeasure>100 גרם</UnitOfMeasure>
      <bIsWeighted>0</bIsWeighted>
      <QtyInPackage>1</QtyInPackage>
      <ItemPrice>44.90</ItemPrice>
      <UnitOfMeasurePrice>8.9800</UnitOfMeasurePrice>
      <AllowDiscount>1</AllowDiscount>
      <ItemStatus>1</ItemStatus>
      <ItemId>95624</ItemId>
    </Item>
    <Item>
      <PriceUpdateDate>2025-08-27 10:07:40</PriceUpdateDate>
      <ItemCode>7290015839426</ItemCode>
      <ItemType>1</ItemType>
      <ItemName>שטרודל תפוע ללא תוספ</ItemName>
      <ManufacturerName>,</ManufacturerName>
      <ManufactureCountry>לא ידוע</ManufactureCountry>
      <ManufacturerItemDescription>שטרודל תפוע ללא תוספת סוכר אפוי 500 גר</ManufacturerItemDescription>
      <UnitQty>גרמים</UnitQty>
      <Quantity>500.00</Quantity>
      <UnitOfMeasure>100 גרם</UnitOfMeasure>
      <bIsWeighted>0</bIsWeighted>
      <QtyInPackage>1</QtyInPackage>
      <ItemPrice>44.90</ItemPrice>
      <UnitOfMeasurePrice>8.9800</UnitOfMeasurePrice>
      <AllowDiscount>1</AllowDiscount>
      <ItemStatus>1</ItemStatus>
      <ItemId>95625</ItemId>
    </Item>
    <Item>
      <PriceUpdateDate>2025-08-27 10:07:40</PriceUpdateDate>
      <ItemCode>7290015839402</ItemCode>
      <ItemType>1</ItemType>
      <ItemName>שטרודל פרג אפוי 500</ItemName>
      <ManufacturerName>,</ManufacturerName>
      <ManufactureCountry>לא ידוע</ManufactureCountry>
      <ManufacturerItemDescription>שטרודל פרג אפוי 500 גר</ManufacturerItemDescription>
      <UnitQty>גרמים</UnitQty>
      <Quantity>500.00</Quantity>
      <UnitOfMeasure>100 גרם</UnitOfMeasure>
      <bIsWeighted>0</bIsWeighted>
      <QtyInPackage>1</QtyInPackage>
      <ItemPrice>44.90</ItemPrice>
      <UnitOfMeasurePrice>8.9800</UnitOfMeasurePrice>
      <AllowDiscount>1</AllowDiscount>
      <ItemStatus>1</ItemStatus>
      <ItemId>95627</ItemId>
    </Item>
    <Item>
      <PriceUpdateDate>2025-08-27 10:07:40</PriceUpdateDate>
      <ItemCode>7290015839419</ItemCode>
      <ItemType>1</ItemType>
      <ItemName>שטרודל גבינה ואוכמני</ItemName>
      <ManufacturerName>,</ManufacturerName>
      <ManufactureCountry>לא ידוע</ManufactureCountry>
      <ManufacturerItemDescription>שטרודל גבינה ואוכמניות אפוי 500 גר</ManufacturerItemDescription>
      <UnitQty>גרמים</UnitQty>
      <Quantity>500.00</Quantity>
      <UnitOfMeasure>100 גרם</UnitOfMeasure>
      <bIsWeighted>0</bIsWeighted>
      <QtyInPackage>1</QtyInPackage>
      <ItemPrice>44.90</ItemPrice>
      <UnitOfMeasurePrice>8.9800</UnitOfMeasurePrice>
      <AllowDiscount>1</AllowDiscount>
      <ItemStatus>1</ItemStatus>
      <ItemId>95628</ItemId>
    </Item>
    <Item>
      <PriceUpdateDate>2025-08-27 10:07:40</PriceUpdateDate>
      <ItemCode>7290015839457</ItemCode>
      <ItemType>1</ItemType>
      <ItemName>שטרודל פרג ללא תוספת</ItemName>
      <ManufacturerName>,</ManufacturerName>
      <ManufactureCountry>לא ידוע</ManufactureCountry>
      <ManufacturerItemDescription>שטרודל פרג ללא תוספת סוכר אפוי 500 גר</ManufacturerItemDescription>
      <UnitQty>גרמים</UnitQty>
      <Quantity>500.00</Quantity>
      <UnitOfMeasure>100 גרם</UnitOfMeasure>
      <bIsWeighted>0</bIsWeighted>
      <QtyInPackage>1</QtyInPackage>
      <ItemPrice>44.90</ItemPrice>
      <UnitOfMeasurePrice>8.9800</UnitOfMeasurePrice>
      <AllowDiscount>1</AllowDiscount>
      <ItemStatus>1</ItemStatus>
      <ItemId>95631</ItemId>
    </Item>
    <Item>
      <PriceUpdateDate>2025-08-27 10:07:40</PriceUpdateDate>
      <ItemCode>7290015839464</ItemCode>
      <ItemType>1</ItemType>
      <ItemName>שטרודל גבינה ללא תוס</ItemName>
      <ManufacturerName>,</ManufacturerName>
      <ManufactureCountry>לא ידוע</ManufactureCountry>
      <ManufacturerItemDescription>שטרודל גבינה ללא תוספת סוכר אפוי 500 גר</ManufacturerItemDescription>
      <UnitQty>גרמים</UnitQty>
      <Quantity>500.00</Quantity>
      <UnitOfMeasure>100 גרם</UnitOfMeasure>
      <bIsWeighted>0</bIsWeighted>
      <QtyInPackage>1</QtyInPackage>
      <ItemPrice>44.90</ItemPrice>
      <UnitOfMeasurePrice>8.9800</UnitOfMeasurePrice>
      <AllowDiscount>1</AllowDiscount>
      <ItemStatus>1</ItemStatus>
      <ItemId>95632</ItemId>
    </Item>
    <Item>
      <PriceUpdateDate>2024-11-25 08:42:27</PriceUpdateDate>
      <ItemCode>8906118240708</ItemCode>
      <ItemType>1</ItemType>
      <ItemName>קורנישונים מוחמצים 7</ItemName>
      <ManufacturerName>,</ManufacturerName>
      <ManufactureCountry>לא ידוע</ManufactureCountry>
      <ManufacturerItemDescription>קורנישונים מוחמצים 720 גר</ManufacturerItemDescription>
      <UnitQty>גרמים</UnitQty>
      <Quantity>720.00</Quantity>
      <UnitOfMeasure>100 גרם</UnitOfMeasure>
      <bIsWeighted>0</bIsWeighted>
      <QtyInPackage>1</QtyInPackage>
      <ItemPrice>12.90</ItemPrice>
      <UnitOfMeasurePrice>1.7917</UnitOfMeasurePrice>
      <AllowDiscount>1</AllowDiscount>
      <ItemStatus>1</ItemStatus>
      <ItemId>95681</ItemId>
    </Item>
    <Item>
      <PriceUpdateDate>2024-11-25 08:43:53</PriceUpdateDate>
      <ItemCode>7120</ItemCode>
      <ItemType>0</ItemType>
      <ItemName>מוצרלה איטלקית גידטי</ItemName>
      <ManufacturerName>,</ManufacturerName>
      <ManufactureCountry>לא ידוע</ManufactureCountry>
      <ManufacturerItemDescription>מוצרלה איטלקית גידטי</ManufacturerItemDescription>
      <UnitQty>קילוגרמים</UnitQty>
      <Quantity>1.00</Quantity>
      <UnitOfMeasure>ק"ג</UnitOfMeasure>
      <bIsWeighted>1</bIsWeighted>
      <QtyInPackage>לא ידוע</QtyInPackage>
      <ItemPrice>85.00</ItemPrice>
      <UnitOfMeasurePrice>85.0000</UnitOfMeasurePrice>
      <AllowDiscount>1</AllowDiscount>
      <ItemStatus>1</ItemStatus>
      <ItemId>95689</ItemId>
    </Item>
    <Item>
      <PriceUpdateDate>2024-11-25 08:43:53</PriceUpdateDate>
      <ItemCode>8720168948649</ItemCode>
      <ItemType>0</ItemType>
      <ItemName>גאודה צילי פרוס 150</ItemName>
      <ManufacturerName>,</ManufacturerName>
      <ManufactureCountry>לא ידוע</ManufactureCountry>
      <ManufacturerItemDescription>גאודה צילי פרוס 150 גר</ManufacturerItemDescription>
      <UnitQty>גרמים</UnitQty>
      <Quantity>150.00</Quantity>
      <UnitOfMeasure>100 גרם</UnitOfMeasure>
      <bIsWeighted>0</bIsWeighted>
      <QtyInPackage>לא ידוע</QtyInPackage>
      <ItemPrice>24.90</ItemPrice>
      <UnitOfMeasurePrice>16.6000</UnitOfMeasurePrice>
      <AllowDiscount>1</AllowDiscount>
      <ItemStatus>1</ItemStatus>
      <ItemId>95692</ItemId>
    </Item>
    <Item>
      <PriceUpdateDate>2024-11-25 08:43:53</PriceUpdateDate>
      <ItemCode>8720168948687</ItemCode>
      <ItemType>0</ItemType>
      <ItemName>גאודה עשבי תיבול פרו</ItemName>
      <ManufacturerName>,</ManufacturerName>
      <ManufactureCountry>לא ידוע</ManufactureCountry>
      <ManufacturerItemDescription>גאודה עשבי תיבול פרוס 150 גר</ManufacturerItemDescription>
      <UnitQty>גרמים</UnitQty>
      <Quantity>150.00</Quantity>
      <UnitOfMeasure>100 גרם</UnitOfMeasure>
      <bIsWeighted>0</bIsWeighted>
      <QtyInPackage>לא ידוע</QtyInPackage>
      <ItemPrice>24.90</ItemPrice>
      <UnitOfMeasurePrice>16.6000</UnitOfMeasurePrice>
      <AllowDiscount>1</AllowDiscount>
      <ItemStatus>1</ItemStatus>
      <ItemId>95693</ItemId>
    </Item>
    <Item>
      <PriceUpdateDate>2024-11-25 08:43:53</PriceUpdateDate>
      <ItemCode>8720168948625</ItemCode>
      <ItemType>0</ItemType>
      <ItemName>גבינה פסטו ירוק פרוס</ItemName>
      <ManufacturerName>,</ManufacturerName>
      <ManufactureCountry>לא ידוע</ManufactureCountry>
      <ManufacturerItemDescription>גבינה פסטו ירוק פרוס 150 גר</ManufacturerItemDescription>
      <UnitQty>גרמים</UnitQty>
      <Quantity>150.00</Quantity>
      <UnitOfMeasure>100 גרם</UnitOfMeasure>
      <bIsWeighted>0</bIsWeighted>
      <QtyInPackage>לא ידוע</QtyInPackage>
      <ItemPrice>24.90</ItemPrice>
      <UnitOfMeasurePrice>16.6000</UnitOfMeasurePrice>
      <AllowDiscount>1</AllowDiscount>
      <ItemStatus>1</ItemStatus>
      <ItemId>95694</ItemId>
    </Item>
    <Item>
      <PriceUpdateDate>2025-04-02 13:22:25</PriceUpdateDate>
      <ItemCode>4815477009236</ItemCode>
      <ItemType>1</ItemType>
      <ItemName>תערובת תיבול בטעם עו</ItemName>
      <ManufacturerName>,</ManufacturerName>
      <ManufactureCountry>לא ידוע</ManufactureCountry>
      <ManufacturerItemDescription>תערובת תיבול בטעם עוף 90 גר</ManufacturerItemDescription>
      <UnitQty>גרמים</UnitQty>
      <Quantity>90.00</Quantity>
      <UnitOfMeasure>100 גרם</UnitOfMeasure>
      <bIsWeighted>0</bIsWeighted>
      <QtyInPackage>1</QtyInPackage>
      <ItemPrice>4.90</ItemPrice>
      <UnitOfMeasurePrice>5.4444</UnitOfMeasurePrice>
      <AllowDiscount>1</AllowDiscount>
      <ItemStatus>1</ItemStatus>
      <ItemId>95710</ItemId>
    </Item>
    <Item>
      <PriceUpdateDate>2025-04-02 13:22:25</PriceUpdateDate>
      <ItemCode>4815477009250</ItemCode>
      <ItemType>1</ItemType>
      <ItemName>תערובת תיבול בטעם בש</ItemName>
      <ManufacturerName>,</ManufacturerName>
      <ManufactureCountry>לא ידוע</ManufactureCountry>
      <ManufacturerItemDescription>תערובת תיבול בטעם בשר בקר 90 גר</ManufacturerItemDescription>
      <UnitQty>גרמים</UnitQty>
      <Quantity>90.00</Quantity>
      <UnitOfMeasure>100 גרם</UnitOfMeasure>
      <bIsWeighted>0</bIsWeighted>
      <QtyInPackage>1</QtyInPackage>
      <ItemPrice>4.90</ItemPrice>
      <UnitOfMeasurePrice>5.4444</UnitOfMeasurePrice>
      <AllowDiscount>1</AllowDiscount>
      <ItemStatus>1</ItemStatus>
      <ItemId>95711</ItemId>
    </Item>
    <Item>
      <PriceUpdateDate>2025-04-02 13:22:25</PriceUpdateDate>
      <ItemCode>4815477009267</ItemCode>
      <ItemType>1</ItemType>
      <ItemName>תערובת תיבול בטעם פט</ItemName>
      <ManufacturerName>,</ManufacturerName>
      <ManufactureCountry>לא ידוע</ManufactureCountry>
      <ManufacturerItemDescription>תערובת תיבול בטעם פטריות 90 גר</ManufacturerItemDescription>
      <UnitQty>גרמים</UnitQty>
      <Quantity>90.00</Quantity>
      <UnitOfMeasure>100 גרם</UnitOfMeasure>
      <bIsWeighted>0</bIsWeighted>
      <QtyInPackage>1</QtyInPackage>
      <ItemPrice>4.90</ItemPrice>
      <UnitOfMeasurePrice>5.4444</UnitOfMeasurePrice>
      <AllowDiscount>1</AllowDiscount>
      <ItemStatus>1</ItemStatus>
      <ItemId>95712</ItemId>
    </Item>
    <Item>
      <PriceUpdateDate>2025-04-02 13:22:25</PriceUpdateDate>
      <ItemCode>4815477004439</ItemCode>
      <ItemType>1</ItemType>
      <ItemName>תערובת תיבול לדגים 4</ItemName>
      <ManufacturerName>,</ManufacturerName>
      <ManufactureCountry>לא ידוע</ManufactureCountry>
      <ManufacturerItemDescription>תערובת תיבול לדגים 40 גר</ManufacturerItemDescription>
      <UnitQty>גרמים</UnitQty>
      <Quantity>40.00</Quantity>
      <UnitOfMeasure>100 גרם</UnitOfMeasure>
      <bIsWeighted>0</bIsWeighted>
      <QtyInPackage>1</QtyInPackage>
      <ItemPrice>5.90</ItemPrice>
      <UnitOfMeasurePrice>14.7500</UnitOfMeasurePrice>
      <AllowDiscount>1</AllowDiscount>
      <ItemStatus>1</ItemStatus>
      <ItemId>95715</ItemId>
    </Item>
    <Item>
      <PriceUpdateDate>2025-04-02 13:22:25</PriceUpdateDate>
      <ItemCode>4815477004538</ItemCode>
      <ItemType>1</ItemType>
      <ItemName>תערובת תיבול לעוף 40</ItemName>
      <ManufacturerName>,</ManufacturerName>
      <ManufactureCountry>לא ידוע</ManufactureCountry>
      <ManufacturerItemDescription>תערובת תיבול לעוף 40 גר</ManufacturerItemDescription>
      <UnitQty>גרמים</UnitQty>
      <Quantity>40.00</Quantity>
      <UnitOfMeasure>100 גרם</UnitOfMeasure>
      <bIsWeighted>0</bIsWeighted>
      <QtyInPackage>1</QtyInPackage>
      <ItemPrice>5.90</ItemPrice>
      <UnitOfMeasurePrice>14.7500</UnitOfMeasurePrice>
      <AllowDiscount>1</AllowDiscount>
      <ItemStatus>1</ItemStatus>
      <ItemId>95719</ItemId>
    </Item>
    <Item>
      <PriceUpdateDate>2025-04-02 13:22:25</PriceUpdateDate>
      <ItemCode>4815477004576</ItemCode>
      <ItemType>1</ItemType>
      <ItemName>תערובת תיבול לבשר לב</ItemName>
      <ManufacturerName>,</ManufacturerName>
      <ManufactureCountry>לא ידוע</ManufactureCountry>
      <ManufacturerItemDescription>תערובת תיבול לבשר לבן 40 גר</ManufacturerItemDescription>
      <UnitQty>גרמים</UnitQty>
      <Quantity>40.00</Quantity>
      <UnitOfMeasure>100 גרם</UnitOfMeasure>
      <bIsWeighted>0</bIsWeighted>
      <QtyInPackage>1</QtyInPackage>
      <ItemPrice>5.90</ItemPrice>
      <UnitOfMeasurePrice>14.7500</UnitOfMeasurePrice>
      <AllowDiscount>1</AllowDiscount>
      <ItemStatus>1</ItemStatus>
      <ItemId>95720</ItemId>
    </Item>
    <Item>
      <PriceUpdateDate>2025-04-02 13:22:25</PriceUpdateDate>
      <ItemCode>4815477004613</ItemCode>
      <ItemType>1</ItemType>
      <ItemName>תערובת תיבול לתפוא 4</ItemName>
      <ManufacturerName>,</ManufacturerName>
      <ManufactureCountry>לא ידוע</ManufactureCountry>
      <ManufacturerItemDescription>תערובת תיבול לתפוא 40 גר</ManufacturerItemDescription>
      <UnitQty>גרמים</UnitQty>
      <Quantity>40.00</Quantity>
      <UnitOfMeasure>100 גרם</UnitOfMeasure>
      <bIsWeighted>0</bIsWeighted>
      <QtyInPackage>1</QtyInPackage>
      <ItemPrice>5.90</ItemPrice>
      <UnitOfMeasurePrice>14.7500</UnitOfMeasurePrice>
      <AllowDiscount>1</AllowDiscount>
      <ItemStatus>1</ItemStatus>
      <ItemId>95721</ItemId>
    </Item>
    <Item>
      <PriceUpdateDate>2025-04-02 13:22:25</PriceUpdateDate>
      <ItemCode>4815477004620</ItemCode>
      <ItemType>1</ItemType>
      <ItemName>תערובת תיבול לסלט גז</ItemName>
      <ManufacturerName>,</ManufacturerName>
      <ManufactureCountry>לא ידוע</ManufactureCountry>
      <ManufacturerItemDescription>תערובת תיבול לסלט גזר קוריאני 40 גר</ManufacturerItemDescription>
      <UnitQty>גרמים</UnitQty>
      <Quantity>40.00</Quantity>
      <UnitOfMeasure>100 גרם</UnitOfMeasure>
      <bIsWeighted>0</bIsWeighted>
      <QtyInPackage>1</QtyInPackage>
      <ItemPrice>5.90</ItemPrice>
      <UnitOfMeasurePrice>14.7500</UnitOfMeasurePrice>
      <AllowDiscount>1</AllowDiscount>
      <ItemStatus>1</ItemStatus>
      <ItemId>95722</ItemId>
    </Item>
    <Item>
      <PriceUpdateDate>2024-11-28 14:38:45</PriceUpdateDate>
      <ItemCode>3441290104783</ItemCode>
      <ItemType>1</ItemType>
      <ItemName>קישוט לבקבוק בצורת ס</ItemName>
      <ManufacturerName>,</ManufacturerName>
      <ManufactureCountry>לא ידוע</ManufactureCountry>
      <ManufacturerItemDescription>קישוט לבקבוק בצורת סנטה</ManufacturerItemDescription>
      <UnitQty>Unknown </UnitQty>
      <Quantity>0.00</Quantity>
      <UnitOfMeasure>Unknown </UnitOfMeasure>
      <bIsWeighted>0</bIsWeighted>
      <QtyInPackage>1</QtyInPackage>
      <ItemPrice>14.90</ItemPrice>
      <UnitOfMeasurePrice>0.0000</UnitOfMeasurePrice>
      <AllowDiscount>1</AllowDiscount>
      <ItemStatus>1</ItemStatus>
      <ItemId>95789</ItemId>
    </Item>
    <Item>
      <PriceUpdateDate>2024-11-28 14:38:47</PriceUpdateDate>
      <ItemCode>6955582024378</ItemCode>
      <ItemType>1</ItemType>
      <ItemName>עץ אשוח כחול  60 סמ</ItemName>
      <ManufacturerName>,</ManufacturerName>
      <ManufactureCountry>לא ידוע</ManufactureCountry>
      <ManufacturerItemDescription>עץ אשוח כחול  60 סמ</ManufacturerItemDescription>
      <UnitQty>Unknown </UnitQty>
      <Quantity>0.00</Quantity>
      <UnitOfMeasure>Unknown </UnitOfMeasure>
      <bIsWeighted>0</bIsWeighted>
      <QtyInPackage>1</QtyInPackage>
      <ItemPrice>19.90</ItemPrice>
      <UnitOfMeasurePrice>0.0000</UnitOfMeasurePrice>
      <AllowDiscount>1</AllowDiscount>
      <ItemStatus>1</ItemStatus>
      <ItemId>95827</ItemId>
    </Item>
    <Item>
      <PriceUpdateDate>2024-11-28 14:38:47</PriceUpdateDate>
      <ItemCode>6955582024408</ItemCode>
      <ItemType>1</ItemType>
      <ItemName>עץ אשוח 60 סמ</ItemName>
      <ManufacturerName>,</ManufacturerName>
      <ManufactureCountry>לא ידוע</ManufactureCountry>
      <ManufacturerItemDescription>עץ אשוח 60 סמ</ManufacturerItemDescription>
      <UnitQty>Unknown </UnitQty>
      <Quantity>0.00</Quantity>
      <UnitOfMeasure>Unknown </UnitOfMeasure>
      <bIsWeighted>0</bIsWeighted>
      <QtyInPackage>1</QtyInPackage>
      <ItemPrice>19.90</ItemPrice>
      <UnitOfMeasurePrice>0.0000</UnitOfMeasurePrice>
      <AllowDiscount>1</AllowDiscount>
      <ItemStatus>1</ItemStatus>
      <ItemId>95830</ItemId>
    </Item>
    <Item>
      <PriceUpdateDate>2024-11-28 14:38:47</PriceUpdateDate>
      <ItemCode>6955582024422</ItemCode>
      <ItemType>1</ItemType>
      <ItemName>עץ אשוח מושלג 60 סמ</ItemName>
      <ManufacturerName>,</ManufacturerName>
      <ManufactureCountry>לא ידוע</ManufactureCountry>
      <ManufacturerItemDescription>עץ אשוח מושלג 60 סמ</ManufacturerItemDescription>
      <UnitQty>Unknown </UnitQty>
      <Quantity>0.00</Quantity>
      <UnitOfMeasure>Unknown </UnitOfMeasure>
      <bIsWeighted>0</bIsWeighted>
      <QtyInPackage>1</QtyInPackage>
      <ItemPrice>19.90</ItemPrice>
      <UnitOfMeasurePrice>0.0000</UnitOfMeasurePrice>
      <AllowDiscount>1</AllowDiscount>
      <ItemStatus>1</ItemStatus>
      <ItemId>95832</ItemId>
    </Item>
    <Item>
      <PriceUpdateDate>2024-11-28 14:38:47</PriceUpdateDate>
      <ItemCode>6955582024446</ItemCode>
      <ItemType>1</ItemType>
      <ItemName>עץ אשוח  כסוף 90 סמ</ItemName>
      <ManufacturerName>,</ManufacturerName>
      <ManufactureCountry>לא ידוע</ManufactureCountry>
      <ManufacturerItemDescription>עץ אשוח  כסוף 90 סמ</ManufacturerItemDescription>
      <UnitQty>Unknown </UnitQty>
      <Quantity>0.00</Quantity>
      <UnitOfMeasure>Unknown </UnitOfMeasure>
      <bIsWeighted>0</bIsWeighted>
      <QtyInPackage>1</QtyInPackage>
      <ItemPrice>39.90</ItemPrice>
      <UnitOfMeasurePrice>0.0000</UnitOfMeasurePrice>
      <AllowDiscount>1</AllowDiscount>
      <ItemStatus>1</ItemStatus>
      <ItemId>95834</ItemId>
    </Item>
    <Item>
      <PriceUpdateDate>2024-12-08 09:01:19</PriceUpdateDate>
      <ItemCode>9120202402059</ItemCode>
      <ItemType>1</ItemType>
      <ItemName>צעצועי כריסמס לעץ אש</ItemName>
      <ManufacturerName>,</ManufacturerName>
      <ManufactureCountry>לא ידוע</ManufactureCountry>
      <ManufacturerItemDescription>צעצועי כריסמס לעץ אש</ManufacturerItemDescription>
      <UnitQty>Unknown </UnitQty>
      <Quantity>1.00</Quantity>
      <UnitOfMeasure>Unknown </UnitOfMeasure>
      <bIsWeighted>0</bIsWeighted>
      <QtyInPackage>1</QtyInPackage>
      <ItemPrice>19.90</ItemPrice>
      <UnitOfMeasurePrice>19.9000</UnitOfMeasurePrice>
      <AllowDiscount>1</AllowDiscount>
      <ItemStatus>1</ItemStatus>
      <ItemId>95958</ItemId>
    </Item>
    <Item>
      <PriceUpdateDate>2024-12-12 17:27:15</PriceUpdateDate>
      <ItemCode>4810168055271</ItemCode>
      <ItemType>1</ItemType>
      <ItemName>סלט אצות ים מתובלות</ItemName>
      <ManufacturerName>,</ManufacturerName>
      <ManufactureCountry>לא ידוע</ManufactureCountry>
      <ManufacturerItemDescription>סלט אצות ים מתובלות עם גזר 200 גר</ManufacturerItemDescription>
      <UnitQty>גרמים</UnitQty>
      <Quantity>200.00</Quantity>
      <UnitOfMeasure>100 גרם</UnitOfMeasure>
      <bIsWeighted>0</bIsWeighted>
      <QtyInPackage>1</QtyInPackage>
      <ItemPrice>8.90</ItemPrice>
      <UnitOfMeasurePrice>4.4500</UnitOfMeasurePrice>
      <AllowDiscount>1</AllowDiscount>
      <ItemStatus>1</ItemStatus>
      <ItemId>96028</ItemId>
    </Item>
    <Item>
      <PriceUpdateDate>2024-12-18 10:15:21</PriceUpdateDate>
      <ItemCode>4607014780902</ItemCode>
      <ItemType>1</ItemType>
      <ItemName>שמן חמניות מזוכך אור</ItemName>
      <ManufacturerName>,</ManufacturerName>
      <ManufactureCountry>לא ידוע</ManufactureCountry>
      <ManufacturerItemDescription>שמן חמניות מזוכך אורוזיינויה 870 מל</ManufacturerItemDescription>
      <UnitQty>מיליליטרים</UnitQty>
      <Quantity>870.00</Quantity>
      <UnitOfMeasure>100 מ"ל</UnitOfMeasure>
      <bIsWeighted>0</bIsWeighted>
      <QtyInPackage>1</QtyInPackage>
      <ItemPrice>14.90</ItemPrice>
      <UnitOfMeasurePrice>1.7126</UnitOfMeasurePrice>
      <AllowDiscount>1</AllowDiscount>
      <ItemStatus>1</ItemStatus>
      <ItemId>96161</ItemId>
    </Item>
    <Item>
      <PriceUpdateDate>2024-12-18 10:15:21</PriceUpdateDate>
      <ItemCode>4606599008913</ItemCode>
      <ItemType>1</ItemType>
      <ItemName>חלב מרוכז ממותק בתוס</ItemName>
      <ManufacturerName>,</ManufacturerName>
      <ManufactureCountry>לא ידוע</ManufactureCountry>
      <ManufacturerItemDescription>חלב מרוכז ממותק בתוספת שומן צמחי 370 גר</ManufacturerItemDescription>
      <UnitQty>גרמים</UnitQty>
      <Quantity>370.00</Quantity>
      <UnitOfMeasure>100 גרם</UnitOfMeasure>
      <bIsWeighted>0</bIsWeighted>
      <QtyInPackage>45</QtyInPackage>
      <ItemPrice>10.90</ItemPrice>
      <UnitOfMeasurePrice>2.9459</UnitOfMeasurePrice>
      <AllowDiscount>1</AllowDiscount>
      <ItemStatus>1</ItemStatus>
      <ItemId>96162</ItemId>
    </Item>
    <Item>
      <PriceUpdateDate>2024-12-18 10:19:46</PriceUpdateDate>
      <ItemCode>7290018724293</ItemCode>
      <ItemType>1</ItemType>
      <ItemName>חטיף חלבון פיסטוק חל</ItemName>
      <ManufacturerName>,</ManufacturerName>
      <ManufactureCountry>לא ידוע</ManufactureCountry>
      <ManufacturerItemDescription>חטיף חלבון פיסטוק חלבה 70 גר</ManufacturerItemDescription>
      <UnitQty>גרמים</UnitQty>
      <Quantity>70.00</Quantity>
      <UnitOfMeasure>100 גרם</UnitOfMeasure>
      <bIsWeighted>0</bIsWeighted>
      <QtyInPackage>1</QtyInPackage>
      <ItemPrice>12.90</ItemPrice>
      <UnitOfMeasurePrice>18.4286</UnitOfMeasurePrice>
      <AllowDiscount>1</AllowDiscount>
      <ItemStatus>1</ItemStatus>
      <ItemId>96179</ItemId>
    </Item>
    <Item>
      <PriceUpdateDate>2024-12-20 08:47:55</PriceUpdateDate>
      <ItemCode>5776879022447</ItemCode>
      <ItemType>1</ItemType>
      <ItemName>עוגיות שוקולד ציפס א</ItemName>
      <ManufacturerName>,</ManufacturerName>
      <ManufactureCountry>לא ידוע</ManufactureCountry>
      <ManufacturerItemDescription>עוגיות שוקולד ציפס אולד דנמרק 454 גר</ManufacturerItemDescription>
      <UnitQty>גרמים</UnitQty>
      <Quantity>454.00</Quantity>
      <UnitOfMeasure>100 גרם</UnitOfMeasure>
      <bIsWeighted>0</bIsWeighted>
      <QtyInPackage>1</QtyInPackage>
      <ItemPrice>36.90</ItemPrice>
      <UnitOfMeasurePrice>8.1278</UnitOfMeasurePrice>
      <AllowDiscount>1</AllowDiscount>
      <ItemStatus>1</ItemStatus>
      <ItemId>96191</ItemId>
    </Item>
    <Item>
      <PriceUpdateDate>2024-12-20 08:47:55</PriceUpdateDate>
      <ItemCode>5776879022461</ItemCode>
      <ItemType>1</ItemType>
      <ItemName>עוגיות חמאה ושוקולד</ItemName>
      <ManufacturerName>,</ManufacturerName>
      <ManufactureCountry>לא ידוע</ManufactureCountry>
      <ManufacturerItemDescription>עוגיות חמאה ושוקולד אולד דנמרק 454 גר</ManufacturerItemDescription>
      <UnitQty>גרמים</UnitQty>
      <Quantity>454.00</Quantity>
      <UnitOfMeasure>100 גרם</UnitOfMeasure>
      <bIsWeighted>0</bIsWeighted>
      <QtyInPackage>1</QtyInPackage>
      <ItemPrice>36.90</ItemPrice>
      <UnitOfMeasurePrice>8.1278</UnitOfMeasurePrice>
      <AllowDiscount>1</AllowDiscount>
      <ItemStatus>1</ItemStatus>
      <ItemId>96193</ItemId>
    </Item>
    <Item>
      <PriceUpdateDate>2024-12-20 08:53:00</PriceUpdateDate>
      <ItemCode>7290008961301</ItemCode>
      <ItemType>1</ItemType>
      <ItemName>קוואקר עבה פוסולסקי</ItemName>
      <ManufacturerName>פרוטרי</ManufacturerName>
      <ManufactureCountry>לא ידוע</ManufactureCountry>
      <ManufacturerItemDescription>קוואקר עבה פוסולסקי דבור 500 גר</ManufacturerItemDescription>
      <UnitQty>גרמים</UnitQty>
      <Quantity>500.00</Quantity>
      <UnitOfMeasure>100 גרם</UnitOfMeasure>
      <bIsWeighted>0</bIsWeighted>
      <QtyInPackage>1</QtyInPackage>
      <ItemPrice>8.90</ItemPrice>
      <UnitOfMeasurePrice>1.7800</UnitOfMeasurePrice>
      <AllowDiscount>1</AllowDiscount>
      <ItemStatus>1</ItemStatus>
      <ItemId>96208</ItemId>
    </Item>
    <Item>
      <PriceUpdateDate>2025-02-04 15:41:28</PriceUpdateDate>
      <ItemCode>4792331005385</ItemCode>
      <ItemType>1</ItemType>
      <ItemName>תה ירוק אנונה עם ניצ</ItemName>
      <ManufacturerName>טורלטון</ManufacturerName>
      <ManufactureCountry>לא ידוע</ManufactureCountry>
      <ManufacturerItemDescription>תה ירוק אנונה עם ניצני 250 גר פח</ManufacturerItemDescription>
      <UnitQty>גרמים</UnitQty>
      <Quantity>250.00</Quantity>
      <UnitOfMeasure>100 גרם</UnitOfMeasure>
      <bIsWeighted>0</bIsWeighted>
      <QtyInPackage>1</QtyInPackage>
      <ItemPrice>39.90</ItemPrice>
      <UnitOfMeasurePrice>15.9600</UnitOfMeasurePrice>
      <AllowDiscount>1</AllowDiscount>
      <ItemStatus>1</ItemStatus>
      <ItemId>96253</ItemId>
    </Item>
    <Item>
      <PriceUpdateDate>2024-12-24 15:57:14</PriceUpdateDate>
      <ItemCode>4792331002711</ItemCode>
      <ItemType>1</ItemType>
      <ItemName>תה ירוק פירות טרופיי</ItemName>
      <ManufacturerName>טורלטון</ManufacturerName>
      <ManufactureCountry>לא ידוע</ManufactureCountry>
      <ManufacturerItemDescription>תה ירוק פירות טרופיים 250 גר פח</ManufacturerItemDescription>
      <UnitQty>גרמים</UnitQty>
      <Quantity>250.00</Quantity>
      <UnitOfMeasure>100 גרם</UnitOfMeasure>
      <bIsWeighted>0</bIsWeighted>
      <QtyInPackage>1</QtyInPackage>
      <ItemPrice>39.90</ItemPrice>
      <UnitOfMeasurePrice>15.9600</UnitOfMeasurePrice>
      <AllowDiscount>1</AllowDiscount>
      <ItemStatus>1</ItemStatus>
      <ItemId>96254</ItemId>
    </Item>
    <Item>
      <PriceUpdateDate>2024-12-27 08:35:08</PriceUpdateDate>
      <ItemCode>4792331002735</ItemCode>
      <ItemType>1</ItemType>
      <ItemName>תה אופה פח 250 גר</ItemName>
      <ManufacturerName>טורלטון</ManufacturerName>
      <ManufactureCountry>לא ידוע</ManufactureCountry>
      <ManufacturerItemDescription>תה ירוק אנונה עם ניצני פח 250 גר</ManufacturerItemDescription>
      <UnitQty>גרמים</UnitQty>
      <Quantity>250.00</Quantity>
      <UnitOfMeasure>100 גרם</UnitOfMeasure>
      <bIsWeighted>0</bIsWeighted>
      <QtyInPackage>1</QtyInPackage>
      <ItemPrice>39.90</ItemPrice>
      <UnitOfMeasurePrice>15.9600</UnitOfMeasurePrice>
      <AllowDiscount>1</AllowDiscount>
      <ItemStatus>1</ItemStatus>
      <ItemId>96318</ItemId>
    </Item>
    <Item>
      <PriceUpdateDate>2024-12-27 08:35:38</PriceUpdateDate>
      <ItemCode>4820077162144</ItemCode>
      <ItemType>1</ItemType>
      <ItemName>גלידת שמנת מקרון וני</ItemName>
      <ManufacturerName>,</ManufacturerName>
      <ManufactureCountry>לא ידוע</ManufactureCountry>
      <ManufacturerItemDescription>גלידת שמנת מקרון וניל קרמל מלוח 60 גר</ManufacturerItemDescription>
      <UnitQty>גרמים</UnitQty>
      <Quantity>60.00</Quantity>
      <UnitOfMeasure>100 גרם</UnitOfMeasure>
      <bIsWeighted>0</bIsWeighted>
      <QtyInPackage>1</QtyInPackage>
      <ItemPrice>9.90</ItemPrice>
      <UnitOfMeasurePrice>16.5000</UnitOfMeasurePrice>
      <AllowDiscount>1</AllowDiscount>
      <ItemStatus>1</ItemStatus>
      <ItemId>96323</ItemId>
    </Item>
    <Item>
      <PriceUpdateDate>2024-12-27 08:36:42</PriceUpdateDate>
      <ItemCode>4750022180070</ItemCode>
      <ItemType>1</ItemType>
      <ItemName>פטריות מוחמצות ספילב</ItemName>
      <ManufacturerName>,</ManufacturerName>
      <ManufactureCountry>לא ידוע</ManufactureCountry>
      <ManufacturerItemDescription>פטריות מוחמצות ספילבה 290 גר</ManufacturerItemDescription>
      <UnitQty>גרמים</UnitQty>
      <Quantity>290.00</Quantity>
      <UnitOfMeasure>100 גרם</UnitOfMeasure>
      <bIsWeighted>0</bIsWeighted>
      <QtyInPackage>1</QtyInPackage>
      <ItemPrice>22.90</ItemPrice>
      <UnitOfMeasurePrice>7.8966</UnitOfMeasurePrice>
      <AllowDiscount>1</AllowDiscount>
      <ItemStatus>1</ItemStatus>
      <ItemId>96372</ItemId>
    </Item>
    <Item>
      <PriceUpdateDate>2024-12-27 08:36:56</PriceUpdateDate>
      <ItemCode>4760109701159</ItemCode>
      <ItemType>1</ItemType>
      <ItemName>עוגיות שבולת שועל 22</ItemName>
      <ManufacturerName>,</ManufacturerName>
      <ManufactureCountry>לא ידוע</ManufactureCountry>
      <ManufacturerItemDescription>עוגיות שבולת שועל 220 גר</ManufacturerItemDescription>
      <UnitQty>גרמים</UnitQty>
      <Quantity>220.00</Quantity>
      <UnitOfMeasure>100 גרם</UnitOfMeasure>
      <bIsWeighted>0</bIsWeighted>
      <QtyInPackage>1</QtyInPackage>
      <ItemPrice>5.90</ItemPrice>
      <UnitOfMeasurePrice>2.6818</UnitOfMeasurePrice>
      <AllowDiscount>1</AllowDiscount>
      <ItemStatus>1</ItemStatus>
      <ItemId>96399</ItemId>
    </Item>
    <Item>
      <PriceUpdateDate>2025-01-24 08:41:00</PriceUpdateDate>
      <ItemCode>4820209111668</ItemCode>
      <ItemType>1</ItemType>
      <ItemName>נקטר עגבניות בלאדי מ</ItemName>
      <ManufacturerName>,</ManufacturerName>
      <ManufactureCountry>לא ידוע</ManufactureCountry>
      <ManufacturerItemDescription>נקטר עגבניות בלאדי מארי ביולה 1 ל</ManufacturerItemDescription>
      <UnitQty>ליטרים</UnitQty>
      <Quantity>1.00</Quantity>
      <UnitOfMeasure>ליטר    </UnitOfMeasure>
      <bIsWeighted>0</bIsWeighted>
      <QtyInPackage>1</QtyInPackage>
      <ItemPrice>10.90</ItemPrice>
      <UnitOfMeasurePrice>10.9000</UnitOfMeasurePrice>
      <AllowDiscount>1</AllowDiscount>
      <ItemStatus>1</ItemStatus>
      <ItemId>96723</ItemId>
    </Item>
    <Item>
      <PriceUpdateDate>2025-01-24 08:41:43</PriceUpdateDate>
      <ItemCode>4607014780988</ItemCode>
      <ItemType>1</ItemType>
      <ItemName>שמן חמניות בלאגו לא</ItemName>
      <ManufacturerName>קליסה</ManufacturerName>
      <ManufactureCountry>לא ידוע</ManufactureCountry>
      <ManufacturerItemDescription>שמן חמניות בלאגו לא מזוכך 1 ל</ManufacturerItemDescription>
      <UnitQty>מיליליטרים</UnitQty>
      <Quantity>1000.00</Quantity>
      <UnitOfMeasure>100 מ"ל</UnitOfMeasure>
      <bIsWeighted>0</bIsWeighted>
      <QtyInPackage>1</QtyInPackage>
      <ItemPrice>16.90</ItemPrice>
      <UnitOfMeasurePrice>1.6900</UnitOfMeasurePrice>
      <AllowDiscount>1</AllowDiscount>
      <ItemStatus>1</ItemStatus>
      <ItemId>96745</ItemId>
    </Item>
    <Item>
      <PriceUpdateDate>2025-01-24 08:42:58</PriceUpdateDate>
      <ItemCode>5601996263544</ItemCode>
      <ItemType>1</ItemType>
      <ItemName>יין פורטה 6 אדום 375</ItemName>
      <ManufacturerName>,</ManufacturerName>
      <ManufactureCountry>לא ידוע</ManufactureCountry>
      <ManufacturerItemDescription>יין פורטה 6 אדום 375 מל</ManufacturerItemDescription>
      <UnitQty>מיליליטרים</UnitQty>
      <Quantity>375.00</Quantity>
      <UnitOfMeasure>100 מ"ל</UnitOfMeasure>
      <bIsWeighted>0</bIsWeighted>
      <QtyInPackage>1</QtyInPackage>
      <ItemPrice>29.90</ItemPrice>
      <UnitOfMeasurePrice>7.9733</UnitOfMeasurePrice>
      <AllowDiscount>1</AllowDiscount>
      <ItemStatus>1</ItemStatus>
      <ItemId>96763</ItemId>
    </Item>
    <Item>
      <PriceUpdateDate>2025-01-31 13:22:39</PriceUpdateDate>
      <ItemCode>7290010679072</ItemCode>
      <ItemType>1</ItemType>
      <ItemName>שרימפס לא מקולף 500</ItemName>
      <ManufacturerName>,</ManufacturerName>
      <ManufactureCountry>לא ידוע</ManufactureCountry>
      <ManufacturerItemDescription>שרימפס לא מקולף 500 גר</ManufacturerItemDescription>
      <UnitQty>גרמים</UnitQty>
      <Quantity>500.00</Quantity>
      <UnitOfMeasure>100 גרם</UnitOfMeasure>
      <bIsWeighted>0</bIsWeighted>
      <QtyInPackage>1</QtyInPackage>
      <ItemPrice>39.90</ItemPrice>
      <UnitOfMeasurePrice>7.9800</UnitOfMeasurePrice>
      <AllowDiscount>1</AllowDiscount>
      <ItemStatus>1</ItemStatus>
      <ItemId>96873</ItemId>
    </Item>
    <Item>
      <PriceUpdateDate>2025-02-03 15:52:45</PriceUpdateDate>
      <ItemCode>4602292023772</ItemCode>
      <ItemType>1</ItemType>
      <ItemName>וופל ממולא בטעם חלב</ItemName>
      <ManufacturerName>,</ManufacturerName>
      <ManufactureCountry>לא ידוע</ManufactureCountry>
      <ManufacturerItemDescription>וופל ממולא בטעם חלב מרוכז הולנדי 272 ג</ManufacturerItemDescription>
      <UnitQty>גרמים</UnitQty>
      <Quantity>272.00</Quantity>
      <UnitOfMeasure>100 גרם</UnitOfMeasure>
      <bIsWeighted>0</bIsWeighted>
      <QtyInPackage>1</QtyInPackage>
      <ItemPrice>9.90</ItemPrice>
      <UnitOfMeasurePrice>3.6397</UnitOfMeasurePrice>
      <AllowDiscount>1</AllowDiscount>
      <ItemStatus>1</ItemStatus>
      <ItemId>96899</ItemId>
    </Item>
    <Item>
      <PriceUpdateDate>2025-02-09 12:02:40</PriceUpdateDate>
      <ItemCode>7290112771131</ItemCode>
      <ItemType>1</ItemType>
      <ItemName>סלט ביצים 400 גר</ItemName>
      <ManufacturerName>,</ManufacturerName>
      <ManufactureCountry>לא ידוע</ManufactureCountry>
      <ManufacturerItemDescription>סלט ביצים 400 גר</ManufacturerItemDescription>
      <UnitQty>גרמים</UnitQty>
      <Quantity>400.00</Quantity>
      <UnitOfMeasure>100 גרם</UnitOfMeasure>
      <bIsWeighted>0</bIsWeighted>
      <QtyInPackage>1</QtyInPackage>
      <ItemPrice>32.90</ItemPrice>
      <UnitOfMeasurePrice>8.2250</UnitOfMeasurePrice>
      <AllowDiscount>1</AllowDiscount>
      <ItemStatus>1</ItemStatus>
      <ItemId>96905</ItemId>
    </Item>
    <Item>
      <PriceUpdateDate>2025-06-03 08:36:02</PriceUpdateDate>
      <ItemCode>7290112771568</ItemCode>
      <ItemType>1</ItemType>
      <ItemName>סלט סורימי 250 גר</ItemName>
      <ManufacturerName>,</ManufacturerName>
      <ManufactureCountry>לא ידוע</ManufactureCountry>
      <ManufacturerItemDescription>סלט סורימי 250 גר</ManufacturerItemDescription>
      <UnitQty>גרמים</UnitQty>
      <Quantity>250.00</Quantity>
      <UnitOfMeasure>100 גרם</UnitOfMeasure>
      <bIsWeighted>0</bIsWeighted>
      <QtyInPackage>1</QtyInPackage>
      <ItemPrice>18.90</ItemPrice>
      <UnitOfMeasurePrice>7.5600</UnitOfMeasurePrice>
      <AllowDiscount>1</AllowDiscount>
      <ItemStatus>1</ItemStatus>
      <ItemId>96908</ItemId>
    </Item>
    <Item>
      <PriceUpdateDate>2025-02-04 15:44:23</PriceUpdateDate>
      <ItemCode>4806524222470</ItemCode>
      <ItemType>1</ItemType>
      <ItemName>חטיף סנאפי אפונה ירו</ItemName>
      <ManufacturerName>,</ManufacturerName>
      <ManufactureCountry>לא ידוע</ManufactureCountry>
      <ManufacturerItemDescription>חטיף סנאפי אפונה ירוקה חריף 108 גר</ManufacturerItemDescription>
      <UnitQty>גרמים</UnitQty>
      <Quantity>108.00</Quantity>
      <UnitOfMeasure>100 גרם</UnitOfMeasure>
      <bIsWeighted>0</bIsWeighted>
      <QtyInPackage>1</QtyInPackage>
      <ItemPrice>14.90</ItemPrice>
      <UnitOfMeasurePrice>13.7963</UnitOfMeasurePrice>
      <AllowDiscount>1</AllowDiscount>
      <ItemStatus>1</ItemStatus>
      <ItemId>96914</ItemId>
    </Item>
    <Item>
      <PriceUpdateDate>2025-02-04 15:44:23</PriceUpdateDate>
      <ItemCode>4806524222401</ItemCode>
      <ItemType>1</ItemType>
      <ItemName>חטיף סנאפי אפונה ירו</ItemName>
      <ManufacturerName>,</ManufacturerName>
      <ManufactureCountry>לא ידוע</ManufactureCountry>
      <ManufacturerItemDescription>חטיף סנאפי אפונה ירוקה בטעם טבעי 108 גר</ManufacturerItemDescription>
      <UnitQty>גרמים</UnitQty>
      <Quantity>108.00</Quantity>
      <UnitOfMeasure>100 גרם</UnitOfMeasure>
      <bIsWeighted>0</bIsWeighted>
      <QtyInPackage>1</QtyInPackage>
      <ItemPrice>14.90</ItemPrice>
      <UnitOfMeasurePrice>13.7963</UnitOfMeasurePrice>
      <AllowDiscount>1</AllowDiscount>
      <ItemStatus>1</ItemStatus>
      <ItemId>96915</ItemId>
    </Item>
    <Item>
      <PriceUpdateDate>2025-02-04 15:44:23</PriceUpdateDate>
      <ItemCode>4806524222456</ItemCode>
      <ItemType>1</ItemType>
      <ItemName>חטיף אפונה ירוקה פרי</ItemName>
      <ManufacturerName>,</ManufacturerName>
      <ManufactureCountry>לא ידוע</ManufactureCountry>
      <ManufacturerItemDescription>חטיף אפונה ירוקה פריכים בטעם גבינה 108 ג</ManufacturerItemDescription>
      <UnitQty>גרמים</UnitQty>
      <Quantity>108.00</Quantity>
      <UnitOfMeasure>100 גרם</UnitOfMeasure>
      <bIsWeighted>0</bIsWeighted>
      <QtyInPackage>1</QtyInPackage>
      <ItemPrice>14.90</ItemPrice>
      <UnitOfMeasurePrice>13.7963</UnitOfMeasurePrice>
      <AllowDiscount>1</AllowDiscount>
      <ItemStatus>1</ItemStatus>
      <ItemId>96916</ItemId>
    </Item>
    <Item>
      <PriceUpdateDate>2025-02-04 15:44:23</PriceUpdateDate>
      <ItemCode>8410031132519</ItemCode>
      <ItemType>1</ItemType>
      <ItemName>צופה צופס לקקן 16 יח</ItemName>
      <ManufacturerName>,</ManufacturerName>
      <ManufactureCountry>לא ידוע</ManufactureCountry>
      <ManufacturerItemDescription>צופה צופס לקקן 16 יח בשקית 120 גר</ManufacturerItemDescription>
      <UnitQty>גרמים</UnitQty>
      <Quantity>120.00</Quantity>
      <UnitOfMeasure>100 גרם</UnitOfMeasure>
      <bIsWeighted>0</bIsWeighted>
      <QtyInPackage>1</QtyInPackage>
      <ItemPrice>15.90</ItemPrice>
      <UnitOfMeasurePrice>13.2500</UnitOfMeasurePrice>
      <AllowDiscount>1</AllowDiscount>
      <ItemStatus>1</ItemStatus>
      <ItemId>96919</ItemId>
    </Item>
    <Item>
      <PriceUpdateDate>2025-02-06 11:46:31</PriceUpdateDate>
      <ItemCode>4607038066853</ItemCode>
      <ItemType>1</ItemType>
      <ItemName>שימורי קלמר 250 גר</ItemName>
      <ManufacturerName>ווו רוסיה פישינג וור</ManufacturerName>
      <ManufactureCountry>לא ידוע</ManufactureCountry>
      <ManufacturerItemDescription>שימורי קלמר 250 גר</ManufacturerItemDescription>
      <UnitQty>גרמים</UnitQty>
      <Quantity>250.00</Quantity>
      <UnitOfMeasure>100 גרם</UnitOfMeasure>
      <bIsWeighted>0</bIsWeighted>
      <QtyInPackage>1</QtyInPackage>
      <ItemPrice>14.90</ItemPrice>
      <UnitOfMeasurePrice>5.9600</UnitOfMeasurePrice>
      <AllowDiscount>1</AllowDiscount>
      <ItemStatus>1</ItemStatus>
      <ItemId>96937</ItemId>
    </Item>
    <Item>
      <PriceUpdateDate>2025-02-07 08:13:39</PriceUpdateDate>
      <ItemCode>4810658010414</ItemCode>
      <ItemType>1</ItemType>
      <ItemName>בונבוניירה פרמיום בו</ItemName>
      <ManufacturerName>פקר</ManufacturerName>
      <ManufactureCountry>לא ידוע</ManufactureCountry>
      <ManufacturerItemDescription>בונבוניירה פרמיום בון וויגי 370 גר</ManufacturerItemDescription>
      <UnitQty>גרמים</UnitQty>
      <Quantity>370.00</Quantity>
      <UnitOfMeasure>100 גרם</UnitOfMeasure>
      <bIsWeighted>0</bIsWeighted>
      <QtyInPackage>1</QtyInPackage>
      <ItemPrice>49.90</ItemPrice>
      <UnitOfMeasurePrice>13.4865</UnitOfMeasurePrice>
      <AllowDiscount>1</AllowDiscount>
      <ItemStatus>1</ItemStatus>
      <ItemId>96960</ItemId>
    </Item>
    <Item>
      <PriceUpdateDate>2025-02-07 08:13:39</PriceUpdateDate>
      <ItemCode>4810658003096</ItemCode>
      <ItemType>1</ItemType>
      <ItemName>בונבוניירה בון וויגי</ItemName>
      <ManufacturerName>פקר</ManufacturerName>
      <ManufactureCountry>לא ידוע</ManufactureCountry>
      <ManufacturerItemDescription>בונבוניירה בון וויגי רויאיל קולקשן 370 ג</ManufacturerItemDescription>
      <UnitQty>גרמים</UnitQty>
      <Quantity>370.00</Quantity>
      <UnitOfMeasure>100 גרם</UnitOfMeasure>
      <bIsWeighted>0</bIsWeighted>
      <QtyInPackage>1</QtyInPackage>
      <ItemPrice>49.90</ItemPrice>
      <UnitOfMeasurePrice>13.4865</UnitOfMeasurePrice>
      <AllowDiscount>1</AllowDiscount>
      <ItemStatus>1</ItemStatus>
      <ItemId>96961</ItemId>
    </Item>
    <Item>
      <PriceUpdateDate>2025-02-07 08:13:39</PriceUpdateDate>
      <ItemCode>4640001733642</ItemCode>
      <ItemType>1</ItemType>
      <ItemName>קרם בורג מותכת 130 ג</ItemName>
      <ManufacturerName>פקר</ManufacturerName>
      <ManufactureCountry>לא ידוע</ManufactureCountry>
      <ManufacturerItemDescription>קרם בורג מותכת 130 גר</ManufacturerItemDescription>
      <UnitQty>גרמים</UnitQty>
      <Quantity>130.00</Quantity>
      <UnitOfMeasure>100 גרם</UnitOfMeasure>
      <bIsWeighted>0</bIsWeighted>
      <QtyInPackage>1</QtyInPackage>
      <ItemPrice>14.90</ItemPrice>
      <UnitOfMeasurePrice>11.4615</UnitOfMeasurePrice>
      <AllowDiscount>1</AllowDiscount>
      <ItemStatus>1</ItemStatus>
      <ItemId>96962</ItemId>
    </Item>
    <Item>
      <PriceUpdateDate>2025-02-07 08:13:40</PriceUpdateDate>
      <ItemCode>5906013005832</ItemCode>
      <ItemType>1</ItemType>
      <ItemName>כרוב כבוש עם גזר 800</ItemName>
      <ManufacturerName>פקר</ManufacturerName>
      <ManufactureCountry>לא ידוע</ManufactureCountry>
      <ManufacturerItemDescription>כרוב כבוש עם גזר 800 גר</ManufacturerItemDescription>
      <UnitQty>גרמים</UnitQty>
      <Quantity>800.00</Quantity>
      <UnitOfMeasure>100 גרם</UnitOfMeasure>
      <bIsWeighted>0</bIsWeighted>
      <QtyInPackage>1</QtyInPackage>
      <ItemPrice>16.90</ItemPrice>
      <UnitOfMeasurePrice>2.1125</UnitOfMeasurePrice>
      <AllowDiscount>1</AllowDiscount>
      <ItemStatus>1</ItemStatus>
      <ItemId>96971</ItemId>
    </Item>
    <Item>
      <PriceUpdateDate>2025-02-07 08:13:40</PriceUpdateDate>
      <ItemCode>5906013005825</ItemCode>
      <ItemType>1</ItemType>
      <ItemName>כרוב כבוש  800 גר</ItemName>
      <ManufacturerName>פקר</ManufacturerName>
      <ManufactureCountry>לא ידוע</ManufactureCountry>
      <ManufacturerItemDescription>כרוב כבוש  800 גר</ManufacturerItemDescription>
      <UnitQty>גרמים</UnitQty>
      <Quantity>800.00</Quantity>
      <UnitOfMeasure>100 גרם</UnitOfMeasure>
      <bIsWeighted>0</bIsWeighted>
      <QtyInPackage>1</QtyInPackage>
      <ItemPrice>16.90</ItemPrice>
      <UnitOfMeasurePrice>2.1125</UnitOfMeasurePrice>
      <AllowDiscount>1</AllowDiscount>
      <ItemStatus>1</ItemStatus>
      <ItemId>96972</ItemId>
    </Item>
    <Item>
      <PriceUpdateDate>2025-09-01 14:12:15</PriceUpdateDate>
      <ItemCode>7290000499903</ItemCode>
      <ItemType>1</ItemType>
      <ItemName>צלי כתף חצוי מס 5</ItemName>
      <ManufacturerName>,</ManufacturerName>
      <ManufactureCountry>לא ידוע</ManufactureCountry>
      <ManufacturerItemDescription>צלי כתף חצוי מס 5</ManufacturerItemDescription>
      <UnitQty>קילוגרמים</UnitQty>
      <Quantity>1.00</Quantity>
      <UnitOfMeasure>ק"ג</UnitOfMeasure>
      <bIsWeighted>1</bIsWeighted>
      <QtyInPackage>לא ידוע</QtyInPackage>
      <ItemPrice>109.90</ItemPrice>
      <UnitOfMeasurePrice>109.9000</UnitOfMeasurePrice>
      <AllowDiscount>1</AllowDiscount>
      <ItemStatus>1</ItemStatus>
      <ItemId>96986</ItemId>
    </Item>
    <Item>
      <PriceUpdateDate>2025-02-09 10:57:56</PriceUpdateDate>
      <ItemCode>6920246330003</ItemCode>
      <ItemType>1</ItemType>
      <ItemName>ארנק למטבעות בצורת ל</ItemName>
      <ManufacturerName>,</ManufacturerName>
      <ManufactureCountry>לא ידוע</ManufactureCountry>
      <ManufacturerItemDescription>ארנק למטבעות בצורת לב עם קשת</ManufacturerItemDescription>
      <UnitQty>Unknown </UnitQty>
      <Quantity>0.00</Quantity>
      <UnitOfMeasure>Unknown </UnitOfMeasure>
      <bIsWeighted>0</bIsWeighted>
      <QtyInPackage>1</QtyInPackage>
      <ItemPrice>10.00</ItemPrice>
      <UnitOfMeasurePrice>0.0000</UnitOfMeasurePrice>
      <AllowDiscount>1</AllowDiscount>
      <ItemStatus>1</ItemStatus>
      <ItemId>96988</ItemId>
    </Item>
    <Item>
      <PriceUpdateDate>2025-10-19 19:55:12</PriceUpdateDate>
      <ItemCode>8710448536932</ItemCode>
      <ItemType>1</ItemType>
      <ItemName>רוטב איטלקי לסלט 450</ItemName>
      <ManufacturerName>וואן האוטן</ManufacturerName>
      <ManufactureCountry>לא ידוע</ManufactureCountry>
      <ManufacturerItemDescription>רוטב איטלקי לסלט 450 מל</ManufacturerItemDescription>
      <UnitQty>מיליליטרים</UnitQty>
      <Quantity>450.00</Quantity>
      <UnitOfMeasure>100 מ"ל</UnitOfMeasure>
      <bIsWeighted>0</bIsWeighted>
      <QtyInPackage>1</QtyInPackage>
      <ItemPrice>14.90</ItemPrice>
      <UnitOfMeasurePrice>3.3111</UnitOfMeasurePrice>
      <AllowDiscount>1</AllowDiscount>
      <ItemStatus>1</ItemStatus>
      <ItemId>96992</ItemId>
    </Item>
    <Item>
      <PriceUpdateDate>2025-02-09 11:35:01</PriceUpdateDate>
      <ItemCode>8710448641520</ItemCode>
      <ItemType>1</ItemType>
      <ItemName>רוטב המבורגר מקורי 8</ItemName>
      <ManufacturerName>,</ManufacturerName>
      <ManufactureCountry>לא ידוע</ManufactureCountry>
      <ManufacturerItemDescription>רוטב המבורגר מקורי 850 מל</ManufacturerItemDescription>
      <UnitQty>מיליליטרים</UnitQty>
      <Quantity>850.00</Quantity>
      <UnitOfMeasure>100 מ"ל</UnitOfMeasure>
      <bIsWeighted>0</bIsWeighted>
      <QtyInPackage>1</QtyInPackage>
      <ItemPrice>26.90</ItemPrice>
      <UnitOfMeasurePrice>3.1647</UnitOfMeasurePrice>
      <AllowDiscount>1</AllowDiscount>
      <ItemStatus>1</ItemStatus>
      <ItemId>96995</ItemId>
    </Item>
    <Item>
      <PriceUpdateDate>2025-02-25 14:15:30</PriceUpdateDate>
      <ItemCode>902</ItemCode>
      <ItemType>0</ItemType>
      <ItemName>ויטצינה כפרית</ItemName>
      <ManufacturerName>מעדני בשר השוקת</ManufacturerName>
      <ManufactureCountry>לא ידוע</ManufactureCountry>
      <ManufacturerItemDescription>ויטצינה כפרית</ManufacturerItemDescription>
      <UnitQty>קילוגרמים</UnitQty>
      <Quantity>1.00</Quantity>
      <UnitOfMeasure>ק"ג</UnitOfMeasure>
      <bIsWeighted>1</bIsWeighted>
      <QtyInPackage>לא ידוע</QtyInPackage>
      <ItemPrice>99.00</ItemPrice>
      <UnitOfMeasurePrice>99.0000</UnitOfMeasurePrice>
      <AllowDiscount>1</AllowDiscount>
      <ItemStatus>1</ItemStatus>
      <ItemId>97152</ItemId>
    </Item>
    <Item>
      <PriceUpdateDate>2025-02-25 14:18:08</PriceUpdateDate>
      <ItemCode>3245372201045</ItemCode>
      <ItemType>1</ItemType>
      <ItemName>יין פינו נואר אטמוספ</ItemName>
      <ManufacturerName>,</ManufacturerName>
      <ManufactureCountry>לא ידוע</ManufactureCountry>
      <ManufacturerItemDescription>יין פינו נואר אטמוספר 750 מל</ManufacturerItemDescription>
      <UnitQty>מיליליטרים</UnitQty>
      <Quantity>750.00</Quantity>
      <UnitOfMeasure>100 מ"ל</UnitOfMeasure>
      <bIsWeighted>0</bIsWeighted>
      <QtyInPackage>1</QtyInPackage>
      <ItemPrice>49.90</ItemPrice>
      <UnitOfMeasurePrice>6.6533</UnitOfMeasurePrice>
      <AllowDiscount>1</AllowDiscount>
      <ItemStatus>1</ItemStatus>
      <ItemId>97164</ItemId>
    </Item>
    <Item>
      <PriceUpdateDate>2025-02-25 14:18:08</PriceUpdateDate>
      <ItemCode>8004160522305</ItemCode>
      <ItemType>1</ItemType>
      <ItemName>יין מבעבע אסטי ספומנ</ItemName>
      <ManufacturerName>MONDORO</ManufacturerName>
      <ManufactureCountry>IT</ManufactureCountry>
      <ManufacturerItemDescription>יין מבעבע אסטי ספומנטה מונדורו 750 מל</ManufacturerItemDescription>
      <UnitQty>מיליליטרים</UnitQty>
      <Quantity>750.00</Quantity>
      <UnitOfMeasure>100 מ"ל</UnitOfMeasure>
      <bIsWeighted>0</bIsWeighted>
      <QtyInPackage>6</QtyInPackage>
      <ItemPrice>69.90</ItemPrice>
      <UnitOfMeasurePrice>9.3200</UnitOfMeasurePrice>
      <AllowDiscount>1</AllowDiscount>
      <ItemStatus>1</ItemStatus>
      <ItemId>97168</ItemId>
    </Item>
    <Item>
      <PriceUpdateDate>2025-03-06 18:36:33</PriceUpdateDate>
      <ItemCode>7290000094556</ItemCode>
      <ItemType>1</ItemType>
      <ItemName>פילה סלמון נורווגי מ</ItemName>
      <ManufacturerName>,</ManufacturerName>
      <ManufactureCountry>לא ידוע</ManufactureCountry>
      <ManufacturerItemDescription>פילה סלמון נורווגי מנות</ManufacturerItemDescription>
      <UnitQty>קילוגרמים</UnitQty>
      <Quantity>1.00</Quantity>
      <UnitOfMeasure>ק"ג</UnitOfMeasure>
      <bIsWeighted>1</bIsWeighted>
      <QtyInPackage>לא ידוע</QtyInPackage>
      <ItemPrice>79.90</ItemPrice>
      <UnitOfMeasurePrice>79.9000</UnitOfMeasurePrice>
      <AllowDiscount>1</AllowDiscount>
      <ItemStatus>1</ItemStatus>
      <ItemId>97241</ItemId>
    </Item>
    <Item>
      <PriceUpdateDate>2025-03-18 08:39:43</PriceUpdateDate>
      <ItemCode>7290000911332</ItemCode>
      <ItemType>1</ItemType>
      <ItemName>לב אונטריב אנגוס מצו</ItemName>
      <ManufacturerName>,</ManufacturerName>
      <ManufactureCountry>לא ידוע</ManufactureCountry>
      <ManufacturerItemDescription>לב אונטריב אנגוס מצונן</ManufacturerItemDescription>
      <UnitQty>קילוגרמים</UnitQty>
      <Quantity>1.00</Quantity>
      <UnitOfMeasure>ק"ג</UnitOfMeasure>
      <bIsWeighted>1</bIsWeighted>
      <QtyInPackage>לא ידוע</QtyInPackage>
      <ItemPrice>99.90</ItemPrice>
      <UnitOfMeasurePrice>99.9000</UnitOfMeasurePrice>
      <AllowDiscount>1</AllowDiscount>
      <ItemStatus>1</ItemStatus>
      <ItemId>97389</ItemId>
    </Item>
    <Item>
      <PriceUpdateDate>2025-03-18 08:39:43</PriceUpdateDate>
      <ItemCode>7290000499088</ItemCode>
      <ItemType>1</ItemType>
      <ItemName>אסאדו עגל מנות מצונן</ItemName>
      <ManufacturerName>,</ManufacturerName>
      <ManufactureCountry>לא ידוע</ManufactureCountry>
      <ManufacturerItemDescription>אסאדו עגל מנות מצונן</ManufacturerItemDescription>
      <UnitQty>קילוגרמים</UnitQty>
      <Quantity>1.00</Quantity>
      <UnitOfMeasure>ק"ג</UnitOfMeasure>
      <bIsWeighted>1</bIsWeighted>
      <QtyInPackage>לא ידוע</QtyInPackage>
      <ItemPrice>99.90</ItemPrice>
      <UnitOfMeasurePrice>99.9000</UnitOfMeasurePrice>
      <AllowDiscount>1</AllowDiscount>
      <ItemStatus>1</ItemStatus>
      <ItemId>97393</ItemId>
    </Item>
    <Item>
      <PriceUpdateDate>2025-03-18 08:40:41</PriceUpdateDate>
      <ItemCode>7290000101926</ItemCode>
      <ItemType>1</ItemType>
      <ItemName>מיני פינסקיה</ItemName>
      <ManufacturerName>,</ManufacturerName>
      <ManufactureCountry>לא ידוע</ManufactureCountry>
      <ManufacturerItemDescription>מיני פינסקיה</ManufacturerItemDescription>
      <UnitQty>קילוגרמים</UnitQty>
      <Quantity>1.00</Quantity>
      <UnitOfMeasure>ק"ג</UnitOfMeasure>
      <bIsWeighted>1</bIsWeighted>
      <QtyInPackage>לא ידוע</QtyInPackage>
      <ItemPrice>119.00</ItemPrice>
      <UnitOfMeasurePrice>119.0000</UnitOfMeasurePrice>
      <AllowDiscount>1</AllowDiscount>
      <ItemStatus>1</ItemStatus>
      <ItemId>97400</ItemId>
    </Item>
    <Item>
      <PriceUpdateDate>2025-03-18 08:40:41</PriceUpdateDate>
      <ItemCode>7290000101902</ItemCode>
      <ItemType>1</ItemType>
      <ItemName>מיני מוסקובסקיה מבוש</ItemName>
      <ManufacturerName>,</ManufacturerName>
      <ManufactureCountry>לא ידוע</ManufactureCountry>
      <ManufacturerItemDescription>מיני מוסקובסקיה מבושל</ManufacturerItemDescription>
      <UnitQty>קילוגרמים</UnitQty>
      <Quantity>1.00</Quantity>
      <UnitOfMeasure>ק"ג</UnitOfMeasure>
      <bIsWeighted>1</bIsWeighted>
      <QtyInPackage>לא ידוע</QtyInPackage>
      <ItemPrice>149.00</ItemPrice>
      <UnitOfMeasurePrice>149.0000</UnitOfMeasurePrice>
      <AllowDiscount>1</AllowDiscount>
      <ItemStatus>1</ItemStatus>
      <ItemId>97401</ItemId>
    </Item>
    <Item>
      <PriceUpdateDate>2025-03-23 17:24:26</PriceUpdateDate>
      <ItemCode>4650259901571</ItemCode>
      <ItemType>1</ItemType>
      <ItemName>תחליף חלב בטעם תות 1</ItemName>
      <ManufacturerName>,</ManufacturerName>
      <ManufactureCountry>לא ידוע</ManufactureCountry>
      <ManufacturerItemDescription>תחליף חלב בטעם תות 1 ל</ManufacturerItemDescription>
      <UnitQty>ליטרים</UnitQty>
      <Quantity>1.00</Quantity>
      <UnitOfMeasure>ליטר    </UnitOfMeasure>
      <bIsWeighted>0</bIsWeighted>
      <QtyInPackage>1</QtyInPackage>
      <ItemPrice>12.90</ItemPrice>
      <UnitOfMeasurePrice>12.9000</UnitOfMeasurePrice>
      <AllowDiscount>1</AllowDiscount>
      <ItemStatus>1</ItemStatus>
      <ItemId>97457</ItemId>
    </Item>
    <Item>
      <PriceUpdateDate>2025-03-26 08:24:28</PriceUpdateDate>
      <ItemCode>5776879019324</ItemCode>
      <ItemType>1</ItemType>
      <ItemName>עוגיות קרמל ומלח 150</ItemName>
      <ManufacturerName>,</ManufacturerName>
      <ManufactureCountry>לא ידוע</ManufactureCountry>
      <ManufacturerItemDescription>עוגיות קרמל ומלח 150 גר</ManufacturerItemDescription>
      <UnitQty>גרמים</UnitQty>
      <Quantity>150.00</Quantity>
      <UnitOfMeasure>100 גרם</UnitOfMeasure>
      <bIsWeighted>0</bIsWeighted>
      <QtyInPackage>1</QtyInPackage>
      <ItemPrice>18.90</ItemPrice>
      <UnitOfMeasurePrice>12.6000</UnitOfMeasurePrice>
      <AllowDiscount>1</AllowDiscount>
      <ItemStatus>1</ItemStatus>
      <ItemId>97470</ItemId>
    </Item>
    <Item>
      <PriceUpdateDate>2025-03-26 08:24:28</PriceUpdateDate>
      <ItemCode>5776879019300</ItemCode>
      <ItemType>1</ItemType>
      <ItemName>עוגיות טירמיסו עם שו</ItemName>
      <ManufacturerName>,</ManufacturerName>
      <ManufactureCountry>לא ידוע</ManufactureCountry>
      <ManufacturerItemDescription>עוגיות טירמיסו עם שוקולד מריר 150 גר</ManufacturerItemDescription>
      <UnitQty>גרמים</UnitQty>
      <Quantity>150.00</Quantity>
      <UnitOfMeasure>100 גרם</UnitOfMeasure>
      <bIsWeighted>0</bIsWeighted>
      <QtyInPackage>1</QtyInPackage>
      <ItemPrice>18.90</ItemPrice>
      <UnitOfMeasurePrice>12.6000</UnitOfMeasurePrice>
      <AllowDiscount>1</AllowDiscount>
      <ItemStatus>1</ItemStatus>
      <ItemId>97471</ItemId>
    </Item>
    <Item>
      <PriceUpdateDate>2025-03-26 08:24:28</PriceUpdateDate>
      <ItemCode>5776879013803</ItemCode>
      <ItemType>1</ItemType>
      <ItemName>עוגיות ללא סוכר טיבו</ItemName>
      <ManufacturerName>,</ManufacturerName>
      <ManufactureCountry>לא ידוע</ManufactureCountry>
      <ManufacturerItemDescription>עוגיות ללא סוכר טיבולי 142 גר</ManufacturerItemDescription>
      <UnitQty>גרמים</UnitQty>
      <Quantity>142.00</Quantity>
      <UnitOfMeasure>100 גרם</UnitOfMeasure>
      <bIsWeighted>0</bIsWeighted>
      <QtyInPackage>1</QtyInPackage>
      <ItemPrice>19.90</ItemPrice>
      <UnitOfMeasurePrice>14.0141</UnitOfMeasurePrice>
      <AllowDiscount>1</AllowDiscount>
      <ItemStatus>1</ItemStatus>
      <ItemId>97472</ItemId>
    </Item>
    <Item>
      <PriceUpdateDate>2025-03-26 08:24:28</PriceUpdateDate>
      <ItemCode>5776879013780</ItemCode>
      <ItemType>1</ItemType>
      <ItemName>עוגיות ללא גלוטן טיב</ItemName>
      <ManufacturerName>,</ManufacturerName>
      <ManufactureCountry>לא ידוע</ManufactureCountry>
      <ManufacturerItemDescription>עוגיות ללא גלוטן טיבולי 142 גר</ManufacturerItemDescription>
      <UnitQty>גרמים</UnitQty>
      <Quantity>142.00</Quantity>
      <UnitOfMeasure>100 גרם</UnitOfMeasure>
      <bIsWeighted>0</bIsWeighted>
      <QtyInPackage>1</QtyInPackage>
      <ItemPrice>21.90</ItemPrice>
      <UnitOfMeasurePrice>15.4225</UnitOfMeasurePrice>
      <AllowDiscount>1</AllowDiscount>
      <ItemStatus>1</ItemStatus>
      <ItemId>97473</ItemId>
    </Item>
    <Item>
      <PriceUpdateDate>2025-03-31 18:34:44</PriceUpdateDate>
      <ItemCode>4600068058058</ItemCode>
      <ItemType>1</ItemType>
      <ItemName>משקה פירות מוגז בטעם</ItemName>
      <ManufacturerName>,</ManufacturerName>
      <ManufactureCountry>לא ידוע</ManufactureCountry>
      <ManufacturerItemDescription>משקה פירות מוגז בטעם מוחיטו תות שדה 450</ManufacturerItemDescription>
      <UnitQty>מיליליטרים</UnitQty>
      <Quantity>450.00</Quantity>
      <UnitOfMeasure>100 מ"ל</UnitOfMeasure>
      <bIsWeighted>0</bIsWeighted>
      <QtyInPackage>1</QtyInPackage>
      <ItemPrice>7.90</ItemPrice>
      <UnitOfMeasurePrice>1.7556</UnitOfMeasurePrice>
      <AllowDiscount>1</AllowDiscount>
      <ItemStatus>1</ItemStatus>
      <ItemId>97575</ItemId>
    </Item>
    <Item>
      <PriceUpdateDate>2025-04-11 08:12:20</PriceUpdateDate>
      <ItemCode>7610400099790</ItemCode>
      <ItemType>1</ItemType>
      <ItemName>שוקולד לינדור ווייט</ItemName>
      <ManufacturerName>,</ManufacturerName>
      <ManufactureCountry>לא ידוע</ManufactureCountry>
      <ManufacturerItemDescription>שוקולד לינדור ווייט 100 גר</ManufacturerItemDescription>
      <UnitQty>גרמים</UnitQty>
      <Quantity>100.00</Quantity>
      <UnitOfMeasure>100 גרם</UnitOfMeasure>
      <bIsWeighted>0</bIsWeighted>
      <QtyInPackage>1</QtyInPackage>
      <ItemPrice>22.90</ItemPrice>
      <UnitOfMeasurePrice>22.9000</UnitOfMeasurePrice>
      <AllowDiscount>1</AllowDiscount>
      <ItemStatus>1</ItemStatus>
      <ItemId>97729</ItemId>
    </Item>
    <Item>
      <PriceUpdateDate>2025-04-11 08:20:18</PriceUpdateDate>
      <ItemCode>5600206949421</ItemCode>
      <ItemType>1</ItemType>
      <ItemName>יין הברווז הזועם רזר</ItemName>
      <ManufacturerName>,</ManufacturerName>
      <ManufactureCountry>לא ידוע</ManufactureCountry>
      <ManufacturerItemDescription>יין הברווז הזועם רזרב קברנה סוביניון 750</ManufacturerItemDescription>
      <UnitQty>מיליליטרים</UnitQty>
      <Quantity>750.00</Quantity>
      <UnitOfMeasure>100 מ"ל</UnitOfMeasure>
      <bIsWeighted>0</bIsWeighted>
      <QtyInPackage>1</QtyInPackage>
      <ItemPrice>54.90</ItemPrice>
      <UnitOfMeasurePrice>7.3200</UnitOfMeasurePrice>
      <AllowDiscount>1</AllowDiscount>
      <ItemStatus>1</ItemStatus>
      <ItemId>97919</ItemId>
    </Item>
    <Item>
      <PriceUpdateDate>2025-04-11 08:20:18</PriceUpdateDate>
      <ItemCode>8002793020298</ItemCode>
      <ItemType>1</ItemType>
      <ItemName>יין פיציני מילריגה פ</ItemName>
      <ManufacturerName>,</ManufacturerName>
      <ManufactureCountry>לא ידוע</ManufactureCountry>
      <ManufacturerItemDescription>יין פיציני מילריגה פינו גריגיו 750 מל</ManufacturerItemDescription>
      <UnitQty>מיליליטרים</UnitQty>
      <Quantity>750.00</Quantity>
      <UnitOfMeasure>100 מ"ל</UnitOfMeasure>
      <bIsWeighted>0</bIsWeighted>
      <QtyInPackage>1</QtyInPackage>
      <ItemPrice>44.90</ItemPrice>
      <UnitOfMeasurePrice>5.9867</UnitOfMeasurePrice>
      <AllowDiscount>1</AllowDiscount>
      <ItemStatus>1</ItemStatus>
      <ItemId>97922</ItemId>
    </Item>
    <Item>
      <PriceUpdateDate>2025-04-16 11:24:50</PriceUpdateDate>
      <ItemCode>5902738904801</ItemCode>
      <ItemType>1</ItemType>
      <ItemName>ממרח דג סלמון פיקנטי</ItemName>
      <ManufacturerName>,</ManufacturerName>
      <ManufactureCountry>לא ידוע</ManufactureCountry>
      <ManufacturerItemDescription>ממרח דג סלמון פיקנטי 130 גר</ManufacturerItemDescription>
      <UnitQty>גרמים</UnitQty>
      <Quantity>130.00</Quantity>
      <UnitOfMeasure>100 גרם</UnitOfMeasure>
      <bIsWeighted>0</bIsWeighted>
      <QtyInPackage>1</QtyInPackage>
      <ItemPrice>5.90</ItemPrice>
      <UnitOfMeasurePrice>4.5385</UnitOfMeasurePrice>
      <AllowDiscount>1</AllowDiscount>
      <ItemStatus>1</ItemStatus>
      <ItemId>97982</ItemId>
    </Item>
    <Item>
      <PriceUpdateDate>2025-04-16 19:33:30</PriceUpdateDate>
      <ItemCode>4820154486781</ItemCode>
      <ItemType>1</ItemType>
      <ItemName>עוגיות פריכות לה סיא</ItemName>
      <ManufacturerName>,</ManufacturerName>
      <ManufactureCountry>לא ידוע</ManufactureCountry>
      <ManufacturerItemDescription>עוגיות פריכות לה סיאסטה יאריץ קינמון 240</ManufacturerItemDescription>
      <UnitQty>גרמים</UnitQty>
      <Quantity>240.00</Quantity>
      <UnitOfMeasure>100 גרם</UnitOfMeasure>
      <bIsWeighted>0</bIsWeighted>
      <QtyInPackage>1</QtyInPackage>
      <ItemPrice>8.90</ItemPrice>
      <UnitOfMeasurePrice>3.7083</UnitOfMeasurePrice>
      <AllowDiscount>1</AllowDiscount>
      <ItemStatus>1</ItemStatus>
      <ItemId>98000</ItemId>
    </Item>
    <Item>
      <PriceUpdateDate>2025-04-16 19:33:30</PriceUpdateDate>
      <ItemCode>4820154487818</ItemCode>
      <ItemType>1</ItemType>
      <ItemName>ביסקוויט בתי בר יארי</ItemName>
      <ManufacturerName>,</ManufacturerName>
      <ManufactureCountry>לא ידוע</ManufactureCountry>
      <ManufacturerItemDescription>ביסקוויט בתי בר יאריץ קלאסי 250 גר</ManufacturerItemDescription>
      <UnitQty>גרמים</UnitQty>
      <Quantity>250.00</Quantity>
      <UnitOfMeasure>100 גרם</UnitOfMeasure>
      <bIsWeighted>0</bIsWeighted>
      <QtyInPackage>1</QtyInPackage>
      <ItemPrice>7.90</ItemPrice>
      <UnitOfMeasurePrice>3.1600</UnitOfMeasurePrice>
      <AllowDiscount>1</AllowDiscount>
      <ItemStatus>1</ItemStatus>
      <ItemId>98004</ItemId>
    </Item>
    <Item>
      <PriceUpdateDate>2025-04-16 19:33:30</PriceUpdateDate>
      <ItemCode>4820154487856</ItemCode>
      <ItemType>1</ItemType>
      <ItemName>ביסקוויט בתי בר יארי</ItemName>
      <ManufacturerName>,</ManufacturerName>
      <ManufactureCountry>לא ידוע</ManufactureCountry>
      <ManufacturerItemDescription>ביסקוויט בתי בר יאריץ קקאו 250 גר</ManufacturerItemDescription>
      <UnitQty>גרמים</UnitQty>
      <Quantity>250.00</Quantity>
      <UnitOfMeasure>100 גרם</UnitOfMeasure>
      <bIsWeighted>0</bIsWeighted>
      <QtyInPackage>1</QtyInPackage>
      <ItemPrice>7.90</ItemPrice>
      <UnitOfMeasurePrice>3.1600</UnitOfMeasurePrice>
      <AllowDiscount>1</AllowDiscount>
      <ItemStatus>1</ItemStatus>
      <ItemId>98005</ItemId>
    </Item>
    <Item>
      <PriceUpdateDate>2025-04-16 19:33:30</PriceUpdateDate>
      <ItemCode>4820154487795</ItemCode>
      <ItemType>1</ItemType>
      <ItemName>קרקר יאריץ קלאסי בצל</ItemName>
      <ManufacturerName>,</ManufacturerName>
      <ManufactureCountry>לא ידוע</ManufactureCountry>
      <ManufacturerItemDescription>קרקר יאריץ קלאסי בצל פטרוזיליה שמיר 170</ManufacturerItemDescription>
      <UnitQty>גרמים</UnitQty>
      <Quantity>170.00</Quantity>
      <UnitOfMeasure>100 גרם</UnitOfMeasure>
      <bIsWeighted>0</bIsWeighted>
      <QtyInPackage>1</QtyInPackage>
      <ItemPrice>6.90</ItemPrice>
      <UnitOfMeasurePrice>4.0588</UnitOfMeasurePrice>
      <AllowDiscount>1</AllowDiscount>
      <ItemStatus>1</ItemStatus>
      <ItemId>98006</ItemId>
    </Item>
    <Item>
      <PriceUpdateDate>2025-04-16 19:33:30</PriceUpdateDate>
      <ItemCode>4820154480239</ItemCode>
      <ItemType>1</ItemType>
      <ItemName>קרקר יאריץ בטעם מעוד</ItemName>
      <ManufacturerName>,</ManufacturerName>
      <ManufactureCountry>לא ידוע</ManufactureCountry>
      <ManufacturerItemDescription>קרקר יאריץ בטעם מעודן 180 גר</ManufacturerItemDescription>
      <UnitQty>גרמים</UnitQty>
      <Quantity>180.00</Quantity>
      <UnitOfMeasure>100 גרם</UnitOfMeasure>
      <bIsWeighted>0</bIsWeighted>
      <QtyInPackage>1</QtyInPackage>
      <ItemPrice>6.90</ItemPrice>
      <UnitOfMeasurePrice>3.8333</UnitOfMeasurePrice>
      <AllowDiscount>1</AllowDiscount>
      <ItemStatus>1</ItemStatus>
      <ItemId>98007</ItemId>
    </Item>
    <Item>
      <PriceUpdateDate>2025-04-16 19:33:30</PriceUpdateDate>
      <ItemCode>4820154483131</ItemCode>
      <ItemType>1</ItemType>
      <ItemName>ביסקוויט מריה יאריץ</ItemName>
      <ManufacturerName>,</ManufacturerName>
      <ManufactureCountry>לא ידוע</ManufactureCountry>
      <ManufacturerItemDescription>ביסקוויט מריה יאריץ דגנים מלאים 155 גר</ManufacturerItemDescription>
      <UnitQty>גרמים</UnitQty>
      <Quantity>155.00</Quantity>
      <UnitOfMeasure>100 גרם</UnitOfMeasure>
      <bIsWeighted>0</bIsWeighted>
      <QtyInPackage>1</QtyInPackage>
      <ItemPrice>5.90</ItemPrice>
      <UnitOfMeasurePrice>3.8065</UnitOfMeasurePrice>
      <AllowDiscount>1</AllowDiscount>
      <ItemStatus>1</ItemStatus>
      <ItemId>98009</ItemId>
    </Item>
    <Item>
      <PriceUpdateDate>2025-04-18 08:24:58</PriceUpdateDate>
      <ItemCode>4607134385643</ItemCode>
      <ItemType>1</ItemType>
      <ItemName>סוכריות טראפלס בטעם</ItemName>
      <ManufacturerName>,</ManufacturerName>
      <ManufactureCountry>לא ידוע</ManufactureCountry>
      <ManufacturerItemDescription>סוכריות טראפלס בטעם קפה 163 גר</ManufacturerItemDescription>
      <UnitQty>גרמים</UnitQty>
      <Quantity>163.00</Quantity>
      <UnitOfMeasure>100 גרם</UnitOfMeasure>
      <bIsWeighted>0</bIsWeighted>
      <QtyInPackage>לא ידוע</QtyInPackage>
      <ItemPrice>19.90</ItemPrice>
      <UnitOfMeasurePrice>12.2086</UnitOfMeasurePrice>
      <AllowDiscount>1</AllowDiscount>
      <ItemStatus>1</ItemStatus>
      <ItemId>98018</ItemId>
    </Item>
    <Item>
      <PriceUpdateDate>2025-04-18 08:24:58</PriceUpdateDate>
      <ItemCode>4607134384530</ItemCode>
      <ItemType>1</ItemType>
      <ItemName>סוכריות טראפלס 163 ג</ItemName>
      <ManufacturerName>,</ManufacturerName>
      <ManufactureCountry>לא ידוע</ManufactureCountry>
      <ManufacturerItemDescription>סוכריות טראפלס 163 גר</ManufacturerItemDescription>
      <UnitQty>גרמים</UnitQty>
      <Quantity>163.00</Quantity>
      <UnitOfMeasure>100 גרם</UnitOfMeasure>
      <bIsWeighted>0</bIsWeighted>
      <QtyInPackage>לא ידוע</QtyInPackage>
      <ItemPrice>19.90</ItemPrice>
      <UnitOfMeasurePrice>12.2086</UnitOfMeasurePrice>
      <AllowDiscount>1</AllowDiscount>
      <ItemStatus>1</ItemStatus>
      <ItemId>98019</ItemId>
    </Item>
    <Item>
      <PriceUpdateDate>2025-04-20 19:03:16</PriceUpdateDate>
      <ItemCode>7290000218032</ItemCode>
      <ItemType>1</ItemType>
      <ItemName>נקניקיות לבירה אריזה</ItemName>
      <ManufacturerName>מעדני מניה תעשיות בש</ManufacturerName>
      <ManufactureCountry>לא ידוע</ManufactureCountry>
      <ManufacturerItemDescription>נקניקיות לבירה אריזה אישית</ManufacturerItemDescription>
      <UnitQty>קילוגרמים</UnitQty>
      <Quantity>1.00</Quantity>
      <UnitOfMeasure>ק"ג</UnitOfMeasure>
      <bIsWeighted>1</bIsWeighted>
      <QtyInPackage>לא ידוע</QtyInPackage>
      <ItemPrice>169.00</ItemPrice>
      <UnitOfMeasurePrice>169.0000</UnitOfMeasurePrice>
      <AllowDiscount>1</AllowDiscount>
      <ItemStatus>1</ItemStatus>
      <ItemId>98035</ItemId>
    </Item>
    <Item>
      <PriceUpdateDate>2025-04-22 16:35:51</PriceUpdateDate>
      <ItemCode>4640033502995</ItemCode>
      <ItemType>1</ItemType>
      <ItemName>בירה בהירה לא מסוננת</ItemName>
      <ManufacturerName>,</ManufacturerName>
      <ManufactureCountry>לא ידוע</ManufactureCountry>
      <ManufacturerItemDescription>בירה בהירה לא מסוננת פטל וייס ברג 440 מל</ManufacturerItemDescription>
      <UnitQty>מיליליטרים</UnitQty>
      <Quantity>440.00</Quantity>
      <UnitOfMeasure>100 מ"ל</UnitOfMeasure>
      <bIsWeighted>0</bIsWeighted>
      <QtyInPackage>1</QtyInPackage>
      <ItemPrice>8.90</ItemPrice>
      <UnitOfMeasurePrice>2.0227</UnitOfMeasurePrice>
      <AllowDiscount>1</AllowDiscount>
      <ItemStatus>1</ItemStatus>
      <ItemId>98058</ItemId>
    </Item>
    <Item>
      <PriceUpdateDate>2025-04-24 18:04:26</PriceUpdateDate>
      <ItemCode>4607044601123</ItemCode>
      <ItemType>1</ItemType>
      <ItemName>רוטב תיבול בסגנון קו</ItemName>
      <ManufacturerName>,</ManufacturerName>
      <ManufactureCountry>לא ידוע</ManufactureCountry>
      <ManufacturerItemDescription>רוטב תיבול בסגנון קוריאני לגזר 60 גר</ManufacturerItemDescription>
      <UnitQty>גרמים</UnitQty>
      <Quantity>60.00</Quantity>
      <UnitOfMeasure>100 גרם</UnitOfMeasure>
      <bIsWeighted>0</bIsWeighted>
      <QtyInPackage>1</QtyInPackage>
      <ItemPrice>6.90</ItemPrice>
      <UnitOfMeasurePrice>11.5000</UnitOfMeasurePrice>
      <AllowDiscount>1</AllowDiscount>
      <ItemStatus>1</ItemStatus>
      <ItemId>98077</ItemId>
    </Item>
    <Item>
      <PriceUpdateDate>2025-04-24 18:04:26</PriceUpdateDate>
      <ItemCode>4607044601130</ItemCode>
      <ItemType>1</ItemType>
      <ItemName>רוטב בסגנון קוריאני</ItemName>
      <ManufacturerName>,</ManufacturerName>
      <ManufactureCountry>לא ידוע</ManufactureCountry>
      <ManufacturerItemDescription>רוטב בסגנון קוריאני לסלט 60 גר</ManufacturerItemDescription>
      <UnitQty>גרמים</UnitQty>
      <Quantity>60.00</Quantity>
      <UnitOfMeasure>100 גרם</UnitOfMeasure>
      <bIsWeighted>0</bIsWeighted>
      <QtyInPackage>1</QtyInPackage>
      <ItemPrice>6.90</ItemPrice>
      <UnitOfMeasurePrice>11.5000</UnitOfMeasurePrice>
      <AllowDiscount>1</AllowDiscount>
      <ItemStatus>1</ItemStatus>
      <ItemId>98078</ItemId>
    </Item>
    <Item>
      <PriceUpdateDate>2025-04-24 18:04:26</PriceUpdateDate>
      <ItemCode>4607044601161</ItemCode>
      <ItemType>1</ItemType>
      <ItemName>רוטב תיבול בסגנון קו</ItemName>
      <ManufacturerName>,</ManufacturerName>
      <ManufactureCountry>לא ידוע</ManufactureCountry>
      <ManufacturerItemDescription>רוטב תיבול בסגנון קוריאני לסלט עוף 60 גר</ManufacturerItemDescription>
      <UnitQty>גרמים</UnitQty>
      <Quantity>60.00</Quantity>
      <UnitOfMeasure>100 גרם</UnitOfMeasure>
      <bIsWeighted>0</bIsWeighted>
      <QtyInPackage>1</QtyInPackage>
      <ItemPrice>6.90</ItemPrice>
      <UnitOfMeasurePrice>11.5000</UnitOfMeasurePrice>
      <AllowDiscount>1</AllowDiscount>
      <ItemStatus>1</ItemStatus>
      <ItemId>98079</ItemId>
    </Item>
    <Item>
      <PriceUpdateDate>2025-04-24 18:04:26</PriceUpdateDate>
      <ItemCode>4630035915534</ItemCode>
      <ItemType>1</ItemType>
      <ItemName>חטיף אצות ים נורי 40</ItemName>
      <ManufacturerName>,</ManufacturerName>
      <ManufactureCountry>לא ידוע</ManufactureCountry>
      <ManufacturerItemDescription>חטיף אצות ים נורי 40.5 גר</ManufacturerItemDescription>
      <UnitQty>גרמים</UnitQty>
      <Quantity>41.00</Quantity>
      <UnitOfMeasure>100 גרם</UnitOfMeasure>
      <bIsWeighted>0</bIsWeighted>
      <QtyInPackage>1</QtyInPackage>
      <ItemPrice>34.90</ItemPrice>
      <UnitOfMeasurePrice>85.1220</UnitOfMeasurePrice>
      <AllowDiscount>1</AllowDiscount>
      <ItemStatus>1</ItemStatus>
      <ItemId>98080</ItemId>
    </Item>
    <Item>
      <PriceUpdateDate>2025-04-24 18:04:26</PriceUpdateDate>
      <ItemCode>4630035915527</ItemCode>
      <ItemType>1</ItemType>
      <ItemName>חטיף אצות ים נורי 40</ItemName>
      <ManufacturerName>,</ManufacturerName>
      <ManufactureCountry>לא ידוע</ManufactureCountry>
      <ManufacturerItemDescription>חטיף אצות ים נורי 40.5 גר</ManufacturerItemDescription>
      <UnitQty>גרמים</UnitQty>
      <Quantity>41.00</Quantity>
      <UnitOfMeasure>100 גרם</UnitOfMeasure>
      <bIsWeighted>0</bIsWeighted>
      <QtyInPackage>1</QtyInPackage>
      <ItemPrice>34.90</ItemPrice>
      <UnitOfMeasurePrice>85.1220</UnitOfMeasurePrice>
      <AllowDiscount>1</AllowDiscount>
      <ItemStatus>1</ItemStatus>
      <ItemId>98081</ItemId>
    </Item>
    <Item>
      <PriceUpdateDate>2025-04-24 18:04:26</PriceUpdateDate>
      <ItemCode>4630035914575</ItemCode>
      <ItemType>1</ItemType>
      <ItemName>רוטב לימון עם עשבי ת</ItemName>
      <ManufacturerName>,</ManufacturerName>
      <ManufactureCountry>לא ידוע</ManufactureCountry>
      <ManufacturerItemDescription>רוטב לימון עם עשבי תיבול 300 גר</ManufacturerItemDescription>
      <UnitQty>גרמים</UnitQty>
      <Quantity>300.00</Quantity>
      <UnitOfMeasure>100 גרם</UnitOfMeasure>
      <bIsWeighted>0</bIsWeighted>
      <QtyInPackage>1</QtyInPackage>
      <ItemPrice>12.90</ItemPrice>
      <UnitOfMeasurePrice>4.3000</UnitOfMeasurePrice>
      <AllowDiscount>1</AllowDiscount>
      <ItemStatus>1</ItemStatus>
      <ItemId>98088</ItemId>
    </Item>
    <Item>
      <PriceUpdateDate>2025-04-24 18:04:26</PriceUpdateDate>
      <ItemCode>4630035912809</ItemCode>
      <ItemType>1</ItemType>
      <ItemName>רוטב עם שמנת ושומשום</ItemName>
      <ManufacturerName>,</ManufacturerName>
      <ManufactureCountry>לא ידוע</ManufactureCountry>
      <ManufacturerItemDescription>רוטב עם שמנת ושומשום 180 גר</ManufacturerItemDescription>
      <UnitQty>גרמים</UnitQty>
      <Quantity>180.00</Quantity>
      <UnitOfMeasure>100 גרם</UnitOfMeasure>
      <bIsWeighted>0</bIsWeighted>
      <QtyInPackage>1</QtyInPackage>
      <ItemPrice>12.90</ItemPrice>
      <UnitOfMeasurePrice>7.1667</UnitOfMeasurePrice>
      <AllowDiscount>1</AllowDiscount>
      <ItemStatus>1</ItemStatus>
      <ItemId>98089</ItemId>
    </Item>
    <Item>
      <PriceUpdateDate>2025-04-24 18:04:26</PriceUpdateDate>
      <ItemCode>4630035912847</ItemCode>
      <ItemType>1</ItemType>
      <ItemName>רוטב צילי מתוק 220 ג</ItemName>
      <ManufacturerName>,</ManufacturerName>
      <ManufactureCountry>לא ידוע</ManufactureCountry>
      <ManufacturerItemDescription>רוטב צילי מתוק 220 גר</ManufacturerItemDescription>
      <UnitQty>גרמים</UnitQty>
      <Quantity>220.00</Quantity>
      <UnitOfMeasure>100 גרם</UnitOfMeasure>
      <bIsWeighted>0</bIsWeighted>
      <QtyInPackage>1</QtyInPackage>
      <ItemPrice>12.90</ItemPrice>
      <UnitOfMeasurePrice>5.8636</UnitOfMeasurePrice>
      <AllowDiscount>1</AllowDiscount>
      <ItemStatus>1</ItemStatus>
      <ItemId>98091</ItemId>
    </Item>
    <Item>
      <PriceUpdateDate>2025-04-24 18:04:26</PriceUpdateDate>
      <ItemCode>4607044607408</ItemCode>
      <ItemType>1</ItemType>
      <ItemName>רוטב סויה 350 גר</ItemName>
      <ManufacturerName>,</ManufacturerName>
      <ManufactureCountry>לא ידוע</ManufactureCountry>
      <ManufacturerItemDescription>רוטב סויה 350 גר</ManufacturerItemDescription>
      <UnitQty>גרמים</UnitQty>
      <Quantity>350.00</Quantity>
      <UnitOfMeasure>100 גרם</UnitOfMeasure>
      <bIsWeighted>0</bIsWeighted>
      <QtyInPackage>1</QtyInPackage>
      <ItemPrice>12.90</ItemPrice>
      <UnitOfMeasurePrice>3.6857</UnitOfMeasurePrice>
      <AllowDiscount>1</AllowDiscount>
      <ItemStatus>1</ItemStatus>
      <ItemId>98092</ItemId>
    </Item>
    <Item>
      <PriceUpdateDate>2025-04-24 18:04:26</PriceUpdateDate>
      <ItemCode>4607044606968</ItemCode>
      <ItemType>1</ItemType>
      <ItemName>רוטב טריאקי להכנת עו</ItemName>
      <ManufacturerName>,</ManufacturerName>
      <ManufactureCountry>לא ידוע</ManufactureCountry>
      <ManufacturerItemDescription>רוטב טריאקי להכנת עוף 150 גר</ManufacturerItemDescription>
      <UnitQty>גרמים</UnitQty>
      <Quantity>150.00</Quantity>
      <UnitOfMeasure>100 גרם</UnitOfMeasure>
      <bIsWeighted>0</bIsWeighted>
      <QtyInPackage>1</QtyInPackage>
      <ItemPrice>9.90</ItemPrice>
      <UnitOfMeasurePrice>6.6000</UnitOfMeasurePrice>
      <AllowDiscount>1</AllowDiscount>
      <ItemStatus>1</ItemStatus>
      <ItemId>98093</ItemId>
    </Item>
    <Item>
      <PriceUpdateDate>2025-04-24 18:04:27</PriceUpdateDate>
      <ItemCode>4630035913554</ItemCode>
      <ItemType>1</ItemType>
      <ItemName>תבשיל להכנת מרק בסגנ</ItemName>
      <ManufacturerName>,</ManufacturerName>
      <ManufactureCountry>לא ידוע</ManufactureCountry>
      <ManufacturerItemDescription>תבשיל להכנת מרק בסגנון ראמן 75 גר</ManufacturerItemDescription>
      <UnitQty>גרמים</UnitQty>
      <Quantity>75.00</Quantity>
      <UnitOfMeasure>100 גרם</UnitOfMeasure>
      <bIsWeighted>0</bIsWeighted>
      <QtyInPackage>1</QtyInPackage>
      <ItemPrice>8.90</ItemPrice>
      <UnitOfMeasurePrice>11.8667</UnitOfMeasurePrice>
      <AllowDiscount>1</AllowDiscount>
      <ItemStatus>1</ItemStatus>
      <ItemId>98096</ItemId>
    </Item>
    <Item>
      <PriceUpdateDate>2025-04-24 18:04:27</PriceUpdateDate>
      <ItemCode>4607044607309</ItemCode>
      <ItemType>1</ItemType>
      <ItemName>אטריות שעועית ירוקה</ItemName>
      <ManufacturerName>,</ManufacturerName>
      <ManufactureCountry>לא ידוע</ManufactureCountry>
      <ManufacturerItemDescription>אטריות שעועית ירוקה 200 גר</ManufacturerItemDescription>
      <UnitQty>גרמים</UnitQty>
      <Quantity>200.00</Quantity>
      <UnitOfMeasure>100 גרם</UnitOfMeasure>
      <bIsWeighted>0</bIsWeighted>
      <QtyInPackage>1</QtyInPackage>
      <ItemPrice>10.90</ItemPrice>
      <UnitOfMeasurePrice>5.4500</UnitOfMeasurePrice>
      <AllowDiscount>1</AllowDiscount>
      <ItemStatus>1</ItemStatus>
      <ItemId>98097</ItemId>
    </Item>
    <Item>
      <PriceUpdateDate>2025-04-24 18:04:27</PriceUpdateDate>
      <ItemCode>4630035910959</ItemCode>
      <ItemType>1</ItemType>
      <ItemName>תערובת ציפוי להכנת ע</ItemName>
      <ManufacturerName>,</ManufacturerName>
      <ManufactureCountry>לא ידוע</ManufactureCountry>
      <ManufacturerItemDescription>תערובת ציפוי להכנת עוף 240 גר</ManufacturerItemDescription>
      <UnitQty>גרמים</UnitQty>
      <Quantity>240.00</Quantity>
      <UnitOfMeasure>100 גרם</UnitOfMeasure>
      <bIsWeighted>0</bIsWeighted>
      <QtyInPackage>1</QtyInPackage>
      <ItemPrice>11.90</ItemPrice>
      <UnitOfMeasurePrice>4.9583</UnitOfMeasurePrice>
      <AllowDiscount>1</AllowDiscount>
      <ItemStatus>1</ItemStatus>
      <ItemId>98102</ItemId>
    </Item>
    <Item>
      <PriceUpdateDate>2025-04-24 18:04:27</PriceUpdateDate>
      <ItemCode>4630035911017</ItemCode>
      <ItemType>1</ItemType>
      <ItemName>תערובת ציפוי להכנת כ</ItemName>
      <ManufacturerName>,</ManufacturerName>
      <ManufactureCountry>לא ידוע</ManufactureCountry>
      <ManufacturerItemDescription>תערובת ציפוי להכנת כנפי עוף חריף 240 גר</ManufacturerItemDescription>
      <UnitQty>גרמים</UnitQty>
      <Quantity>240.00</Quantity>
      <UnitOfMeasure>100 גרם</UnitOfMeasure>
      <bIsWeighted>0</bIsWeighted>
      <QtyInPackage>1</QtyInPackage>
      <ItemPrice>11.90</ItemPrice>
      <UnitOfMeasurePrice>4.9583</UnitOfMeasurePrice>
      <AllowDiscount>1</AllowDiscount>
      <ItemStatus>1</ItemStatus>
      <ItemId>98103</ItemId>
    </Item>
    <Item>
      <PriceUpdateDate>2025-04-24 18:04:27</PriceUpdateDate>
      <ItemCode>4630035911079</ItemCode>
      <ItemType>1</ItemType>
      <ItemName>תערובת ציפוי להכנת נ</ItemName>
      <ManufacturerName>,</ManufacturerName>
      <ManufactureCountry>לא ידוע</ManufactureCountry>
      <ManufacturerItemDescription>תערובת ציפוי להכנת נאגטס עוף 240 גר</ManufacturerItemDescription>
      <UnitQty>גרמים</UnitQty>
      <Quantity>240.00</Quantity>
      <UnitOfMeasure>100 גרם</UnitOfMeasure>
      <bIsWeighted>0</bIsWeighted>
      <QtyInPackage>1</QtyInPackage>
      <ItemPrice>11.90</ItemPrice>
      <UnitOfMeasurePrice>4.9583</UnitOfMeasurePrice>
      <AllowDiscount>1</AllowDiscount>
      <ItemStatus>1</ItemStatus>
      <ItemId>98104</ItemId>
    </Item>
    <Item>
      <PriceUpdateDate>2025-04-24 18:04:04</PriceUpdateDate>
      <ItemCode>4630035911772</ItemCode>
      <ItemType>1</ItemType>
      <ItemName>רוטב תיבול להכנת אטר</ItemName>
      <ManufacturerName>,</ManufacturerName>
      <ManufactureCountry>לא ידוע</ManufactureCountry>
      <ManufacturerItemDescription>רוטב תיבול להכנת אטריות שרימפס ברוטב שמנ</ManufacturerItemDescription>
      <UnitQty>גרמים</UnitQty>
      <Quantity>120.00</Quantity>
      <UnitOfMeasure>100 גרם</UnitOfMeasure>
      <bIsWeighted>0</bIsWeighted>
      <QtyInPackage>1</QtyInPackage>
      <ItemPrice>8.90</ItemPrice>
      <UnitOfMeasurePrice>7.4167</UnitOfMeasurePrice>
      <AllowDiscount>1</AllowDiscount>
      <ItemStatus>1</ItemStatus>
      <ItemId>98108</ItemId>
    </Item>
    <Item>
      <PriceUpdateDate>2025-04-24 18:04:04</PriceUpdateDate>
      <ItemCode>4630035911819</ItemCode>
      <ItemType>1</ItemType>
      <ItemName>רוטב תיבול להכנת אטר</ItemName>
      <ManufacturerName>,</ManufacturerName>
      <ManufactureCountry>לא ידוע</ManufactureCountry>
      <ManufacturerItemDescription>רוטב תיבול להכנת אטריות בסגנון איטלקי</ManufacturerItemDescription>
      <UnitQty>גרמים</UnitQty>
      <Quantity>120.00</Quantity>
      <UnitOfMeasure>100 גרם</UnitOfMeasure>
      <bIsWeighted>0</bIsWeighted>
      <QtyInPackage>1</QtyInPackage>
      <ItemPrice>8.90</ItemPrice>
      <UnitOfMeasurePrice>7.4167</UnitOfMeasurePrice>
      <AllowDiscount>1</AllowDiscount>
      <ItemStatus>1</ItemStatus>
      <ItemId>98109</ItemId>
    </Item>
    <Item>
      <PriceUpdateDate>2025-04-24 18:04:05</PriceUpdateDate>
      <ItemCode>4779033190120</ItemCode>
      <ItemType>1</ItemType>
      <ItemName>חטיף פירות בטעם דומד</ItemName>
      <ManufacturerName>MAREVEN FOOD</ManufacturerName>
      <ManufactureCountry>לא ידוע</ManufactureCountry>
      <ManufacturerItemDescription>חטיף פירות בטעם דומדמניות שחורות ללס 50</ManufacturerItemDescription>
      <UnitQty>גרמים</UnitQty>
      <Quantity>50.00</Quantity>
      <UnitOfMeasure>100 גרם</UnitOfMeasure>
      <bIsWeighted>0</bIsWeighted>
      <QtyInPackage>1</QtyInPackage>
      <ItemPrice>8.90</ItemPrice>
      <UnitOfMeasurePrice>17.8000</UnitOfMeasurePrice>
      <AllowDiscount>1</AllowDiscount>
      <ItemStatus>1</ItemStatus>
      <ItemId>98126</ItemId>
    </Item>
    <Item>
      <PriceUpdateDate>2025-04-27 19:27:21</PriceUpdateDate>
      <ItemCode>6223</ItemCode>
      <ItemType>0</ItemType>
      <ItemName>מנצגו זיתים</ItemName>
      <ManufacturerName>חמיט</ManufacturerName>
      <ManufactureCountry>לא ידוע</ManufactureCountry>
      <ManufacturerItemDescription>מנצגו זיתים</ManufacturerItemDescription>
      <UnitQty>קילוגרמים</UnitQty>
      <Quantity>1.00</Quantity>
      <UnitOfMeasure>ק"ג</UnitOfMeasure>
      <bIsWeighted>1</bIsWeighted>
      <QtyInPackage>לא ידוע</QtyInPackage>
      <ItemPrice>239.00</ItemPrice>
      <UnitOfMeasurePrice>239.0000</UnitOfMeasurePrice>
      <AllowDiscount>1</AllowDiscount>
      <ItemStatus>1</ItemStatus>
      <ItemId>98157</ItemId>
    </Item>
    <Item>
      <PriceUpdateDate>2025-04-27 19:27:21</PriceUpdateDate>
      <ItemCode>7290019497547</ItemCode>
      <ItemType>1</ItemType>
      <ItemName>טבורוג דובדבן 500 גר</ItemName>
      <ManufacturerName>,</ManufacturerName>
      <ManufactureCountry>לא ידוע</ManufactureCountry>
      <ManufacturerItemDescription>טבורוג דובדבן 500 גר</ManufacturerItemDescription>
      <UnitQty>גרמים</UnitQty>
      <Quantity>500.00</Quantity>
      <UnitOfMeasure>100 גרם</UnitOfMeasure>
      <bIsWeighted>0</bIsWeighted>
      <QtyInPackage>1</QtyInPackage>
      <ItemPrice>26.90</ItemPrice>
      <UnitOfMeasurePrice>5.3800</UnitOfMeasurePrice>
      <AllowDiscount>1</AllowDiscount>
      <ItemStatus>1</ItemStatus>
      <ItemId>98158</ItemId>
    </Item>
    <Item>
      <PriceUpdateDate>2025-04-27 19:27:22</PriceUpdateDate>
      <ItemCode>7290019497592</ItemCode>
      <ItemType>1</ItemType>
      <ItemName>טבורוג צימוק 500 גר</ItemName>
      <ManufacturerName>,</ManufacturerName>
      <ManufactureCountry>לא ידוע</ManufactureCountry>
      <ManufacturerItemDescription>טבורוג צימוק 500 גר</ManufacturerItemDescription>
      <UnitQty>גרמים</UnitQty>
      <Quantity>500.00</Quantity>
      <UnitOfMeasure>100 גרם</UnitOfMeasure>
      <bIsWeighted>0</bIsWeighted>
      <QtyInPackage>1</QtyInPackage>
      <ItemPrice>26.90</ItemPrice>
      <UnitOfMeasurePrice>5.3800</UnitOfMeasurePrice>
      <AllowDiscount>1</AllowDiscount>
      <ItemStatus>1</ItemStatus>
      <ItemId>98159</ItemId>
    </Item>
    <Item>
      <PriceUpdateDate>2025-04-27 19:27:22</PriceUpdateDate>
      <ItemCode>7290019497646</ItemCode>
      <ItemType>1</ItemType>
      <ItemName>טבורוג משמש 500 גר</ItemName>
      <ManufacturerName>,</ManufacturerName>
      <ManufactureCountry>לא ידוע</ManufactureCountry>
      <ManufacturerItemDescription>טבורוג משמש 500 גר</ManufacturerItemDescription>
      <UnitQty>גרמים</UnitQty>
      <Quantity>500.00</Quantity>
      <UnitOfMeasure>100 גרם</UnitOfMeasure>
      <bIsWeighted>0</bIsWeighted>
      <QtyInPackage>1</QtyInPackage>
      <ItemPrice>26.90</ItemPrice>
      <UnitOfMeasurePrice>5.3800</UnitOfMeasurePrice>
      <AllowDiscount>1</AllowDiscount>
      <ItemStatus>1</ItemStatus>
      <ItemId>98160</ItemId>
    </Item>
    <Item>
      <PriceUpdateDate>2025-04-27 19:27:22</PriceUpdateDate>
      <ItemCode>7290019497691</ItemCode>
      <ItemType>1</ItemType>
      <ItemName>טבורוג חמוציות 500 ג</ItemName>
      <ManufacturerName>,</ManufacturerName>
      <ManufactureCountry>לא ידוע</ManufactureCountry>
      <ManufacturerItemDescription>טבורוג חמוציות 500 גר</ManufacturerItemDescription>
      <UnitQty>גרמים</UnitQty>
      <Quantity>500.00</Quantity>
      <UnitOfMeasure>100 גרם</UnitOfMeasure>
      <bIsWeighted>0</bIsWeighted>
      <QtyInPackage>1</QtyInPackage>
      <ItemPrice>26.90</ItemPrice>
      <UnitOfMeasurePrice>5.3800</UnitOfMeasurePrice>
      <AllowDiscount>1</AllowDiscount>
      <ItemStatus>1</ItemStatus>
      <ItemId>98161</ItemId>
    </Item>
    <Item>
      <PriceUpdateDate>2025-04-27 19:27:22</PriceUpdateDate>
      <ItemCode>7290019497899</ItemCode>
      <ItemType>1</ItemType>
      <ItemName>טבורוג וניל 500 גר</ItemName>
      <ManufacturerName>,</ManufacturerName>
      <ManufactureCountry>לא ידוע</ManufactureCountry>
      <ManufacturerItemDescription>טבורוג וניל 500 גר</ManufacturerItemDescription>
      <UnitQty>גרמים</UnitQty>
      <Quantity>500.00</Quantity>
      <UnitOfMeasure>100 גרם</UnitOfMeasure>
      <bIsWeighted>0</bIsWeighted>
      <QtyInPackage>1</QtyInPackage>
      <ItemPrice>26.90</ItemPrice>
      <UnitOfMeasurePrice>5.3800</UnitOfMeasurePrice>
      <AllowDiscount>1</AllowDiscount>
      <ItemStatus>1</ItemStatus>
      <ItemId>98164</ItemId>
    </Item>
    <Item>
      <PriceUpdateDate>2025-04-29 08:28:04</PriceUpdateDate>
      <ItemCode>3451790562631</ItemCode>
      <ItemType>1</ItemType>
      <ItemName>חמאה 60% אלוויר 200</ItemName>
      <ManufacturerName>,</ManufacturerName>
      <ManufactureCountry>לא ידוע</ManufactureCountry>
      <ManufacturerItemDescription>חמאה 60% אלוויר 200 גר</ManufacturerItemDescription>
      <UnitQty>גרמים</UnitQty>
      <Quantity>200.00</Quantity>
      <UnitOfMeasure>100 גרם</UnitOfMeasure>
      <bIsWeighted>0</bIsWeighted>
      <QtyInPackage>1</QtyInPackage>
      <ItemPrice>18.90</ItemPrice>
      <UnitOfMeasurePrice>9.4500</UnitOfMeasurePrice>
      <AllowDiscount>1</AllowDiscount>
      <ItemStatus>1</ItemStatus>
      <ItemId>98168</ItemId>
    </Item>
    <Item>
      <PriceUpdateDate>2025-05-11 11:57:45</PriceUpdateDate>
      <ItemCode>7290110118631</ItemCode>
      <ItemType>1</ItemType>
      <ItemName>תה קר פיוז טי בטעם א</ItemName>
      <ManufacturerName>FUZE TEA</ManufacturerName>
      <ManufactureCountry>לא ידוע</ManufactureCountry>
      <ManufacturerItemDescription>תה קר פיוז טי בטעם אבטיח 500 מל</ManufacturerItemDescription>
      <UnitQty>מיליליטרים</UnitQty>
      <Quantity>500.00</Quantity>
      <UnitOfMeasure>100 מ"ל</UnitOfMeasure>
      <bIsWeighted>0</bIsWeighted>
      <QtyInPackage>1</QtyInPackage>
      <ItemPrice>6.90</ItemPrice>
      <UnitOfMeasurePrice>1.3800</UnitOfMeasurePrice>
      <AllowDiscount>1</AllowDiscount>
      <ItemStatus>1</ItemStatus>
      <ItemId>98333</ItemId>
    </Item>
    <Item>
      <PriceUpdateDate>2025-05-16 13:43:27</PriceUpdateDate>
      <ItemCode>8005400904448</ItemCode>
      <ItemType>1</ItemType>
      <ItemName>יין קונטריני פרוסקו</ItemName>
      <ManufacturerName>,</ManufacturerName>
      <ManufactureCountry>לא ידוע</ManufactureCountry>
      <ManufacturerItemDescription>יין קונטריני פרוסקו לבן יבש במיוחד 750 מ</ManufacturerItemDescription>
      <UnitQty>מיליליטרים</UnitQty>
      <Quantity>750.00</Quantity>
      <UnitOfMeasure>100 מ"ל</UnitOfMeasure>
      <bIsWeighted>0</bIsWeighted>
      <QtyInPackage>1</QtyInPackage>
      <ItemPrice>49.90</ItemPrice>
      <UnitOfMeasurePrice>6.6533</UnitOfMeasurePrice>
      <AllowDiscount>1</AllowDiscount>
      <ItemStatus>1</ItemStatus>
      <ItemId>98441</ItemId>
    </Item>
    <Item>
      <PriceUpdateDate>2025-05-23 12:23:21</PriceUpdateDate>
      <ItemCode>4815477008284</ItemCode>
      <ItemType>1</ItemType>
      <ItemName>אבקת חרדל  100 גר</ItemName>
      <ManufacturerName>,</ManufacturerName>
      <ManufactureCountry>לא ידוע</ManufactureCountry>
      <ManufacturerItemDescription>אבקת חרדל גורמינה 100 גר</ManufacturerItemDescription>
      <UnitQty>גרמים</UnitQty>
      <Quantity>100.00</Quantity>
      <UnitOfMeasure>100 גרם</UnitOfMeasure>
      <bIsWeighted>0</bIsWeighted>
      <QtyInPackage>1</QtyInPackage>
      <ItemPrice>6.90</ItemPrice>
      <UnitOfMeasurePrice>6.9000</UnitOfMeasurePrice>
      <AllowDiscount>1</AllowDiscount>
      <ItemStatus>1</ItemStatus>
      <ItemId>98631</ItemId>
    </Item>
    <Item>
      <PriceUpdateDate>2025-05-23 12:23:21</PriceUpdateDate>
      <ItemCode>4815477001087</ItemCode>
      <ItemType>1</ItemType>
      <ItemName>גרגירי פלפל אנגלי 20</ItemName>
      <ManufacturerName>,</ManufacturerName>
      <ManufactureCountry>לא ידוע</ManufactureCountry>
      <ManufacturerItemDescription>גרגירי פלפל אנגלי גורמינה 20 גר</ManufacturerItemDescription>
      <UnitQty>גרמים</UnitQty>
      <Quantity>20.00</Quantity>
      <UnitOfMeasure>100 גרם</UnitOfMeasure>
      <bIsWeighted>0</bIsWeighted>
      <QtyInPackage>1</QtyInPackage>
      <ItemPrice>9.90</ItemPrice>
      <UnitOfMeasurePrice>49.5000</UnitOfMeasurePrice>
      <AllowDiscount>1</AllowDiscount>
      <ItemStatus>1</ItemStatus>
      <ItemId>98632</ItemId>
    </Item>
    <Item>
      <PriceUpdateDate>2025-05-26 08:59:47</PriceUpdateDate>
      <ItemCode>6291100606313</ItemCode>
      <ItemType>0</ItemType>
      <ItemName>שישיית כיכרות לחם קי</ItemName>
      <ManufacturerName>,</ManufacturerName>
      <ManufactureCountry>לא ידוע</ManufactureCountry>
      <ManufacturerItemDescription>שישיית כיכרות לחם קיטו 210 גר</ManufacturerItemDescription>
      <UnitQty>גרמים</UnitQty>
      <Quantity>210.00</Quantity>
      <UnitOfMeasure>100 גרם</UnitOfMeasure>
      <bIsWeighted>0</bIsWeighted>
      <QtyInPackage>לא ידוע</QtyInPackage>
      <ItemPrice>35.90</ItemPrice>
      <UnitOfMeasurePrice>17.0952</UnitOfMeasurePrice>
      <AllowDiscount>1</AllowDiscount>
      <ItemStatus>1</ItemStatus>
      <ItemId>98659</ItemId>
    </Item>
    <Item>
      <PriceUpdateDate>2025-05-26 08:59:47</PriceUpdateDate>
      <ItemCode>6291100603138</ItemCode>
      <ItemType>0</ItemType>
      <ItemName>רביעיית פוקצה קיטו 1</ItemName>
      <ManufacturerName>,</ManufacturerName>
      <ManufactureCountry>לא ידוע</ManufactureCountry>
      <ManufacturerItemDescription>רביעיית פוקצה קיטו 180 גר</ManufacturerItemDescription>
      <UnitQty>גרמים</UnitQty>
      <Quantity>180.00</Quantity>
      <UnitOfMeasure>100 גרם</UnitOfMeasure>
      <bIsWeighted>0</bIsWeighted>
      <QtyInPackage>לא ידוע</QtyInPackage>
      <ItemPrice>29.90</ItemPrice>
      <UnitOfMeasurePrice>16.6111</UnitOfMeasurePrice>
      <AllowDiscount>1</AllowDiscount>
      <ItemStatus>1</ItemStatus>
      <ItemId>98660</ItemId>
    </Item>
    <Item>
      <PriceUpdateDate>2025-05-26 08:59:48</PriceUpdateDate>
      <ItemCode>6291100600212</ItemCode>
      <ItemType>0</ItemType>
      <ItemName>שישיית קרואסון חמאה</ItemName>
      <ManufacturerName>,</ManufacturerName>
      <ManufactureCountry>לא ידוע</ManufactureCountry>
      <ManufacturerItemDescription>שישיית קרואסון חמאה קיטו 240 גר</ManufacturerItemDescription>
      <UnitQty>גרמים</UnitQty>
      <Quantity>240.00</Quantity>
      <UnitOfMeasure>100 גרם</UnitOfMeasure>
      <bIsWeighted>0</bIsWeighted>
      <QtyInPackage>לא ידוע</QtyInPackage>
      <ItemPrice>59.90</ItemPrice>
      <UnitOfMeasurePrice>24.9583</UnitOfMeasurePrice>
      <AllowDiscount>1</AllowDiscount>
      <ItemStatus>1</ItemStatus>
      <ItemId>98664</ItemId>
    </Item>
    <Item>
      <PriceUpdateDate>2025-05-28 13:09:27</PriceUpdateDate>
      <ItemCode>4620011196262</ItemCode>
      <ItemType>1</ItemType>
      <ItemName>קרוטונים שיפון בטעם</ItemName>
      <ManufacturerName>,</ManufacturerName>
      <ManufactureCountry>לא ידוע</ManufactureCountry>
      <ManufacturerItemDescription>קרוטונים שיפון בטעם גבינה 60 גר</ManufacturerItemDescription>
      <UnitQty>גרמים</UnitQty>
      <Quantity>60.00</Quantity>
      <UnitOfMeasure>100 גרם</UnitOfMeasure>
      <bIsWeighted>0</bIsWeighted>
      <QtyInPackage>1</QtyInPackage>
      <ItemPrice>6.90</ItemPrice>
      <UnitOfMeasurePrice>11.5000</UnitOfMeasurePrice>
      <AllowDiscount>1</AllowDiscount>
      <ItemStatus>1</ItemStatus>
      <ItemId>98703</ItemId>
    </Item>
    <Item>
      <PriceUpdateDate>2025-06-05 13:23:22</PriceUpdateDate>
      <ItemCode>4815477001100</ItemCode>
      <ItemType>1</ItemType>
      <ItemName>פלפל אדום טחון 20 גר</ItemName>
      <ManufacturerName>,</ManufacturerName>
      <ManufactureCountry>לא ידוע</ManufactureCountry>
      <ManufacturerItemDescription>פלפל אדום טחון 20 גר</ManufacturerItemDescription>
      <UnitQty>גרמים</UnitQty>
      <Quantity>20.00</Quantity>
      <UnitOfMeasure>100 גרם</UnitOfMeasure>
      <bIsWeighted>0</bIsWeighted>
      <QtyInPackage>1</QtyInPackage>
      <ItemPrice>5.90</ItemPrice>
      <UnitOfMeasurePrice>29.5000</UnitOfMeasurePrice>
      <AllowDiscount>1</AllowDiscount>
      <ItemStatus>1</ItemStatus>
      <ItemId>98757</ItemId>
    </Item>
    <Item>
      <PriceUpdateDate>2025-06-05 13:23:22</PriceUpdateDate>
      <ItemCode>4815477001117</ItemCode>
      <ItemType>1</ItemType>
      <ItemName>גרגירי פלפל שחור 20</ItemName>
      <ManufacturerName>,</ManufacturerName>
      <ManufactureCountry>לא ידוע</ManufactureCountry>
      <ManufacturerItemDescription>גרגירי פלפל שחור 20 גר</ManufacturerItemDescription>
      <UnitQty>גרמים</UnitQty>
      <Quantity>20.00</Quantity>
      <UnitOfMeasure>100 גרם</UnitOfMeasure>
      <bIsWeighted>0</bIsWeighted>
      <QtyInPackage>1</QtyInPackage>
      <ItemPrice>5.90</ItemPrice>
      <UnitOfMeasurePrice>29.5000</UnitOfMeasurePrice>
      <AllowDiscount>1</AllowDiscount>
      <ItemStatus>1</ItemStatus>
      <ItemId>98758</ItemId>
    </Item>
    <Item>
      <PriceUpdateDate>2025-06-05 13:23:22</PriceUpdateDate>
      <ItemCode>4815477001131</ItemCode>
      <ItemType>1</ItemType>
      <ItemName>פלפל שחור טחון 20 גר</ItemName>
      <ManufacturerName>,</ManufacturerName>
      <ManufactureCountry>לא ידוע</ManufactureCountry>
      <ManufacturerItemDescription>פלפל שחור טחון 20 גר</ManufacturerItemDescription>
      <UnitQty>גרמים</UnitQty>
      <Quantity>20.00</Quantity>
      <UnitOfMeasure>100 גרם</UnitOfMeasure>
      <bIsWeighted>0</bIsWeighted>
      <QtyInPackage>1</QtyInPackage>
      <ItemPrice>5.90</ItemPrice>
      <UnitOfMeasurePrice>29.5000</UnitOfMeasurePrice>
      <AllowDiscount>1</AllowDiscount>
      <ItemStatus>1</ItemStatus>
      <ItemId>98759</ItemId>
    </Item>
    <Item>
      <PriceUpdateDate>2025-06-05 13:23:22</PriceUpdateDate>
      <ItemCode>4815477010423</ItemCode>
      <ItemType>1</ItemType>
      <ItemName>זרעי כמון 20 גר</ItemName>
      <ManufacturerName>,</ManufacturerName>
      <ManufactureCountry>לא ידוע</ManufactureCountry>
      <ManufacturerItemDescription>זרעי כמון 20 גר</ManufacturerItemDescription>
      <UnitQty>גרמים</UnitQty>
      <Quantity>20.00</Quantity>
      <UnitOfMeasure>100 גרם</UnitOfMeasure>
      <bIsWeighted>0</bIsWeighted>
      <QtyInPackage>1</QtyInPackage>
      <ItemPrice>5.90</ItemPrice>
      <UnitOfMeasurePrice>29.5000</UnitOfMeasurePrice>
      <AllowDiscount>1</AllowDiscount>
      <ItemStatus>1</ItemStatus>
      <ItemId>98767</ItemId>
    </Item>
    <Item>
      <PriceUpdateDate>2025-06-05 13:23:22</PriceUpdateDate>
      <ItemCode>4815477004514</ItemCode>
      <ItemType>1</ItemType>
      <ItemName>תערובת תיבול לכרעיים</ItemName>
      <ManufacturerName>,</ManufacturerName>
      <ManufactureCountry>לא ידוע</ManufactureCountry>
      <ManufacturerItemDescription>תערובת תיבול לכרעיים עוף 40 גר</ManufacturerItemDescription>
      <UnitQty>גרמים</UnitQty>
      <Quantity>40.00</Quantity>
      <UnitOfMeasure>100 גרם</UnitOfMeasure>
      <bIsWeighted>0</bIsWeighted>
      <QtyInPackage>1</QtyInPackage>
      <ItemPrice>5.90</ItemPrice>
      <UnitOfMeasurePrice>14.7500</UnitOfMeasurePrice>
      <AllowDiscount>1</AllowDiscount>
      <ItemStatus>1</ItemStatus>
      <ItemId>98771</ItemId>
    </Item>
    <Item>
      <PriceUpdateDate>2025-06-05 13:23:22</PriceUpdateDate>
      <ItemCode>4815477004552</ItemCode>
      <ItemType>1</ItemType>
      <ItemName>תערובת תיבול לקציצות</ItemName>
      <ManufacturerName>,</ManufacturerName>
      <ManufactureCountry>לא ידוע</ManufactureCountry>
      <ManufacturerItemDescription>תערובת תיבול לקציצות 40 גר</ManufacturerItemDescription>
      <UnitQty>גרמים</UnitQty>
      <Quantity>40.00</Quantity>
      <UnitOfMeasure>100 גרם</UnitOfMeasure>
      <bIsWeighted>0</bIsWeighted>
      <QtyInPackage>1</QtyInPackage>
      <ItemPrice>5.90</ItemPrice>
      <UnitOfMeasurePrice>14.7500</UnitOfMeasurePrice>
      <AllowDiscount>1</AllowDiscount>
      <ItemStatus>1</ItemStatus>
      <ItemId>98772</ItemId>
    </Item>
    <Item>
      <PriceUpdateDate>2025-06-08 19:31:13</PriceUpdateDate>
      <ItemCode>3046920023047</ItemCode>
      <ItemType>1</ItemType>
      <ItemName>שוקולד לינדט אקסלנס</ItemName>
      <ManufacturerName>לינדט</ManufacturerName>
      <ManufactureCountry>לא ידוע</ManufactureCountry>
      <ManufacturerItemDescription>שוקולד לינדט אקסלנס פיסטוק 100 גר</ManufacturerItemDescription>
      <UnitQty>גרמים</UnitQty>
      <Quantity>100.00</Quantity>
      <UnitOfMeasure>100 גרם</UnitOfMeasure>
      <bIsWeighted>0</bIsWeighted>
      <QtyInPackage>1</QtyInPackage>
      <ItemPrice>22.90</ItemPrice>
      <UnitOfMeasurePrice>22.9000</UnitOfMeasurePrice>
      <AllowDiscount>1</AllowDiscount>
      <ItemStatus>1</ItemStatus>
      <ItemId>98839</ItemId>
    </Item>
    <Item>
      <PriceUpdateDate>2025-06-15 10:42:36</PriceUpdateDate>
      <ItemCode>4823097816752</ItemCode>
      <ItemType>1</ItemType>
      <ItemName>שלגון שרבט דפרודה תו</ItemName>
      <ManufacturerName>ז'יטומרסקי זאבוד</ManufacturerName>
      <ManufactureCountry>לא ידוע</ManufactureCountry>
      <ManufacturerItemDescription>שלגון שרבט דפרודה תות קיווי 85 גר</ManufacturerItemDescription>
      <UnitQty>גרמים</UnitQty>
      <Quantity>85.00</Quantity>
      <UnitOfMeasure>100 גרם</UnitOfMeasure>
      <bIsWeighted>0</bIsWeighted>
      <QtyInPackage>40</QtyInPackage>
      <ItemPrice>6.90</ItemPrice>
      <UnitOfMeasurePrice>8.1176</UnitOfMeasurePrice>
      <AllowDiscount>1</AllowDiscount>
      <ItemStatus>1</ItemStatus>
      <ItemId>98978</ItemId>
    </Item>
    <Item>
      <PriceUpdateDate>2025-06-17 15:04:36</PriceUpdateDate>
      <ItemCode>3046920023351</ItemCode>
      <ItemType>1</ItemType>
      <ItemName>שוקולד לינדט קרמי מי</ItemName>
      <ManufacturerName>,</ManufacturerName>
      <ManufactureCountry>לא ידוע</ManufactureCountry>
      <ManufacturerItemDescription>שוקולד לינדט קרמי מילק הזלנט 80 גר</ManufacturerItemDescription>
      <UnitQty>גרמים</UnitQty>
      <Quantity>80.00</Quantity>
      <UnitOfMeasure>100 גרם</UnitOfMeasure>
      <bIsWeighted>0</bIsWeighted>
      <QtyInPackage>1</QtyInPackage>
      <ItemPrice>24.90</ItemPrice>
      <UnitOfMeasurePrice>31.1250</UnitOfMeasurePrice>
      <AllowDiscount>1</AllowDiscount>
      <ItemStatus>1</ItemStatus>
      <ItemId>99081</ItemId>
    </Item>
    <Item>
      <PriceUpdateDate>2025-06-16 17:39:37</PriceUpdateDate>
      <ItemCode>4606779973208</ItemCode>
      <ItemType>1</ItemType>
      <ItemName>משקה יוגורט בטעם תות</ItemName>
      <ManufacturerName>,</ManufacturerName>
      <ManufactureCountry>לא ידוע</ManufactureCountry>
      <ManufacturerItemDescription>משקה יוגורט בטעם תות 420 גר</ManufacturerItemDescription>
      <UnitQty>גרמים</UnitQty>
      <Quantity>420.00</Quantity>
      <UnitOfMeasure>100 גרם</UnitOfMeasure>
      <bIsWeighted>0</bIsWeighted>
      <QtyInPackage>1</QtyInPackage>
      <ItemPrice>11.90</ItemPrice>
      <UnitOfMeasurePrice>2.8333</UnitOfMeasurePrice>
      <AllowDiscount>1</AllowDiscount>
      <ItemStatus>1</ItemStatus>
      <ItemId>99043</ItemId>
    </Item>
    <Item>
      <PriceUpdateDate>2025-06-16 17:39:37</PriceUpdateDate>
      <ItemCode>4606779682308</ItemCode>
      <ItemType>1</ItemType>
      <ItemName>משקה יוגורט בטעם תות</ItemName>
      <ManufacturerName>,</ManufacturerName>
      <ManufactureCountry>לא ידוע</ManufactureCountry>
      <ManufacturerItemDescription>משקה יוגורט בטעם תות וקיווי 290 גר</ManufacturerItemDescription>
      <UnitQty>גרמים</UnitQty>
      <Quantity>290.00</Quantity>
      <UnitOfMeasure>100 גרם</UnitOfMeasure>
      <bIsWeighted>0</bIsWeighted>
      <QtyInPackage>1</QtyInPackage>
      <ItemPrice>9.90</ItemPrice>
      <UnitOfMeasurePrice>3.4138</UnitOfMeasurePrice>
      <AllowDiscount>1</AllowDiscount>
      <ItemStatus>1</ItemStatus>
      <ItemId>99044</ItemId>
    </Item>
    <Item>
      <PriceUpdateDate>2025-06-16 17:39:37</PriceUpdateDate>
      <ItemCode>4606779682100</ItemCode>
      <ItemType>1</ItemType>
      <ItemName>משקה יוגורט בטעם פיר</ItemName>
      <ManufacturerName>,</ManufacturerName>
      <ManufactureCountry>לא ידוע</ManufactureCountry>
      <ManufacturerItemDescription>משקה יוגורט בטעם פירות יער 290 גר</ManufacturerItemDescription>
      <UnitQty>גרמים</UnitQty>
      <Quantity>290.00</Quantity>
      <UnitOfMeasure>100 גרם</UnitOfMeasure>
      <bIsWeighted>0</bIsWeighted>
      <QtyInPackage>1</QtyInPackage>
      <ItemPrice>9.90</ItemPrice>
      <UnitOfMeasurePrice>3.4138</UnitOfMeasurePrice>
      <AllowDiscount>1</AllowDiscount>
      <ItemStatus>1</ItemStatus>
      <ItemId>99045</ItemId>
    </Item>
    <Item>
      <PriceUpdateDate>2025-06-16 17:39:37</PriceUpdateDate>
      <ItemCode>4606779609206</ItemCode>
      <ItemType>1</ItemType>
      <ItemName>משקה יוגורט בטעם אפר</ItemName>
      <ManufacturerName>,</ManufacturerName>
      <ManufactureCountry>לא ידוע</ManufactureCountry>
      <ManufacturerItemDescription>משקה יוגורט בטעם אפרסק פסיפלורה 420 גר</ManufacturerItemDescription>
      <UnitQty>גרמים</UnitQty>
      <Quantity>420.00</Quantity>
      <UnitOfMeasure>100 גרם</UnitOfMeasure>
      <bIsWeighted>0</bIsWeighted>
      <QtyInPackage>1</QtyInPackage>
      <ItemPrice>11.90</ItemPrice>
      <UnitOfMeasurePrice>2.8333</UnitOfMeasurePrice>
      <AllowDiscount>1</AllowDiscount>
      <ItemStatus>1</ItemStatus>
      <ItemId>99046</ItemId>
    </Item>
    <Item>
      <PriceUpdateDate>2025-06-16 17:39:37</PriceUpdateDate>
      <ItemCode>4606779667503</ItemCode>
      <ItemType>1</ItemType>
      <ItemName>משקה יוגורט בטעם אפר</ItemName>
      <ManufacturerName>,</ManufacturerName>
      <ManufactureCountry>לא ידוע</ManufactureCountry>
      <ManufacturerItemDescription>משקה יוגורט בטעם אפרסק פסיפלורה 290 גר</ManufacturerItemDescription>
      <UnitQty>גרמים</UnitQty>
      <Quantity>290.00</Quantity>
      <UnitOfMeasure>100 גרם</UnitOfMeasure>
      <bIsWeighted>0</bIsWeighted>
      <QtyInPackage>1</QtyInPackage>
      <ItemPrice>9.90</ItemPrice>
      <UnitOfMeasurePrice>3.4138</UnitOfMeasurePrice>
      <AllowDiscount>1</AllowDiscount>
      <ItemStatus>1</ItemStatus>
      <ItemId>99047</ItemId>
    </Item>
    <Item>
      <PriceUpdateDate>2025-06-17 15:04:36</PriceUpdateDate>
      <ItemCode>3046920023429</ItemCode>
      <ItemType>1</ItemType>
      <ItemName>שוקולד לינדט קרמי קר</ItemName>
      <ManufacturerName>,</ManufacturerName>
      <ManufactureCountry>לא ידוע</ManufactureCountry>
      <ManufacturerItemDescription>שוקולד לינדט קרמי קרמל מלוח 80 גר</ManufacturerItemDescription>
      <UnitQty>גרמים</UnitQty>
      <Quantity>80.00</Quantity>
      <UnitOfMeasure>100 גרם</UnitOfMeasure>
      <bIsWeighted>0</bIsWeighted>
      <QtyInPackage>1</QtyInPackage>
      <ItemPrice>24.90</ItemPrice>
      <UnitOfMeasurePrice>31.1250</UnitOfMeasurePrice>
      <AllowDiscount>1</AllowDiscount>
      <ItemStatus>1</ItemStatus>
      <ItemId>99082</ItemId>
    </Item>
    <Item>
      <PriceUpdateDate>2025-06-20 08:32:06</PriceUpdateDate>
      <ItemCode>4610083742788</ItemCode>
      <ItemType>1</ItemType>
      <ItemName>משקה מוגז דיושס קלינ</ItemName>
      <ManufacturerName>פונטה אקווה</ManufacturerName>
      <ManufactureCountry>לא ידוע</ManufactureCountry>
      <ManufacturerItemDescription>משקה מוגז דיושס קלינוב 1.5 ל</ManufacturerItemDescription>
      <UnitQty>ליטרים</UnitQty>
      <Quantity>1.50</Quantity>
      <UnitOfMeasure>ליטר    </UnitOfMeasure>
      <bIsWeighted>0</bIsWeighted>
      <QtyInPackage>1</QtyInPackage>
      <ItemPrice>10.90</ItemPrice>
      <UnitOfMeasurePrice>7.2667</UnitOfMeasurePrice>
      <AllowDiscount>1</AllowDiscount>
      <ItemStatus>1</ItemStatus>
      <ItemId>99113</ItemId>
    </Item>
    <Item>
      <PriceUpdateDate>2025-06-20 08:34:45</PriceUpdateDate>
      <ItemCode>70177173159</ItemCode>
      <ItemType>1</ItemType>
      <ItemName>תה ירוק למון 25 שק 4</ItemName>
      <ManufacturerName>טווינינג</ManufacturerName>
      <ManufactureCountry>PL</ManufactureCountry>
      <ManufacturerItemDescription>תה ירוק למון 25 שק 40 גר</ManufacturerItemDescription>
      <UnitQty>גרמים</UnitQty>
      <Quantity>40.00</Quantity>
      <UnitOfMeasure>100 גרם</UnitOfMeasure>
      <bIsWeighted>0</bIsWeighted>
      <QtyInPackage>12</QtyInPackage>
      <ItemPrice>22.90</ItemPrice>
      <UnitOfMeasurePrice>57.2500</UnitOfMeasurePrice>
      <AllowDiscount>1</AllowDiscount>
      <ItemStatus>1</ItemStatus>
      <ItemId>99132</ItemId>
    </Item>
    <Item>
      <PriceUpdateDate>2025-06-20 08:34:45</PriceUpdateDate>
      <ItemCode>8003340802305</ItemCode>
      <ItemType>1</ItemType>
      <ItemName>בונבוניירות סילבר לי</ItemName>
      <ManufacturerName>לינדט</ManufacturerName>
      <ManufactureCountry>לא ידוע</ManufactureCountry>
      <ManufacturerItemDescription>בונבוניירות סילבר לינדור 200 גר</ManufacturerItemDescription>
      <UnitQty>גרמים</UnitQty>
      <Quantity>200.00</Quantity>
      <UnitOfMeasure>100 גרם</UnitOfMeasure>
      <bIsWeighted>0</bIsWeighted>
      <QtyInPackage>1</QtyInPackage>
      <ItemPrice>39.90</ItemPrice>
      <UnitOfMeasurePrice>19.9500</UnitOfMeasurePrice>
      <AllowDiscount>1</AllowDiscount>
      <ItemStatus>1</ItemStatus>
      <ItemId>99134</ItemId>
    </Item>
    <Item>
      <PriceUpdateDate>2025-06-20 08:34:45</PriceUpdateDate>
      <ItemCode>9002975393812</ItemCode>
      <ItemType>1</ItemType>
      <ItemName>הריבו האפי צרי 70 גר</ItemName>
      <ManufacturerName>,</ManufacturerName>
      <ManufactureCountry>לא ידוע</ManufactureCountry>
      <ManufacturerItemDescription>הריבו האפי צרי 70 גר</ManufacturerItemDescription>
      <UnitQty>גרמים</UnitQty>
      <Quantity>70.00</Quantity>
      <UnitOfMeasure>100 גרם</UnitOfMeasure>
      <bIsWeighted>0</bIsWeighted>
      <QtyInPackage>1</QtyInPackage>
      <ItemPrice>8.90</ItemPrice>
      <UnitOfMeasurePrice>12.7143</UnitOfMeasurePrice>
      <AllowDiscount>1</AllowDiscount>
      <ItemStatus>1</ItemStatus>
      <ItemId>99136</ItemId>
    </Item>
    <Item>
      <PriceUpdateDate>2025-06-20 08:34:45</PriceUpdateDate>
      <ItemCode>9002975393829</ItemCode>
      <ItemType>1</ItemType>
      <ItemName>הריבו פיצס 70 גר</ItemName>
      <ManufacturerName>,</ManufacturerName>
      <ManufactureCountry>לא ידוע</ManufactureCountry>
      <ManufacturerItemDescription>הריבו פיצס 70 גר</ManufacturerItemDescription>
      <UnitQty>גרמים</UnitQty>
      <Quantity>70.00</Quantity>
      <UnitOfMeasure>100 גרם</UnitOfMeasure>
      <bIsWeighted>0</bIsWeighted>
      <QtyInPackage>1</QtyInPackage>
      <ItemPrice>8.90</ItemPrice>
      <UnitOfMeasurePrice>12.7143</UnitOfMeasurePrice>
      <AllowDiscount>1</AllowDiscount>
      <ItemStatus>1</ItemStatus>
      <ItemId>99137</ItemId>
    </Item>
    <Item>
      <PriceUpdateDate>2025-07-16 08:27:19</PriceUpdateDate>
      <ItemCode>8033020444525</ItemCode>
      <ItemType>1</ItemType>
      <ItemName>קמח חיטה לבן מנופה 1</ItemName>
      <ManufacturerName>,</ManufacturerName>
      <ManufactureCountry>לא ידוע</ManufactureCountry>
      <ManufacturerItemDescription>קמח חיטה לבן מנופה 1 קג</ManufacturerItemDescription>
      <UnitQty>קילוגרמים</UnitQty>
      <Quantity>1.00</Quantity>
      <UnitOfMeasure>ק"ג     </UnitOfMeasure>
      <bIsWeighted>0</bIsWeighted>
      <QtyInPackage>1</QtyInPackage>
      <ItemPrice>10.90</ItemPrice>
      <UnitOfMeasurePrice>10.9000</UnitOfMeasurePrice>
      <AllowDiscount>1</AllowDiscount>
      <ItemStatus>1</ItemStatus>
      <ItemId>99704</ItemId>
    </Item>
    <Item>
      <PriceUpdateDate>2025-06-24 18:06:20</PriceUpdateDate>
      <ItemCode>4014400934175</ItemCode>
      <ItemType>1</ItemType>
      <ItemName>בונבוניירת מרסי יוגו</ItemName>
      <ManufacturerName>,</ManufacturerName>
      <ManufactureCountry>לא ידוע</ManufactureCountry>
      <ManufacturerItemDescription>בונבוניירת מרסי יוגורט ופירות 250 גר</ManufacturerItemDescription>
      <UnitQty>גרמים</UnitQty>
      <Quantity>250.00</Quantity>
      <UnitOfMeasure>100 גרם</UnitOfMeasure>
      <bIsWeighted>0</bIsWeighted>
      <QtyInPackage>1</QtyInPackage>
      <ItemPrice>29.90</ItemPrice>
      <UnitOfMeasurePrice>11.9600</UnitOfMeasurePrice>
      <AllowDiscount>1</AllowDiscount>
      <ItemStatus>1</ItemStatus>
      <ItemId>99179</ItemId>
    </Item>
    <Item>
      <PriceUpdateDate>2025-06-24 18:07:01</PriceUpdateDate>
      <ItemCode>5055966800220</ItemCode>
      <ItemType>1</ItemType>
      <ItemName>ויסקי בושמילס אוריגי</ItemName>
      <ManufacturerName>אלב בושמילס</ManufacturerName>
      <ManufactureCountry>לא ידוע</ManufactureCountry>
      <ManufacturerItemDescription>ויסקי בושמילס אוריגינל 700 מל</ManufacturerItemDescription>
      <UnitQty>מיליליטרים</UnitQty>
      <Quantity>700.00</Quantity>
      <UnitOfMeasure>100 מ"ל</UnitOfMeasure>
      <bIsWeighted>0</bIsWeighted>
      <QtyInPackage>1</QtyInPackage>
      <ItemPrice>94.90</ItemPrice>
      <UnitOfMeasurePrice>13.5571</UnitOfMeasurePrice>
      <AllowDiscount>1</AllowDiscount>
      <ItemStatus>1</ItemStatus>
      <ItemId>99182</ItemId>
    </Item>
    <Item>
      <PriceUpdateDate>2025-06-26 13:40:33</PriceUpdateDate>
      <ItemCode>4250231139970</ItemCode>
      <ItemType>1</ItemType>
      <ItemName>הלורן רויאל טינס דפד</ItemName>
      <ManufacturerName>,</ManufacturerName>
      <ManufactureCountry>לא ידוע</ManufactureCountry>
      <ManufacturerItemDescription>הלורן רויאל טינס דפדפי מנגו 200 גר</ManufacturerItemDescription>
      <UnitQty>גרמים</UnitQty>
      <Quantity>200.00</Quantity>
      <UnitOfMeasure>100 גרם</UnitOfMeasure>
      <bIsWeighted>0</bIsWeighted>
      <QtyInPackage>1</QtyInPackage>
      <ItemPrice>21.90</ItemPrice>
      <UnitOfMeasurePrice>10.9500</UnitOfMeasurePrice>
      <AllowDiscount>1</AllowDiscount>
      <ItemStatus>1</ItemStatus>
      <ItemId>99191</ItemId>
    </Item>
    <Item>
      <PriceUpdateDate>2025-06-26 13:40:33</PriceUpdateDate>
      <ItemCode>4250231139956</ItemCode>
      <ItemType>1</ItemType>
      <ItemName>הלורן רויאל טינס דפד</ItemName>
      <ManufacturerName>,</ManufacturerName>
      <ManufactureCountry>לא ידוע</ManufactureCountry>
      <ManufacturerItemDescription>הלורן רויאל טינס דפדפי פטל 200 גר</ManufacturerItemDescription>
      <UnitQty>גרמים</UnitQty>
      <Quantity>200.00</Quantity>
      <UnitOfMeasure>100 גרם</UnitOfMeasure>
      <bIsWeighted>0</bIsWeighted>
      <QtyInPackage>1</QtyInPackage>
      <ItemPrice>21.90</ItemPrice>
      <UnitOfMeasurePrice>10.9500</UnitOfMeasurePrice>
      <AllowDiscount>1</AllowDiscount>
      <ItemStatus>1</ItemStatus>
      <ItemId>99192</ItemId>
    </Item>
    <Item>
      <PriceUpdateDate>2025-07-03 19:41:07</PriceUpdateDate>
      <ItemCode>6984546631611</ItemCode>
      <ItemType>1</ItemType>
      <ItemName>אריזה לבקבוק יין</ItemName>
      <ManufacturerName>,</ManufacturerName>
      <ManufactureCountry>לא ידוע</ManufactureCountry>
      <ManufacturerItemDescription>אריזה לבקבוק יין</ManufacturerItemDescription>
      <UnitQty>Unknown </UnitQty>
      <Quantity>1.00</Quantity>
      <UnitOfMeasure>Unknown </UnitOfMeasure>
      <bIsWeighted>0</bIsWeighted>
      <QtyInPackage>1</QtyInPackage>
      <ItemPrice>3.90</ItemPrice>
      <UnitOfMeasurePrice>3.9000</UnitOfMeasurePrice>
      <AllowDiscount>1</AllowDiscount>
      <ItemStatus>1</ItemStatus>
      <ItemId>99314</ItemId>
    </Item>
    <Item>
      <PriceUpdateDate>2025-07-03 19:41:07</PriceUpdateDate>
      <ItemCode>6984546635138</ItemCode>
      <ItemType>1</ItemType>
      <ItemName>אריזה לבקבוק יין</ItemName>
      <ManufacturerName>,</ManufacturerName>
      <ManufactureCountry>לא ידוע</ManufactureCountry>
      <ManufacturerItemDescription>אריזה לבקבוק יין</ManufacturerItemDescription>
      <UnitQty>Unknown </UnitQty>
      <Quantity>1.00</Quantity>
      <UnitOfMeasure>Unknown </UnitOfMeasure>
      <bIsWeighted>0</bIsWeighted>
      <QtyInPackage>1</QtyInPackage>
      <ItemPrice>3.90</ItemPrice>
      <UnitOfMeasurePrice>3.9000</UnitOfMeasurePrice>
      <AllowDiscount>1</AllowDiscount>
      <ItemStatus>1</ItemStatus>
      <ItemId>99315</ItemId>
    </Item>
    <Item>
      <PriceUpdateDate>2025-07-03 19:41:08</PriceUpdateDate>
      <ItemCode>6999920243731</ItemCode>
      <ItemType>1</ItemType>
      <ItemName>אריזה לבקבוק יין</ItemName>
      <ManufacturerName>,</ManufacturerName>
      <ManufactureCountry>לא ידוע</ManufactureCountry>
      <ManufacturerItemDescription>אריזה לבקבוק יין</ManufacturerItemDescription>
      <UnitQty>Unknown </UnitQty>
      <Quantity>1.00</Quantity>
      <UnitOfMeasure>Unknown </UnitOfMeasure>
      <bIsWeighted>0</bIsWeighted>
      <QtyInPackage>1</QtyInPackage>
      <ItemPrice>3.90</ItemPrice>
      <UnitOfMeasurePrice>3.9000</UnitOfMeasurePrice>
      <AllowDiscount>1</AllowDiscount>
      <ItemStatus>1</ItemStatus>
      <ItemId>99327</ItemId>
    </Item>
    <Item>
      <PriceUpdateDate>2025-07-06 17:56:19</PriceUpdateDate>
      <ItemCode>7290112771575</ItemCode>
      <ItemType>1</ItemType>
      <ItemName>סלט סלמון בעישון חם</ItemName>
      <ManufacturerName>,</ManufacturerName>
      <ManufactureCountry>לא ידוע</ManufactureCountry>
      <ManufacturerItemDescription>סלט סלמון בעישון חם 250 גר</ManufacturerItemDescription>
      <UnitQty>גרמים</UnitQty>
      <Quantity>250.00</Quantity>
      <UnitOfMeasure>100 גרם</UnitOfMeasure>
      <bIsWeighted>0</bIsWeighted>
      <QtyInPackage>1</QtyInPackage>
      <ItemPrice>29.90</ItemPrice>
      <UnitOfMeasurePrice>11.9600</UnitOfMeasurePrice>
      <AllowDiscount>1</AllowDiscount>
      <ItemStatus>1</ItemStatus>
      <ItemId>99362</ItemId>
    </Item>
    <Item>
      <PriceUpdateDate>2025-07-06 17:56:19</PriceUpdateDate>
      <ItemCode>7290112771582</ItemCode>
      <ItemType>1</ItemType>
      <ItemName>סלט חצילים בטעם כבד</ItemName>
      <ManufacturerName>,</ManufacturerName>
      <ManufactureCountry>לא ידוע</ManufactureCountry>
      <ManufacturerItemDescription>סלט חצילים בטעם כבד 250 גר</ManufacturerItemDescription>
      <UnitQty>גרמים</UnitQty>
      <Quantity>250.00</Quantity>
      <UnitOfMeasure>100 גרם</UnitOfMeasure>
      <bIsWeighted>0</bIsWeighted>
      <QtyInPackage>1</QtyInPackage>
      <ItemPrice>15.90</ItemPrice>
      <UnitOfMeasurePrice>6.3600</UnitOfMeasurePrice>
      <AllowDiscount>1</AllowDiscount>
      <ItemStatus>1</ItemStatus>
      <ItemId>99363</ItemId>
    </Item>
    <Item>
      <PriceUpdateDate>2025-07-15 09:37:59</PriceUpdateDate>
      <ItemCode>4630035914087</ItemCode>
      <ItemType>1</ItemType>
      <ItemName>רוטב טריאקי 200 גר</ItemName>
      <ManufacturerName>,</ManufacturerName>
      <ManufactureCountry>לא ידוע</ManufactureCountry>
      <ManufacturerItemDescription>רוטב טריאקי 200 גר</ManufacturerItemDescription>
      <UnitQty>גרמים</UnitQty>
      <Quantity>200.00</Quantity>
      <UnitOfMeasure>100 גרם</UnitOfMeasure>
      <bIsWeighted>0</bIsWeighted>
      <QtyInPackage>1</QtyInPackage>
      <ItemPrice>12.90</ItemPrice>
      <UnitOfMeasurePrice>6.4500</UnitOfMeasurePrice>
      <AllowDiscount>1</AllowDiscount>
      <ItemStatus>1</ItemStatus>
      <ItemId>99576</ItemId>
    </Item>
    <Item>
      <PriceUpdateDate>2025-07-15 09:38:09</PriceUpdateDate>
      <ItemCode>4630035914209</ItemCode>
      <ItemType>1</ItemType>
      <ItemName>רוטב צילי חריף צים צ</ItemName>
      <ManufacturerName>,</ManufacturerName>
      <ManufactureCountry>לא ידוע</ManufactureCountry>
      <ManufacturerItemDescription>רוטב צילי חריף צים צים 325 גר</ManufacturerItemDescription>
      <UnitQty>גרמים</UnitQty>
      <Quantity>325.00</Quantity>
      <UnitOfMeasure>100 גרם</UnitOfMeasure>
      <bIsWeighted>0</bIsWeighted>
      <QtyInPackage>1</QtyInPackage>
      <ItemPrice>12.90</ItemPrice>
      <UnitOfMeasurePrice>3.9692</UnitOfMeasurePrice>
      <AllowDiscount>1</AllowDiscount>
      <ItemStatus>1</ItemStatus>
      <ItemId>99583</ItemId>
    </Item>
    <Item>
      <PriceUpdateDate>2025-07-15 09:38:09</PriceUpdateDate>
      <ItemCode>4630035914971</ItemCode>
      <ItemType>1</ItemType>
      <ItemName>תערובת פירורי לחם לצ</ItemName>
      <ManufacturerName>,</ManufacturerName>
      <ManufactureCountry>לא ידוע</ManufactureCountry>
      <ManufacturerItemDescription>תערובת פירורי לחם לציפוי מקלוני גבינות</ManufacturerItemDescription>
      <UnitQty>גרמים</UnitQty>
      <Quantity>200.00</Quantity>
      <UnitOfMeasure>100 גרם</UnitOfMeasure>
      <bIsWeighted>0</bIsWeighted>
      <QtyInPackage>1</QtyInPackage>
      <ItemPrice>11.90</ItemPrice>
      <UnitOfMeasurePrice>5.9500</UnitOfMeasurePrice>
      <AllowDiscount>1</AllowDiscount>
      <ItemStatus>1</ItemStatus>
      <ItemId>99584</ItemId>
    </Item>
    <Item>
      <PriceUpdateDate>2025-07-15 09:38:20</PriceUpdateDate>
      <ItemCode>7610113030578</ItemCode>
      <ItemType>1</ItemType>
      <ItemName>בקרדי בריזר פטל 275</ItemName>
      <ManufacturerName>,</ManufacturerName>
      <ManufactureCountry>לא ידוע</ManufactureCountry>
      <ManufacturerItemDescription>בקרדי בריזר פטל 275 מל</ManufacturerItemDescription>
      <UnitQty>מיליליטרים</UnitQty>
      <Quantity>275.00</Quantity>
      <UnitOfMeasure>100 מ"ל</UnitOfMeasure>
      <bIsWeighted>0</bIsWeighted>
      <QtyInPackage>1</QtyInPackage>
      <ItemPrice>13.90</ItemPrice>
      <UnitOfMeasurePrice>5.0545</UnitOfMeasurePrice>
      <AllowDiscount>1</AllowDiscount>
      <ItemStatus>1</ItemStatus>
      <ItemId>99587</ItemId>
    </Item>
    <Item>
      <PriceUpdateDate>2025-07-15 09:42:29</PriceUpdateDate>
      <ItemCode>4750142007264</ItemCode>
      <ItemType>1</ItemType>
      <ItemName>גין טוניק רוזה פרייט</ItemName>
      <ManufacturerName>,</ManufacturerName>
      <ManufactureCountry>לא ידוע</ManufactureCountry>
      <ManufacturerItemDescription>גין טוניק רוזה פרייטאג 330 מל</ManufacturerItemDescription>
      <UnitQty>מיליליטרים</UnitQty>
      <Quantity>330.00</Quantity>
      <UnitOfMeasure>100 מ"ל</UnitOfMeasure>
      <bIsWeighted>0</bIsWeighted>
      <QtyInPackage>1</QtyInPackage>
      <ItemPrice>10.90</ItemPrice>
      <UnitOfMeasurePrice>3.3030</UnitOfMeasurePrice>
      <AllowDiscount>1</AllowDiscount>
      <ItemStatus>1</ItemStatus>
      <ItemId>99614</ItemId>
    </Item>
    <Item>
      <PriceUpdateDate>2025-07-15 09:49:19</PriceUpdateDate>
      <ItemCode>8003007826293</ItemCode>
      <ItemType>1</ItemType>
      <ItemName>ספגטי עם בזיליקום 25</ItemName>
      <ManufacturerName>,</ManufacturerName>
      <ManufactureCountry>לא ידוע</ManufactureCountry>
      <ManufacturerItemDescription>ספגטי עם בזיליקום 250 גר</ManufacturerItemDescription>
      <UnitQty>גרמים</UnitQty>
      <Quantity>250.00</Quantity>
      <UnitOfMeasure>100 גרם</UnitOfMeasure>
      <bIsWeighted>0</bIsWeighted>
      <QtyInPackage>1</QtyInPackage>
      <ItemPrice>15.90</ItemPrice>
      <UnitOfMeasurePrice>6.3600</UnitOfMeasurePrice>
      <AllowDiscount>1</AllowDiscount>
      <ItemStatus>1</ItemStatus>
      <ItemId>99647</ItemId>
    </Item>
    <Item>
      <PriceUpdateDate>2025-07-15 09:49:19</PriceUpdateDate>
      <ItemCode>8003007828303</ItemCode>
      <ItemType>1</ItemType>
      <ItemName>ספגטי עם לימון 250 ג</ItemName>
      <ManufacturerName>,</ManufacturerName>
      <ManufactureCountry>לא ידוע</ManufactureCountry>
      <ManufacturerItemDescription>ספגטי עם לימון 250 גר</ManufacturerItemDescription>
      <UnitQty>גרמים</UnitQty>
      <Quantity>250.00</Quantity>
      <UnitOfMeasure>100 גרם</UnitOfMeasure>
      <bIsWeighted>0</bIsWeighted>
      <QtyInPackage>1</QtyInPackage>
      <ItemPrice>15.90</ItemPrice>
      <UnitOfMeasurePrice>6.3600</UnitOfMeasurePrice>
      <AllowDiscount>1</AllowDiscount>
      <ItemStatus>1</ItemStatus>
      <ItemId>99649</ItemId>
    </Item>
    <Item>
      <PriceUpdateDate>2025-07-15 09:49:19</PriceUpdateDate>
      <ItemCode>8853662065519</ItemCode>
      <ItemType>1</ItemType>
      <ItemName>מיני מארז  רטבי סריר</ItemName>
      <ManufacturerName>,</ManufacturerName>
      <ManufactureCountry>לא ידוע</ManufactureCountry>
      <ManufacturerItemDescription>מיני מארז  רטבי סריראצה 3*100 מל</ManufacturerItemDescription>
      <UnitQty>גרמים</UnitQty>
      <Quantity>300.00</Quantity>
      <UnitOfMeasure>100 גרם</UnitOfMeasure>
      <bIsWeighted>0</bIsWeighted>
      <QtyInPackage>1</QtyInPackage>
      <ItemPrice>24.90</ItemPrice>
      <UnitOfMeasurePrice>8.3000</UnitOfMeasurePrice>
      <AllowDiscount>1</AllowDiscount>
      <ItemStatus>1</ItemStatus>
      <ItemId>99651</ItemId>
    </Item>
    <Item>
      <PriceUpdateDate>2025-07-15 09:50:05</PriceUpdateDate>
      <ItemCode>5213012762407</ItemCode>
      <ItemType>1</ItemType>
      <ItemName>ספייסי ציקן תערובת ת</ItemName>
      <ManufacturerName>,</ManufacturerName>
      <ManufactureCountry>לא ידוע</ManufactureCountry>
      <ManufacturerItemDescription>ספייסי ציקן תערובת תיבול 175 גר</ManufacturerItemDescription>
      <UnitQty>גרמים</UnitQty>
      <Quantity>175.00</Quantity>
      <UnitOfMeasure>100 גרם</UnitOfMeasure>
      <bIsWeighted>0</bIsWeighted>
      <QtyInPackage>1</QtyInPackage>
      <ItemPrice>35.90</ItemPrice>
      <UnitOfMeasurePrice>20.5143</UnitOfMeasurePrice>
      <AllowDiscount>1</AllowDiscount>
      <ItemStatus>1</ItemStatus>
      <ItemId>99657</ItemId>
    </Item>
    <Item>
      <PriceUpdateDate>2025-07-15 09:50:05</PriceUpdateDate>
      <ItemCode>5213012761530</ItemCode>
      <ItemType>1</ItemType>
      <ItemName>סריראצה צילי חריף תע</ItemName>
      <ManufacturerName>,</ManufacturerName>
      <ManufactureCountry>לא ידוע</ManufactureCountry>
      <ManufacturerItemDescription>סריראצה צילי חריף תערובת תיבול 175 גר</ManufacturerItemDescription>
      <UnitQty>גרמים</UnitQty>
      <Quantity>175.00</Quantity>
      <UnitOfMeasure>100 גרם</UnitOfMeasure>
      <bIsWeighted>0</bIsWeighted>
      <QtyInPackage>1</QtyInPackage>
      <ItemPrice>35.90</ItemPrice>
      <UnitOfMeasurePrice>20.5143</UnitOfMeasurePrice>
      <AllowDiscount>1</AllowDiscount>
      <ItemStatus>1</ItemStatus>
      <ItemId>99658</ItemId>
    </Item>
    <Item>
      <PriceUpdateDate>2025-07-15 09:50:05</PriceUpdateDate>
      <ItemCode>5213012761547</ItemCode>
      <ItemType>1</ItemType>
      <ItemName>פפרי סטייק תערובת תי</ItemName>
      <ManufacturerName>,</ManufacturerName>
      <ManufactureCountry>לא ידוע</ManufactureCountry>
      <ManufacturerItemDescription>פפרי סטייק תערובת תיבול 175 גר</ManufacturerItemDescription>
      <UnitQty>גרמים</UnitQty>
      <Quantity>175.00</Quantity>
      <UnitOfMeasure>100 גרם</UnitOfMeasure>
      <bIsWeighted>0</bIsWeighted>
      <QtyInPackage>1</QtyInPackage>
      <ItemPrice>35.90</ItemPrice>
      <UnitOfMeasurePrice>20.5143</UnitOfMeasurePrice>
      <AllowDiscount>1</AllowDiscount>
      <ItemStatus>1</ItemStatus>
      <ItemId>99659</ItemId>
    </Item>
    <Item>
      <PriceUpdateDate>2025-07-15 09:50:05</PriceUpdateDate>
      <ItemCode>5213012761486</ItemCode>
      <ItemType>1</ItemType>
      <ItemName>צימיצורי תערובת תיבו</ItemName>
      <ManufacturerName>,</ManufacturerName>
      <ManufactureCountry>לא ידוע</ManufactureCountry>
      <ManufacturerItemDescription>צימיצורי תערובת תיבול 100 גר</ManufacturerItemDescription>
      <UnitQty>גרמים</UnitQty>
      <Quantity>100.00</Quantity>
      <UnitOfMeasure>100 גרם</UnitOfMeasure>
      <bIsWeighted>0</bIsWeighted>
      <QtyInPackage>1</QtyInPackage>
      <ItemPrice>35.90</ItemPrice>
      <UnitOfMeasurePrice>35.9000</UnitOfMeasurePrice>
      <AllowDiscount>1</AllowDiscount>
      <ItemStatus>1</ItemStatus>
      <ItemId>99660</ItemId>
    </Item>
    <Item>
      <PriceUpdateDate>2025-07-15 09:50:05</PriceUpdateDate>
      <ItemCode>5213012761462</ItemCode>
      <ItemType>1</ItemType>
      <ItemName>היקורי מעשן תערובת ת</ItemName>
      <ManufacturerName>,</ManufacturerName>
      <ManufactureCountry>לא ידוע</ManufactureCountry>
      <ManufacturerItemDescription>היקורי מעשן תערובת תיבול 175 גר</ManufacturerItemDescription>
      <UnitQty>גרמים</UnitQty>
      <Quantity>175.00</Quantity>
      <UnitOfMeasure>100 גרם</UnitOfMeasure>
      <bIsWeighted>0</bIsWeighted>
      <QtyInPackage>1</QtyInPackage>
      <ItemPrice>35.90</ItemPrice>
      <UnitOfMeasurePrice>20.5143</UnitOfMeasurePrice>
      <AllowDiscount>1</AllowDiscount>
      <ItemStatus>1</ItemStatus>
      <ItemId>99661</ItemId>
    </Item>
    <Item>
      <PriceUpdateDate>2025-07-15 09:50:06</PriceUpdateDate>
      <ItemCode>8853662057323</ItemCode>
      <ItemType>1</ItemType>
      <ItemName>רוטב בוטנים ותמרינד</ItemName>
      <ManufacturerName>,</ManufacturerName>
      <ManufactureCountry>לא ידוע</ManufactureCountry>
      <ManufacturerItemDescription>רוטב בוטנים ותמרינד 100 מל</ManufacturerItemDescription>
      <UnitQty>מיליליטרים</UnitQty>
      <Quantity>100.00</Quantity>
      <UnitOfMeasure>100 מ"ל</UnitOfMeasure>
      <bIsWeighted>0</bIsWeighted>
      <QtyInPackage>1</QtyInPackage>
      <ItemPrice>9.90</ItemPrice>
      <UnitOfMeasurePrice>9.9000</UnitOfMeasurePrice>
      <AllowDiscount>1</AllowDiscount>
      <ItemStatus>1</ItemStatus>
      <ItemId>99666</ItemId>
    </Item>
    <Item>
      <PriceUpdateDate>2025-07-16 08:26:27</PriceUpdateDate>
      <ItemCode>4607051547308</ItemCode>
      <ItemType>1</ItemType>
      <ItemName>אבקה להכנת משקה חם ב</ItemName>
      <ManufacturerName>,</ManufacturerName>
      <ManufactureCountry>לא ידוע</ManufactureCountry>
      <ManufacturerItemDescription>אבקה להכנת משקה חם בטעם קפוצינו 150 גר</ManufacturerItemDescription>
      <UnitQty>גרמים</UnitQty>
      <Quantity>150.00</Quantity>
      <UnitOfMeasure>100 גרם</UnitOfMeasure>
      <bIsWeighted>0</bIsWeighted>
      <QtyInPackage>1</QtyInPackage>
      <ItemPrice>14.90</ItemPrice>
      <UnitOfMeasurePrice>9.9333</UnitOfMeasurePrice>
      <AllowDiscount>1</AllowDiscount>
      <ItemStatus>1</ItemStatus>
      <ItemId>99690</ItemId>
    </Item>
    <Item>
      <PriceUpdateDate>2025-07-16 08:27:19</PriceUpdateDate>
      <ItemCode>8033020444549</ItemCode>
      <ItemType>1</ItemType>
      <ItemName>קמח חיטה תופח מנופה</ItemName>
      <ManufacturerName>,</ManufacturerName>
      <ManufactureCountry>לא ידוע</ManufactureCountry>
      <ManufacturerItemDescription>קמח חיטה תופח מנופה 1 קג</ManufacturerItemDescription>
      <UnitQty>קילוגרמים</UnitQty>
      <Quantity>1.00</Quantity>
      <UnitOfMeasure>ק"ג     </UnitOfMeasure>
      <bIsWeighted>0</bIsWeighted>
      <QtyInPackage>1</QtyInPackage>
      <ItemPrice>13.90</ItemPrice>
      <UnitOfMeasurePrice>13.9000</UnitOfMeasurePrice>
      <AllowDiscount>1</AllowDiscount>
      <ItemStatus>1</ItemStatus>
      <ItemId>99705</ItemId>
    </Item>
    <Item>
      <PriceUpdateDate>2025-07-16 08:27:19</PriceUpdateDate>
      <ItemCode>8032817240319</ItemCode>
      <ItemType>1</ItemType>
      <ItemName>רוטב עגבניות שרי 330</ItemName>
      <ManufacturerName>,</ManufacturerName>
      <ManufactureCountry>לא ידוע</ManufactureCountry>
      <ManufacturerItemDescription>רוטב עגבניות שרי 330 גר</ManufacturerItemDescription>
      <UnitQty>גרמים</UnitQty>
      <Quantity>330.00</Quantity>
      <UnitOfMeasure>100 גרם</UnitOfMeasure>
      <bIsWeighted>0</bIsWeighted>
      <QtyInPackage>1</QtyInPackage>
      <ItemPrice>13.90</ItemPrice>
      <UnitOfMeasurePrice>4.2121</UnitOfMeasurePrice>
      <AllowDiscount>1</AllowDiscount>
      <ItemStatus>1</ItemStatus>
      <ItemId>99707</ItemId>
    </Item>
    <Item>
      <PriceUpdateDate>2025-07-17 13:18:26</PriceUpdateDate>
      <ItemCode>4823077639449</ItemCode>
      <ItemType>1</ItemType>
      <ItemName>בטונציק שוקולד רושן</ItemName>
      <ManufacturerName>רושן</ManufacturerName>
      <ManufactureCountry>לא ידוע</ManufactureCountry>
      <ManufacturerItemDescription>בטונציק שוקולד רושן שקדים קוקוס 43 גר</ManufacturerItemDescription>
      <UnitQty>גרמים</UnitQty>
      <Quantity>43.00</Quantity>
      <UnitOfMeasure>100 גרם</UnitOfMeasure>
      <bIsWeighted>0</bIsWeighted>
      <QtyInPackage>1</QtyInPackage>
      <ItemPrice>5.90</ItemPrice>
      <UnitOfMeasurePrice>13.7209</UnitOfMeasurePrice>
      <AllowDiscount>1</AllowDiscount>
      <ItemStatus>1</ItemStatus>
      <ItemId>99729</ItemId>
    </Item>
    <Item>
      <PriceUpdateDate>2025-07-17 13:17:58</PriceUpdateDate>
      <ItemCode>7290012251108</ItemCode>
      <ItemType>0</ItemType>
      <ItemName>סלמי טורו 170 גר</ItemName>
      <ManufacturerName>,</ManufacturerName>
      <ManufactureCountry>לא ידוע</ManufactureCountry>
      <ManufacturerItemDescription>סלמי טורו 170 גר</ManufacturerItemDescription>
      <UnitQty>גרמים</UnitQty>
      <Quantity>170.00</Quantity>
      <UnitOfMeasure>100 גרם</UnitOfMeasure>
      <bIsWeighted>0</bIsWeighted>
      <QtyInPackage>לא ידוע</QtyInPackage>
      <ItemPrice>42.90</ItemPrice>
      <UnitOfMeasurePrice>25.2353</UnitOfMeasurePrice>
      <AllowDiscount>1</AllowDiscount>
      <ItemStatus>1</ItemStatus>
      <ItemId>99787</ItemId>
    </Item>
    <Item>
      <PriceUpdateDate>2025-07-17 18:45:32</PriceUpdateDate>
      <ItemCode>6858956011069</ItemCode>
      <ItemType>1</ItemType>
      <ItemName>בובת סנטה 50 סמ</ItemName>
      <ManufacturerName>,</ManufacturerName>
      <ManufactureCountry>לא ידוע</ManufactureCountry>
      <ManufacturerItemDescription>בובת סנטה 50 סמ</ManufacturerItemDescription>
      <UnitQty>Unknown </UnitQty>
      <Quantity>1.00</Quantity>
      <UnitOfMeasure>Unknown </UnitOfMeasure>
      <bIsWeighted>0</bIsWeighted>
      <QtyInPackage>1</QtyInPackage>
      <ItemPrice>39.90</ItemPrice>
      <UnitOfMeasurePrice>39.9000</UnitOfMeasurePrice>
      <AllowDiscount>1</AllowDiscount>
      <ItemStatus>1</ItemStatus>
      <ItemId>99820</ItemId>
    </Item>
    <Item>
      <PriceUpdateDate>2025-07-17 18:45:32</PriceUpdateDate>
      <ItemCode>6900000252833</ItemCode>
      <ItemType>1</ItemType>
      <ItemName>מארז 3 נרות נוביי גו</ItemName>
      <ManufacturerName>,</ManufacturerName>
      <ManufactureCountry>לא ידוע</ManufactureCountry>
      <ManufacturerItemDescription>מארז 3 נרות נוביי גו</ManufacturerItemDescription>
      <UnitQty>Unknown </UnitQty>
      <Quantity>1.00</Quantity>
      <UnitOfMeasure>Unknown </UnitOfMeasure>
      <bIsWeighted>0</bIsWeighted>
      <QtyInPackage>1</QtyInPackage>
      <ItemPrice>9.90</ItemPrice>
      <UnitOfMeasurePrice>9.9000</UnitOfMeasurePrice>
      <AllowDiscount>1</AllowDiscount>
      <ItemStatus>1</ItemStatus>
      <ItemId>99831</ItemId>
    </Item>
    <Item>
      <PriceUpdateDate>2025-07-17 18:45:35</PriceUpdateDate>
      <ItemCode>6988800012024</ItemCode>
      <ItemType>1</ItemType>
      <ItemName>בובת אייל 56 סמ</ItemName>
      <ManufacturerName>,</ManufacturerName>
      <ManufactureCountry>לא ידוע</ManufactureCountry>
      <ManufacturerItemDescription>בובת אייל 56 סמ</ManufacturerItemDescription>
      <UnitQty>Unknown </UnitQty>
      <Quantity>1.00</Quantity>
      <UnitOfMeasure>Unknown </UnitOfMeasure>
      <bIsWeighted>0</bIsWeighted>
      <QtyInPackage>1</QtyInPackage>
      <ItemPrice>99.90</ItemPrice>
      <UnitOfMeasurePrice>99.9000</UnitOfMeasurePrice>
      <AllowDiscount>1</AllowDiscount>
      <ItemStatus>1</ItemStatus>
      <ItemId>99915</ItemId>
    </Item>
    <Item>
      <PriceUpdateDate>2025-07-20 20:12:37</PriceUpdateDate>
      <ItemCode>6942971507062</ItemCode>
      <ItemType>1</ItemType>
      <ItemName>סוויט בוקס צעצוע וסו</ItemName>
      <ManufacturerName>גואנגדונג ויסקי פודס</ManufacturerName>
      <ManufactureCountry>לא ידוע</ManufactureCountry>
      <ManufacturerItemDescription>סוויט בוקס צעצוע וסוסי פוני</ManufacturerItemDescription>
      <UnitQty>Unknown </UnitQty>
      <Quantity>0.00</Quantity>
      <UnitOfMeasure>Unknown </UnitOfMeasure>
      <bIsWeighted>0</bIsWeighted>
      <QtyInPackage>1</QtyInPackage>
      <ItemPrice>11.90</ItemPrice>
      <UnitOfMeasurePrice>0.0000</UnitOfMeasurePrice>
      <AllowDiscount>1</AllowDiscount>
      <ItemStatus>1</ItemStatus>
      <ItemId>99927</ItemId>
    </Item>
    <Item>
      <PriceUpdateDate>2025-07-20 20:12:37</PriceUpdateDate>
      <ItemCode>4607096572143</ItemCode>
      <ItemType>1</ItemType>
      <ItemName>פת פריכה כוסמת שדריה</ItemName>
      <ManufacturerName>,</ManufacturerName>
      <ManufactureCountry>לא ידוע</ManufactureCountry>
      <ManufacturerItemDescription>פת פריכה כוסמת שדריה 200 גר</ManufacturerItemDescription>
      <UnitQty>גרמים</UnitQty>
      <Quantity>200.00</Quantity>
      <UnitOfMeasure>100 גרם</UnitOfMeasure>
      <bIsWeighted>0</bIsWeighted>
      <QtyInPackage>1</QtyInPackage>
      <ItemPrice>9.90</ItemPrice>
      <UnitOfMeasurePrice>4.9500</UnitOfMeasurePrice>
      <AllowDiscount>1</AllowDiscount>
      <ItemStatus>1</ItemStatus>
      <ItemId>99928</ItemId>
    </Item>
    <Item>
      <PriceUpdateDate>2025-07-27 10:00:22</PriceUpdateDate>
      <ItemCode>7290019236832</ItemCode>
      <ItemType>1</ItemType>
      <ItemName>משקה קפיר 1 ל</ItemName>
      <ManufacturerName>,</ManufacturerName>
      <ManufactureCountry>לא ידוע</ManufactureCountry>
      <ManufacturerItemDescription>משקה קפיר 1 ל</ManufacturerItemDescription>
      <UnitQty>ליטרים</UnitQty>
      <Quantity>1.00</Quantity>
      <UnitOfMeasure>ליטר    </UnitOfMeasure>
      <bIsWeighted>0</bIsWeighted>
      <QtyInPackage>1</QtyInPackage>
      <ItemPrice>15.90</ItemPrice>
      <UnitOfMeasurePrice>15.9000</UnitOfMeasurePrice>
      <AllowDiscount>1</AllowDiscount>
      <ItemStatus>1</ItemStatus>
      <ItemId>100011</ItemId>
    </Item>
    <Item>
      <PriceUpdateDate>2025-07-27 10:00:23</PriceUpdateDate>
      <ItemCode>7290019497530</ItemCode>
      <ItemType>1</ItemType>
      <ItemName>משקה רזינקה 1 ל</ItemName>
      <ManufacturerName>,</ManufacturerName>
      <ManufactureCountry>לא ידוע</ManufactureCountry>
      <ManufacturerItemDescription>משקה רזינקה 1 ל</ManufacturerItemDescription>
      <UnitQty>ליטרים</UnitQty>
      <Quantity>1.00</Quantity>
      <UnitOfMeasure>ליטר    </UnitOfMeasure>
      <bIsWeighted>0</bIsWeighted>
      <QtyInPackage>1</QtyInPackage>
      <ItemPrice>15.90</ItemPrice>
      <UnitOfMeasurePrice>15.9000</UnitOfMeasurePrice>
      <AllowDiscount>1</AllowDiscount>
      <ItemStatus>1</ItemStatus>
      <ItemId>100012</ItemId>
    </Item>
    <Item>
      <PriceUpdateDate>2025-07-27 10:00:23</PriceUpdateDate>
      <ItemCode>7290019497585</ItemCode>
      <ItemType>1</ItemType>
      <ItemName>משקה פרוסטקבשה 1 ל</ItemName>
      <ManufacturerName>,</ManufacturerName>
      <ManufactureCountry>לא ידוע</ManufactureCountry>
      <ManufacturerItemDescription>משקה פרוסטקבשה 1 ל</ManufacturerItemDescription>
      <UnitQty>ליטרים</UnitQty>
      <Quantity>1.00</Quantity>
      <UnitOfMeasure>ליטר    </UnitOfMeasure>
      <bIsWeighted>0</bIsWeighted>
      <QtyInPackage>1</QtyInPackage>
      <ItemPrice>14.90</ItemPrice>
      <UnitOfMeasurePrice>14.9000</UnitOfMeasurePrice>
      <AllowDiscount>1</AllowDiscount>
      <ItemStatus>1</ItemStatus>
      <ItemId>100013</ItemId>
    </Item>
    <Item>
      <PriceUpdateDate>2025-07-27 10:00:23</PriceUpdateDate>
      <ItemCode>7290019497783</ItemCode>
      <ItemType>1</ItemType>
      <ItemName>משקה מצוני 1 ל</ItemName>
      <ManufacturerName>,</ManufacturerName>
      <ManufactureCountry>לא ידוע</ManufactureCountry>
      <ManufacturerItemDescription>משקה מצוני 1 ל</ManufacturerItemDescription>
      <UnitQty>ליטרים</UnitQty>
      <Quantity>1.00</Quantity>
      <UnitOfMeasure>ליטר    </UnitOfMeasure>
      <bIsWeighted>0</bIsWeighted>
      <QtyInPackage>1</QtyInPackage>
      <ItemPrice>14.90</ItemPrice>
      <UnitOfMeasurePrice>14.9000</UnitOfMeasurePrice>
      <AllowDiscount>1</AllowDiscount>
      <ItemStatus>1</ItemStatus>
      <ItemId>100014</ItemId>
    </Item>
    <Item>
      <PriceUpdateDate>2025-07-27 10:00:23</PriceUpdateDate>
      <ItemCode>7290019236696</ItemCode>
      <ItemType>1</ItemType>
      <ItemName>גולדן יוגורט תות 270</ItemName>
      <ManufacturerName>,</ManufacturerName>
      <ManufactureCountry>לא ידוע</ManufactureCountry>
      <ManufacturerItemDescription>גולדן יוגורט תות 270 גר</ManufacturerItemDescription>
      <UnitQty>גרמים</UnitQty>
      <Quantity>270.00</Quantity>
      <UnitOfMeasure>100 גרם</UnitOfMeasure>
      <bIsWeighted>0</bIsWeighted>
      <QtyInPackage>1</QtyInPackage>
      <ItemPrice>16.90</ItemPrice>
      <UnitOfMeasurePrice>6.2593</UnitOfMeasurePrice>
      <AllowDiscount>1</AllowDiscount>
      <ItemStatus>1</ItemStatus>
      <ItemId>100015</ItemId>
    </Item>
    <Item>
      <PriceUpdateDate>2025-07-27 10:00:23</PriceUpdateDate>
      <ItemCode>7290019236948</ItemCode>
      <ItemType>1</ItemType>
      <ItemName>גולדן יוגורט פירות י</ItemName>
      <ManufacturerName>,</ManufacturerName>
      <ManufactureCountry>לא ידוע</ManufactureCountry>
      <ManufacturerItemDescription>גולדן יוגורט פירות יער 270 גר</ManufacturerItemDescription>
      <UnitQty>גרמים</UnitQty>
      <Quantity>270.00</Quantity>
      <UnitOfMeasure>100 גרם</UnitOfMeasure>
      <bIsWeighted>0</bIsWeighted>
      <QtyInPackage>1</QtyInPackage>
      <ItemPrice>16.90</ItemPrice>
      <UnitOfMeasurePrice>6.2593</UnitOfMeasurePrice>
      <AllowDiscount>1</AllowDiscount>
      <ItemStatus>1</ItemStatus>
      <ItemId>100016</ItemId>
    </Item>
    <Item>
      <PriceUpdateDate>2025-07-27 10:00:23</PriceUpdateDate>
      <ItemCode>7290019236795</ItemCode>
      <ItemType>1</ItemType>
      <ItemName>גולדן יוגורט אפרסק 2</ItemName>
      <ManufacturerName>,</ManufacturerName>
      <ManufactureCountry>לא ידוע</ManufactureCountry>
      <ManufacturerItemDescription>גולדן יוגורט אפרסק 270 גר</ManufacturerItemDescription>
      <UnitQty>גרמים</UnitQty>
      <Quantity>270.00</Quantity>
      <UnitOfMeasure>100 גרם</UnitOfMeasure>
      <bIsWeighted>0</bIsWeighted>
      <QtyInPackage>1</QtyInPackage>
      <ItemPrice>16.90</ItemPrice>
      <UnitOfMeasurePrice>6.2593</UnitOfMeasurePrice>
      <AllowDiscount>1</AllowDiscount>
      <ItemStatus>1</ItemStatus>
      <ItemId>100017</ItemId>
    </Item>
    <Item>
      <PriceUpdateDate>2025-07-27 10:00:23</PriceUpdateDate>
      <ItemCode>7290019236894</ItemCode>
      <ItemType>1</ItemType>
      <ItemName>גולדן יוגורט סינבון</ItemName>
      <ManufacturerName>,</ManufacturerName>
      <ManufactureCountry>לא ידוע</ManufactureCountry>
      <ManufacturerItemDescription>גולדן יוגורט סינבון 270 גר</ManufacturerItemDescription>
      <UnitQty>גרמים</UnitQty>
      <Quantity>270.00</Quantity>
      <UnitOfMeasure>100 גרם</UnitOfMeasure>
      <bIsWeighted>0</bIsWeighted>
      <QtyInPackage>1</QtyInPackage>
      <ItemPrice>16.90</ItemPrice>
      <UnitOfMeasurePrice>6.2593</UnitOfMeasurePrice>
      <AllowDiscount>1</AllowDiscount>
      <ItemStatus>1</ItemStatus>
      <ItemId>100019</ItemId>
    </Item>
    <Item>
      <PriceUpdateDate>2025-07-27 10:00:23</PriceUpdateDate>
      <ItemCode>7290019236849</ItemCode>
      <ItemType>1</ItemType>
      <ItemName>גולדן יוגורט טבעי קל</ItemName>
      <ManufacturerName>,</ManufacturerName>
      <ManufactureCountry>לא ידוע</ManufactureCountry>
      <ManufacturerItemDescription>גולדן יוגורט טבעי קלאסי 350 גר</ManufacturerItemDescription>
      <UnitQty>גרמים</UnitQty>
      <Quantity>350.00</Quantity>
      <UnitOfMeasure>100 גרם</UnitOfMeasure>
      <bIsWeighted>0</bIsWeighted>
      <QtyInPackage>1</QtyInPackage>
      <ItemPrice>16.90</ItemPrice>
      <UnitOfMeasurePrice>4.8286</UnitOfMeasurePrice>
      <AllowDiscount>1</AllowDiscount>
      <ItemStatus>1</ItemStatus>
      <ItemId>100020</ItemId>
    </Item>
    <Item>
      <PriceUpdateDate>2025-07-29 12:20:20</PriceUpdateDate>
      <ItemCode>6291100601110</ItemCode>
      <ItemType>1</ItemType>
      <ItemName>חטיף עוגת שוקולד דוב</ItemName>
      <ManufacturerName>,</ManufacturerName>
      <ManufactureCountry>לא ידוע</ManufactureCountry>
      <ManufacturerItemDescription>חטיף עוגת שוקולד דובאי טרופל כנאפה 40 ג</ManufacturerItemDescription>
      <UnitQty>גרמים</UnitQty>
      <Quantity>40.00</Quantity>
      <UnitOfMeasure>100 גרם</UnitOfMeasure>
      <bIsWeighted>0</bIsWeighted>
      <QtyInPackage>1</QtyInPackage>
      <ItemPrice>14.90</ItemPrice>
      <UnitOfMeasurePrice>37.2500</UnitOfMeasurePrice>
      <AllowDiscount>1</AllowDiscount>
      <ItemStatus>1</ItemStatus>
      <ItemId>100049</ItemId>
    </Item>
    <Item>
      <PriceUpdateDate>2025-07-29 12:20:37</PriceUpdateDate>
      <ItemCode>8023354328110</ItemCode>
      <ItemType>1</ItemType>
      <ItemName>יין רוזה טיאמו 750 מ</ItemName>
      <ManufacturerName>,</ManufacturerName>
      <ManufactureCountry>לא ידוע</ManufactureCountry>
      <ManufacturerItemDescription>יין רוזה טיאמו 750 מל</ManufacturerItemDescription>
      <UnitQty>מיליליטרים</UnitQty>
      <Quantity>750.00</Quantity>
      <UnitOfMeasure>100 מ"ל</UnitOfMeasure>
      <bIsWeighted>0</bIsWeighted>
      <QtyInPackage>1</QtyInPackage>
      <ItemPrice>49.90</ItemPrice>
      <UnitOfMeasurePrice>6.6533</UnitOfMeasurePrice>
      <AllowDiscount>1</AllowDiscount>
      <ItemStatus>1</ItemStatus>
      <ItemId>100056</ItemId>
    </Item>
    <Item>
      <PriceUpdateDate>2025-07-29 12:20:38</PriceUpdateDate>
      <ItemCode>5056025434523</ItemCode>
      <ItemType>1</ItemType>
      <ItemName>בירה ברודוג הייזי גי</ItemName>
      <ManufacturerName>,</ManufacturerName>
      <ManufactureCountry>לא ידוע</ManufactureCountry>
      <ManufacturerItemDescription>בירה ברודוג הייזי גיין פחית 330 מל</ManufacturerItemDescription>
      <UnitQty>מיליליטרים</UnitQty>
      <Quantity>330.00</Quantity>
      <UnitOfMeasure>100 מ"ל</UnitOfMeasure>
      <bIsWeighted>0</bIsWeighted>
      <QtyInPackage>1</QtyInPackage>
      <ItemPrice>15.90</ItemPrice>
      <UnitOfMeasurePrice>4.8182</UnitOfMeasurePrice>
      <AllowDiscount>1</AllowDiscount>
      <ItemStatus>1</ItemStatus>
      <ItemId>100059</ItemId>
    </Item>
    <Item>
      <PriceUpdateDate>2025-07-29 12:20:38</PriceUpdateDate>
      <ItemCode>5056025413061</ItemCode>
      <ItemType>1</ItemType>
      <ItemName>בירה אלויס גוס פחית</ItemName>
      <ManufacturerName>,</ManufacturerName>
      <ManufactureCountry>לא ידוע</ManufactureCountry>
      <ManufacturerItemDescription>בירה אלויס גוס פחית 330 מל</ManufacturerItemDescription>
      <UnitQty>מיליליטרים</UnitQty>
      <Quantity>330.00</Quantity>
      <UnitOfMeasure>100 מ"ל</UnitOfMeasure>
      <bIsWeighted>0</bIsWeighted>
      <QtyInPackage>1</QtyInPackage>
      <ItemPrice>15.90</ItemPrice>
      <UnitOfMeasurePrice>4.8182</UnitOfMeasurePrice>
      <AllowDiscount>1</AllowDiscount>
      <ItemStatus>1</ItemStatus>
      <ItemId>100060</ItemId>
    </Item>
    <Item>
      <PriceUpdateDate>2025-07-29 12:20:38</PriceUpdateDate>
      <ItemCode>7290010587452</ItemCode>
      <ItemType>1</ItemType>
      <ItemName>יין לבן טוליפ וויט 7</ItemName>
      <ManufacturerName>,</ManufacturerName>
      <ManufactureCountry>לא ידוע</ManufactureCountry>
      <ManufacturerItemDescription>יין לבן טוליפ וויט 750 מל</ManufacturerItemDescription>
      <UnitQty>מיליליטרים</UnitQty>
      <Quantity>750.00</Quantity>
      <UnitOfMeasure>100 מ"ל</UnitOfMeasure>
      <bIsWeighted>0</bIsWeighted>
      <QtyInPackage>1</QtyInPackage>
      <ItemPrice>69.90</ItemPrice>
      <UnitOfMeasurePrice>9.3200</UnitOfMeasurePrice>
      <AllowDiscount>1</AllowDiscount>
      <ItemStatus>1</ItemStatus>
      <ItemId>100061</ItemId>
    </Item>
    <Item>
      <PriceUpdateDate>2025-07-29 12:20:38</PriceUpdateDate>
      <ItemCode>7290010587445</ItemCode>
      <ItemType>1</ItemType>
      <ItemName>יין לבן טוליפ וויט פ</ItemName>
      <ManufacturerName>,</ManufacturerName>
      <ManufactureCountry>לא ידוע</ManufactureCountry>
      <ManufacturerItemDescription>יין לבן טוליפ וויט פרנק 750 מל</ManufacturerItemDescription>
      <UnitQty>מיליליטרים</UnitQty>
      <Quantity>750.00</Quantity>
      <UnitOfMeasure>100 מ"ל</UnitOfMeasure>
      <bIsWeighted>0</bIsWeighted>
      <QtyInPackage>1</QtyInPackage>
      <ItemPrice>69.90</ItemPrice>
      <UnitOfMeasurePrice>9.3200</UnitOfMeasurePrice>
      <AllowDiscount>1</AllowDiscount>
      <ItemStatus>1</ItemStatus>
      <ItemId>100062</ItemId>
    </Item>
    <Item>
      <PriceUpdateDate>2025-08-01 14:20:14</PriceUpdateDate>
      <ItemCode>8606030051788</ItemCode>
      <ItemType>1</ItemType>
      <ItemName>מיץ פרוויטה תפוע ואג</ItemName>
      <ManufacturerName>,</ManufacturerName>
      <ManufactureCountry>לא ידוע</ManufactureCountry>
      <ManufacturerItemDescription>מיץ פרוויטה תפוע ואגס 800 מל</ManufacturerItemDescription>
      <UnitQty>מיליליטרים</UnitQty>
      <Quantity>800.00</Quantity>
      <UnitOfMeasure>100 מ"ל</UnitOfMeasure>
      <bIsWeighted>0</bIsWeighted>
      <QtyInPackage>1</QtyInPackage>
      <ItemPrice>11.90</ItemPrice>
      <UnitOfMeasurePrice>1.4875</UnitOfMeasurePrice>
      <AllowDiscount>1</AllowDiscount>
      <ItemStatus>1</ItemStatus>
      <ItemId>100081</ItemId>
    </Item>
    <Item>
      <PriceUpdateDate>2025-08-01 14:20:14</PriceUpdateDate>
      <ItemCode>8606030051795</ItemCode>
      <ItemType>1</ItemType>
      <ItemName>מיץ פרוויטה תפוע ודו</ItemName>
      <ManufacturerName>,</ManufacturerName>
      <ManufactureCountry>לא ידוע</ManufactureCountry>
      <ManufacturerItemDescription>מיץ פרוויטה תפוע ודובדבן 800 מל</ManufacturerItemDescription>
      <UnitQty>מיליליטרים</UnitQty>
      <Quantity>800.00</Quantity>
      <UnitOfMeasure>100 מ"ל</UnitOfMeasure>
      <bIsWeighted>0</bIsWeighted>
      <QtyInPackage>1</QtyInPackage>
      <ItemPrice>11.90</ItemPrice>
      <UnitOfMeasurePrice>1.4875</UnitOfMeasurePrice>
      <AllowDiscount>1</AllowDiscount>
      <ItemStatus>1</ItemStatus>
      <ItemId>100082</ItemId>
    </Item>
    <Item>
      <PriceUpdateDate>2025-08-01 14:20:14</PriceUpdateDate>
      <ItemCode>8606030051801</ItemCode>
      <ItemType>1</ItemType>
      <ItemName>מיץ פרוויטה תפוע ולי</ItemName>
      <ManufacturerName>,</ManufacturerName>
      <ManufactureCountry>לא ידוע</ManufactureCountry>
      <ManufacturerItemDescription>מיץ פרוויטה תפוע ולימון ליים 800 מל</ManufacturerItemDescription>
      <UnitQty>מיליליטרים</UnitQty>
      <Quantity>800.00</Quantity>
      <UnitOfMeasure>100 מ"ל</UnitOfMeasure>
      <bIsWeighted>0</bIsWeighted>
      <QtyInPackage>1</QtyInPackage>
      <ItemPrice>11.90</ItemPrice>
      <UnitOfMeasurePrice>1.4875</UnitOfMeasurePrice>
      <AllowDiscount>1</AllowDiscount>
      <ItemStatus>1</ItemStatus>
      <ItemId>100083</ItemId>
    </Item>
    <Item>
      <PriceUpdateDate>2025-08-03 11:38:57</PriceUpdateDate>
      <ItemCode>7290012251894</ItemCode>
      <ItemType>1</ItemType>
      <ItemName>לקט טוסקנה טבעפרוסט</ItemName>
      <ManufacturerName>,</ManufacturerName>
      <ManufactureCountry>לא ידוע</ManufactureCountry>
      <ManufacturerItemDescription>לקט טוסקנה טבעפרוסט 800 גר</ManufacturerItemDescription>
      <UnitQty>גרמים</UnitQty>
      <Quantity>800.00</Quantity>
      <UnitOfMeasure>100 גרם</UnitOfMeasure>
      <bIsWeighted>0</bIsWeighted>
      <QtyInPackage>1</QtyInPackage>
      <ItemPrice>19.90</ItemPrice>
      <UnitOfMeasurePrice>2.4875</UnitOfMeasurePrice>
      <AllowDiscount>1</AllowDiscount>
      <ItemStatus>1</ItemStatus>
      <ItemId>100109</ItemId>
    </Item>
    <Item>
      <PriceUpdateDate>2025-08-03 11:38:57</PriceUpdateDate>
      <ItemCode>7290013186317</ItemCode>
      <ItemType>1</ItemType>
      <ItemName>שרימפס מצופה בפנקו 3</ItemName>
      <ManufacturerName>,</ManufacturerName>
      <ManufactureCountry>לא ידוע</ManufactureCountry>
      <ManufacturerItemDescription>שרימפס מצופה בפנקו 300 גר</ManufacturerItemDescription>
      <UnitQty>גרמים</UnitQty>
      <Quantity>300.00</Quantity>
      <UnitOfMeasure>100 גרם</UnitOfMeasure>
      <bIsWeighted>0</bIsWeighted>
      <QtyInPackage>1</QtyInPackage>
      <ItemPrice>39.90</ItemPrice>
      <UnitOfMeasurePrice>13.3000</UnitOfMeasurePrice>
      <AllowDiscount>1</AllowDiscount>
      <ItemStatus>1</ItemStatus>
      <ItemId>100121</ItemId>
    </Item>
    <Item>
      <PriceUpdateDate>2025-08-03 11:38:57</PriceUpdateDate>
      <ItemCode>7290013186348</ItemCode>
      <ItemType>1</ItemType>
      <ItemName>מיקס גיוזה שרימפס 4</ItemName>
      <ManufacturerName>,</ManufacturerName>
      <ManufactureCountry>לא ידוע</ManufactureCountry>
      <ManufacturerItemDescription>מיקס גיוזה שרימפס 4 צבעים 600 גר</ManufacturerItemDescription>
      <UnitQty>גרמים</UnitQty>
      <Quantity>600.00</Quantity>
      <UnitOfMeasure>100 גרם</UnitOfMeasure>
      <bIsWeighted>0</bIsWeighted>
      <QtyInPackage>1</QtyInPackage>
      <ItemPrice>59.90</ItemPrice>
      <UnitOfMeasurePrice>9.9833</UnitOfMeasurePrice>
      <AllowDiscount>1</AllowDiscount>
      <ItemStatus>1</ItemStatus>
      <ItemId>100122</ItemId>
    </Item>
    <Item>
      <PriceUpdateDate>2025-08-17 08:28:27</PriceUpdateDate>
      <ItemCode>8718444120896</ItemCode>
      <ItemType>1</ItemType>
      <ItemName>גלידת שמנת בטעם עוגת</ItemName>
      <ManufacturerName>,</ManufacturerName>
      <ManufactureCountry>לא ידוע</ManufactureCountry>
      <ManufacturerItemDescription>גלידת שמנת בטעם עוגת גבינה ופטל 500 מל</ManufacturerItemDescription>
      <UnitQty>מיליליטרים</UnitQty>
      <Quantity>500.00</Quantity>
      <UnitOfMeasure>100 מ"ל</UnitOfMeasure>
      <bIsWeighted>0</bIsWeighted>
      <QtyInPackage>1</QtyInPackage>
      <ItemPrice>29.90</ItemPrice>
      <UnitOfMeasurePrice>5.9800</UnitOfMeasurePrice>
      <AllowDiscount>1</AllowDiscount>
      <ItemStatus>1</ItemStatus>
      <ItemId>100148</ItemId>
    </Item>
    <Item>
      <PriceUpdateDate>2025-08-17 08:28:27</PriceUpdateDate>
      <ItemCode>8718444120780</ItemCode>
      <ItemType>1</ItemType>
      <ItemName>גלידת שמנת בטעם פיסט</ItemName>
      <ManufacturerName>,</ManufacturerName>
      <ManufactureCountry>לא ידוע</ManufactureCountry>
      <ManufacturerItemDescription>גלידת שמנת בטעם פיסטוק שקדים 500 מל</ManufacturerItemDescription>
      <UnitQty>מיליליטרים</UnitQty>
      <Quantity>500.00</Quantity>
      <UnitOfMeasure>100 מ"ל</UnitOfMeasure>
      <bIsWeighted>0</bIsWeighted>
      <QtyInPackage>1</QtyInPackage>
      <ItemPrice>29.90</ItemPrice>
      <UnitOfMeasurePrice>5.9800</UnitOfMeasurePrice>
      <AllowDiscount>1</AllowDiscount>
      <ItemStatus>1</ItemStatus>
      <ItemId>100149</ItemId>
    </Item>
    <Item>
      <PriceUpdateDate>2025-08-17 08:28:27</PriceUpdateDate>
      <ItemCode>8718444120889</ItemCode>
      <ItemType>1</ItemType>
      <ItemName>גלידת שמנת אגוזי מקד</ItemName>
      <ManufacturerName>,</ManufacturerName>
      <ManufactureCountry>לא ידוע</ManufactureCountry>
      <ManufacturerItemDescription>גלידת שמנת אגוזי מקדמיה רוטב קרמל 500 מל</ManufacturerItemDescription>
      <UnitQty>מיליליטרים</UnitQty>
      <Quantity>500.00</Quantity>
      <UnitOfMeasure>100 מ"ל</UnitOfMeasure>
      <bIsWeighted>0</bIsWeighted>
      <QtyInPackage>1</QtyInPackage>
      <ItemPrice>29.90</ItemPrice>
      <UnitOfMeasurePrice>5.9800</UnitOfMeasurePrice>
      <AllowDiscount>1</AllowDiscount>
      <ItemStatus>1</ItemStatus>
      <ItemId>100152</ItemId>
    </Item>
    <Item>
      <PriceUpdateDate>2025-08-17 08:28:27</PriceUpdateDate>
      <ItemCode>8718444120919</ItemCode>
      <ItemType>1</ItemType>
      <ItemName>גלידה טבעונית קרמל מ</ItemName>
      <ManufacturerName>,</ManufacturerName>
      <ManufactureCountry>לא ידוע</ManufactureCountry>
      <ManufacturerItemDescription>גלידה טבעונית קרמל מלוח ועוגיות 500 מל</ManufacturerItemDescription>
      <UnitQty>מיליליטרים</UnitQty>
      <Quantity>500.00</Quantity>
      <UnitOfMeasure>100 מ"ל</UnitOfMeasure>
      <bIsWeighted>0</bIsWeighted>
      <QtyInPackage>1</QtyInPackage>
      <ItemPrice>29.90</ItemPrice>
      <UnitOfMeasurePrice>5.9800</UnitOfMeasurePrice>
      <AllowDiscount>1</AllowDiscount>
      <ItemStatus>1</ItemStatus>
      <ItemId>100154</ItemId>
    </Item>
    <Item>
      <PriceUpdateDate>2025-08-11 12:32:29</PriceUpdateDate>
      <ItemCode>788364874115</ItemCode>
      <ItemType>1</ItemType>
      <ItemName>כיסוני בשר דלישס 850</ItemName>
      <ManufacturerName>,</ManufacturerName>
      <ManufactureCountry>לא ידוע</ManufactureCountry>
      <ManufacturerItemDescription>כיסוני בשר דלישס 850 גר</ManufacturerItemDescription>
      <UnitQty>גרמים</UnitQty>
      <Quantity>850.00</Quantity>
      <UnitOfMeasure>100 גרם</UnitOfMeasure>
      <bIsWeighted>0</bIsWeighted>
      <QtyInPackage>1</QtyInPackage>
      <ItemPrice>42.90</ItemPrice>
      <UnitOfMeasurePrice>5.0471</UnitOfMeasurePrice>
      <AllowDiscount>1</AllowDiscount>
      <ItemStatus>1</ItemStatus>
      <ItemId>100162</ItemId>
    </Item>
    <Item>
      <PriceUpdateDate>2025-08-15 08:53:16</PriceUpdateDate>
      <ItemCode>4820097890119</ItemCode>
      <ItemType>1</ItemType>
      <ItemName>משקה מוגז קוקטייל בו</ItemName>
      <ManufacturerName>,</ManufacturerName>
      <ManufactureCountry>לא ידוע</ManufactureCountry>
      <ManufacturerItemDescription>משקה מוגז קוקטייל בורה בורה  330 מל</ManufacturerItemDescription>
      <UnitQty>מיליליטרים</UnitQty>
      <Quantity>330.00</Quantity>
      <UnitOfMeasure>100 מ"ל</UnitOfMeasure>
      <bIsWeighted>0</bIsWeighted>
      <QtyInPackage>1</QtyInPackage>
      <ItemPrice>12.90</ItemPrice>
      <UnitOfMeasurePrice>3.9091</UnitOfMeasurePrice>
      <AllowDiscount>1</AllowDiscount>
      <ItemStatus>1</ItemStatus>
      <ItemId>100257</ItemId>
    </Item>
    <Item>
      <PriceUpdateDate>2025-08-15 08:56:52</PriceUpdateDate>
      <ItemCode>4607039946437</ItemCode>
      <ItemType>1</ItemType>
      <ItemName>שעועית אפויה עם פטרי</ItemName>
      <ManufacturerName>,</ManufacturerName>
      <ManufactureCountry>לא ידוע</ManufactureCountry>
      <ManufacturerItemDescription>שעועית אפויה עם פטריות 480 גר</ManufacturerItemDescription>
      <UnitQty>גרמים</UnitQty>
      <Quantity>480.00</Quantity>
      <UnitOfMeasure>100 גרם</UnitOfMeasure>
      <bIsWeighted>0</bIsWeighted>
      <QtyInPackage>1</QtyInPackage>
      <ItemPrice>12.90</ItemPrice>
      <UnitOfMeasurePrice>2.6875</UnitOfMeasurePrice>
      <AllowDiscount>1</AllowDiscount>
      <ItemStatus>1</ItemStatus>
      <ItemId>100275</ItemId>
    </Item>
    <Item>
      <PriceUpdateDate>2025-08-15 08:58:03</PriceUpdateDate>
      <ItemCode>6440003100095</ItemCode>
      <ItemType>1</ItemType>
      <ItemName>וודקה פינלנדיה 700 מ</ItemName>
      <ManufacturerName>,</ManufacturerName>
      <ManufactureCountry>לא ידוע</ManufactureCountry>
      <ManufacturerItemDescription>וודקה פינלנדיה 700 מל</ManufacturerItemDescription>
      <UnitQty>מיליליטרים</UnitQty>
      <Quantity>700.00</Quantity>
      <UnitOfMeasure>100 מ"ל</UnitOfMeasure>
      <bIsWeighted>0</bIsWeighted>
      <QtyInPackage>1</QtyInPackage>
      <ItemPrice>79.90</ItemPrice>
      <UnitOfMeasurePrice>11.4143</UnitOfMeasurePrice>
      <AllowDiscount>1</AllowDiscount>
      <ItemStatus>1</ItemStatus>
      <ItemId>100288</ItemId>
    </Item>
    <Item>
      <PriceUpdateDate>2025-08-15 08:58:03</PriceUpdateDate>
      <ItemCode>6440003100026</ItemCode>
      <ItemType>1</ItemType>
      <ItemName>וודקה פינלנדיה 1 ל</ItemName>
      <ManufacturerName>,</ManufacturerName>
      <ManufactureCountry>לא ידוע</ManufactureCountry>
      <ManufacturerItemDescription>וודקה פינלנדיה 1 ל</ManufacturerItemDescription>
      <UnitQty>מיליליטרים</UnitQty>
      <Quantity>500.00</Quantity>
      <UnitOfMeasure>100 מ"ל</UnitOfMeasure>
      <bIsWeighted>0</bIsWeighted>
      <QtyInPackage>1</QtyInPackage>
      <ItemPrice>99.90</ItemPrice>
      <UnitOfMeasurePrice>19.9800</UnitOfMeasurePrice>
      <AllowDiscount>1</AllowDiscount>
      <ItemStatus>1</ItemStatus>
      <ItemId>100289</ItemId>
    </Item>
    <Item>
      <PriceUpdateDate>2025-08-15 08:58:03</PriceUpdateDate>
      <ItemCode>82184090473</ItemCode>
      <ItemType>1</ItemType>
      <ItemName>ויסקי גק דניאלס 700</ItemName>
      <ManufacturerName>,</ManufacturerName>
      <ManufactureCountry>לא ידוע</ManufactureCountry>
      <ManufacturerItemDescription>ויסקי גק דניאלס 700 מל</ManufacturerItemDescription>
      <UnitQty>מיליליטרים</UnitQty>
      <Quantity>700.00</Quantity>
      <UnitOfMeasure>100 מ"ל</UnitOfMeasure>
      <bIsWeighted>0</bIsWeighted>
      <QtyInPackage>1</QtyInPackage>
      <ItemPrice>119.90</ItemPrice>
      <UnitOfMeasurePrice>17.1286</UnitOfMeasurePrice>
      <AllowDiscount>1</AllowDiscount>
      <ItemStatus>1</ItemStatus>
      <ItemId>100291</ItemId>
    </Item>
    <Item>
      <PriceUpdateDate>2025-08-18 09:54:59</PriceUpdateDate>
      <ItemCode>7290001101162</ItemCode>
      <ItemType>1</ItemType>
      <ItemName>קבנוס חי בייקון 150</ItemName>
      <ManufacturerName>,</ManufacturerName>
      <ManufactureCountry>לא ידוע</ManufactureCountry>
      <ManufacturerItemDescription>קבנוס חי בייקון 150 גר</ManufacturerItemDescription>
      <UnitQty>גרמים</UnitQty>
      <Quantity>150.00</Quantity>
      <UnitOfMeasure>100 גרם</UnitOfMeasure>
      <bIsWeighted>0</bIsWeighted>
      <QtyInPackage>לא ידוע</QtyInPackage>
      <ItemPrice>26.90</ItemPrice>
      <UnitOfMeasurePrice>17.9333</UnitOfMeasurePrice>
      <AllowDiscount>1</AllowDiscount>
      <ItemStatus>1</ItemStatus>
      <ItemId>100327</ItemId>
    </Item>
    <Item>
      <PriceUpdateDate>2025-08-18 09:54:59</PriceUpdateDate>
      <ItemCode>7290001101155</ItemCode>
      <ItemType>1</ItemType>
      <ItemName>קבנוס חי הונגרי 150</ItemName>
      <ManufacturerName>,</ManufacturerName>
      <ManufactureCountry>לא ידוע</ManufactureCountry>
      <ManufacturerItemDescription>קבנוס חי הונגרי 150 גר</ManufacturerItemDescription>
      <UnitQty>גרמים</UnitQty>
      <Quantity>150.00</Quantity>
      <UnitOfMeasure>100 גרם</UnitOfMeasure>
      <bIsWeighted>0</bIsWeighted>
      <QtyInPackage>לא ידוע</QtyInPackage>
      <ItemPrice>26.90</ItemPrice>
      <UnitOfMeasurePrice>17.9333</UnitOfMeasurePrice>
      <AllowDiscount>1</AllowDiscount>
      <ItemStatus>1</ItemStatus>
      <ItemId>100328</ItemId>
    </Item>
    <Item>
      <PriceUpdateDate>2025-08-18 09:54:59</PriceUpdateDate>
      <ItemCode>7290001101179</ItemCode>
      <ItemType>1</ItemType>
      <ItemName>קבנוס חי בטעם כמהין</ItemName>
      <ManufacturerName>,</ManufacturerName>
      <ManufactureCountry>לא ידוע</ManufactureCountry>
      <ManufacturerItemDescription>קבנוס חי בטעם כמהין 150 גר</ManufacturerItemDescription>
      <UnitQty>גרמים</UnitQty>
      <Quantity>150.00</Quantity>
      <UnitOfMeasure>100 גרם</UnitOfMeasure>
      <bIsWeighted>0</bIsWeighted>
      <QtyInPackage>לא ידוע</QtyInPackage>
      <ItemPrice>26.90</ItemPrice>
      <UnitOfMeasurePrice>17.9333</UnitOfMeasurePrice>
      <AllowDiscount>1</AllowDiscount>
      <ItemStatus>1</ItemStatus>
      <ItemId>100329</ItemId>
    </Item>
    <Item>
      <PriceUpdateDate>2025-08-18 09:55:31</PriceUpdateDate>
      <ItemCode>4820097894834</ItemCode>
      <ItemType>1</ItemType>
      <ItemName>משקה מוגז קוקטייל סר</ItemName>
      <ManufacturerName>,</ManufacturerName>
      <ManufactureCountry>לא ידוע</ManufactureCountry>
      <ManufacturerItemDescription>משקה מוגז קוקטייל סרסס און זה ביץ  330 מ</ManufacturerItemDescription>
      <UnitQty>מיליליטרים</UnitQty>
      <Quantity>330.00</Quantity>
      <UnitOfMeasure>100 מ"ל</UnitOfMeasure>
      <bIsWeighted>0</bIsWeighted>
      <QtyInPackage>1</QtyInPackage>
      <ItemPrice>12.90</ItemPrice>
      <UnitOfMeasurePrice>3.9091</UnitOfMeasurePrice>
      <AllowDiscount>1</AllowDiscount>
      <ItemStatus>1</ItemStatus>
      <ItemId>100330</ItemId>
    </Item>
    <Item>
      <PriceUpdateDate>2025-08-18 09:55:31</PriceUpdateDate>
      <ItemCode>4820252124493</ItemCode>
      <ItemType>1</ItemType>
      <ItemName>משקה מוגז קוקטייל מו</ItemName>
      <ManufacturerName>,</ManufacturerName>
      <ManufactureCountry>לא ידוע</ManufactureCountry>
      <ManufacturerItemDescription>משקה מוגז קוקטייל מוחיטו  330 מל</ManufacturerItemDescription>
      <UnitQty>מיליליטרים</UnitQty>
      <Quantity>330.00</Quantity>
      <UnitOfMeasure>100 מ"ל</UnitOfMeasure>
      <bIsWeighted>0</bIsWeighted>
      <QtyInPackage>1</QtyInPackage>
      <ItemPrice>12.90</ItemPrice>
      <UnitOfMeasurePrice>3.9091</UnitOfMeasurePrice>
      <AllowDiscount>1</AllowDiscount>
      <ItemStatus>1</ItemStatus>
      <ItemId>100331</ItemId>
    </Item>
    <Item>
      <PriceUpdateDate>2025-08-18 09:55:31</PriceUpdateDate>
      <ItemCode>4820252123526</ItemCode>
      <ItemType>1</ItemType>
      <ItemName>משקה מוגז קוקטייל פו</ItemName>
      <ManufacturerName>,</ManufacturerName>
      <ManufactureCountry>לא ידוע</ManufactureCountry>
      <ManufacturerItemDescription>משקה מוגז קוקטייל פורנסטאר 330 מל</ManufacturerItemDescription>
      <UnitQty>מיליליטרים</UnitQty>
      <Quantity>330.00</Quantity>
      <UnitOfMeasure>100 מ"ל</UnitOfMeasure>
      <bIsWeighted>0</bIsWeighted>
      <QtyInPackage>1</QtyInPackage>
      <ItemPrice>12.90</ItemPrice>
      <UnitOfMeasurePrice>3.9091</UnitOfMeasurePrice>
      <AllowDiscount>1</AllowDiscount>
      <ItemStatus>1</ItemStatus>
      <ItemId>100332</ItemId>
    </Item>
    <Item>
      <PriceUpdateDate>2025-08-18 09:56:40</PriceUpdateDate>
      <ItemCode>7290018749661</ItemCode>
      <ItemType>1</ItemType>
      <ItemName>רביולי קרם פטריות 40</ItemName>
      <ManufacturerName>,</ManufacturerName>
      <ManufactureCountry>לא ידוע</ManufactureCountry>
      <ManufacturerItemDescription>רביולי קרם פטריות 400 גר</ManufacturerItemDescription>
      <UnitQty>גרמים</UnitQty>
      <Quantity>400.00</Quantity>
      <UnitOfMeasure>100 גרם</UnitOfMeasure>
      <bIsWeighted>0</bIsWeighted>
      <QtyInPackage>1</QtyInPackage>
      <ItemPrice>36.90</ItemPrice>
      <UnitOfMeasurePrice>9.2250</UnitOfMeasurePrice>
      <AllowDiscount>1</AllowDiscount>
      <ItemStatus>1</ItemStatus>
      <ItemId>100385</ItemId>
    </Item>
    <Item>
      <PriceUpdateDate>2025-08-19 12:19:00</PriceUpdateDate>
      <ItemCode>3199240000646</ItemCode>
      <ItemType>1</ItemType>
      <ItemName>גבינת עזים למריחה צר</ItemName>
      <ManufacturerName>,</ManufacturerName>
      <ManufactureCountry>לא ידוע</ManufactureCountry>
      <ManufacturerItemDescription>גבינת עזים למריחה צרפתי 125 גר</ManufacturerItemDescription>
      <UnitQty>גרמים</UnitQty>
      <Quantity>125.00</Quantity>
      <UnitOfMeasure>100 גרם</UnitOfMeasure>
      <bIsWeighted>0</bIsWeighted>
      <QtyInPackage>1</QtyInPackage>
      <ItemPrice>19.90</ItemPrice>
      <UnitOfMeasurePrice>15.9200</UnitOfMeasurePrice>
      <AllowDiscount>1</AllowDiscount>
      <ItemStatus>1</ItemStatus>
      <ItemId>100432</ItemId>
    </Item>
    <Item>
      <PriceUpdateDate>2025-08-19 12:19:00</PriceUpdateDate>
      <ItemCode>7640101092172</ItemCode>
      <ItemType>1</ItemType>
      <ItemName>קוטג שויצרי 200 גר</ItemName>
      <ManufacturerName>,</ManufacturerName>
      <ManufactureCountry>לא ידוע</ManufactureCountry>
      <ManufacturerItemDescription>קוטג שויצרי 200 גר</ManufacturerItemDescription>
      <UnitQty>גרמים</UnitQty>
      <Quantity>200.00</Quantity>
      <UnitOfMeasure>100 גרם</UnitOfMeasure>
      <bIsWeighted>0</bIsWeighted>
      <QtyInPackage>1</QtyInPackage>
      <ItemPrice>10.90</ItemPrice>
      <UnitOfMeasurePrice>5.4500</UnitOfMeasurePrice>
      <AllowDiscount>1</AllowDiscount>
      <ItemStatus>1</ItemStatus>
      <ItemId>100433</ItemId>
    </Item>
    <Item>
      <PriceUpdateDate>2025-08-19 12:19:00</PriceUpdateDate>
      <ItemCode>4605627012212</ItemCode>
      <ItemType>1</ItemType>
      <ItemName>שמנת 20% 320 גר</ItemName>
      <ManufacturerName>,</ManufacturerName>
      <ManufactureCountry>לא ידוע</ManufactureCountry>
      <ManufacturerItemDescription>שמנת 20% 320 גר</ManufacturerItemDescription>
      <UnitQty>גרמים</UnitQty>
      <Quantity>320.00</Quantity>
      <UnitOfMeasure>100 גרם</UnitOfMeasure>
      <bIsWeighted>0</bIsWeighted>
      <QtyInPackage>1</QtyInPackage>
      <ItemPrice>17.90</ItemPrice>
      <UnitOfMeasurePrice>5.5937</UnitOfMeasurePrice>
      <AllowDiscount>1</AllowDiscount>
      <ItemStatus>1</ItemStatus>
      <ItemId>100434</ItemId>
    </Item>
    <Item>
      <PriceUpdateDate>2025-08-19 12:19:00</PriceUpdateDate>
      <ItemCode>5900746000065</ItemCode>
      <ItemType>1</ItemType>
      <ItemName>צדר פרוס סרטופ 130 ג</ItemName>
      <ManufacturerName>,</ManufacturerName>
      <ManufactureCountry>לא ידוע</ManufactureCountry>
      <ManufacturerItemDescription>צדר פרוס סרטופ 130 גר</ManufacturerItemDescription>
      <UnitQty>גרמים</UnitQty>
      <Quantity>130.00</Quantity>
      <UnitOfMeasure>100 גרם</UnitOfMeasure>
      <bIsWeighted>0</bIsWeighted>
      <QtyInPackage>1</QtyInPackage>
      <ItemPrice>9.90</ItemPrice>
      <UnitOfMeasurePrice>7.6154</UnitOfMeasurePrice>
      <AllowDiscount>1</AllowDiscount>
      <ItemStatus>1</ItemStatus>
      <ItemId>100437</ItemId>
    </Item>
    <Item>
      <PriceUpdateDate>2025-08-19 12:19:00</PriceUpdateDate>
      <ItemCode>8412289006840</ItemCode>
      <ItemType>0</ItemType>
      <ItemName>גבינה ספרדי פדרו חימ</ItemName>
      <ManufacturerName>,</ManufacturerName>
      <ManufactureCountry>לא ידוע</ManufactureCountry>
      <ManufacturerItemDescription>גבינה ספרדי פדרו חימנס 200 גר</ManufacturerItemDescription>
      <UnitQty>גרמים</UnitQty>
      <Quantity>200.00</Quantity>
      <UnitOfMeasure>100 גרם</UnitOfMeasure>
      <bIsWeighted>0</bIsWeighted>
      <QtyInPackage>לא ידוע</QtyInPackage>
      <ItemPrice>35.90</ItemPrice>
      <UnitOfMeasurePrice>17.9500</UnitOfMeasurePrice>
      <AllowDiscount>1</AllowDiscount>
      <ItemStatus>1</ItemStatus>
      <ItemId>100438</ItemId>
    </Item>
    <Item>
      <PriceUpdateDate>2025-08-21 10:53:33</PriceUpdateDate>
      <ItemCode>4760065703433</ItemCode>
      <ItemType>1</ItemType>
      <ItemName>שימורי אפונה ירוקה ב</ItemName>
      <ManufacturerName>פקטורי נבה אל טי די</ManufacturerName>
      <ManufactureCountry>לא ידוע</ManufactureCountry>
      <ManufacturerItemDescription>שימורי אפונה ירוקה במי מלח 700 גר</ManufacturerItemDescription>
      <UnitQty>גרמים</UnitQty>
      <Quantity>700.00</Quantity>
      <UnitOfMeasure>100 גרם</UnitOfMeasure>
      <bIsWeighted>0</bIsWeighted>
      <QtyInPackage>14</QtyInPackage>
      <ItemPrice>14.90</ItemPrice>
      <UnitOfMeasurePrice>2.1286</UnitOfMeasurePrice>
      <AllowDiscount>1</AllowDiscount>
      <ItemStatus>1</ItemStatus>
      <ItemId>100478</ItemId>
    </Item>
    <Item>
      <PriceUpdateDate>2025-08-21 10:53:33</PriceUpdateDate>
      <ItemCode>4605516028218</ItemCode>
      <ItemType>1</ItemType>
      <ItemName>עוגת וופל מצופה מישק</ItemName>
      <ManufacturerName>פקטורי נבה אל טי די</ManufacturerName>
      <ManufactureCountry>לא ידוע</ManufactureCountry>
      <ManufacturerItemDescription>עוגת וופל מצופה מישקה 220 גר</ManufacturerItemDescription>
      <UnitQty>גרמים</UnitQty>
      <Quantity>220.00</Quantity>
      <UnitOfMeasure>100 גרם</UnitOfMeasure>
      <bIsWeighted>0</bIsWeighted>
      <QtyInPackage>14</QtyInPackage>
      <ItemPrice>18.90</ItemPrice>
      <UnitOfMeasurePrice>8.5909</UnitOfMeasurePrice>
      <AllowDiscount>1</AllowDiscount>
      <ItemStatus>1</ItemStatus>
      <ItemId>100480</ItemId>
    </Item>
    <Item>
      <PriceUpdateDate>2025-08-21 10:53:33</PriceUpdateDate>
      <ItemCode>4601713009272</ItemCode>
      <ItemType>1</ItemType>
      <ItemName>דובשנית טול.פריאניק</ItemName>
      <ManufacturerName>פקטורי נבה אל טי די</ManufacturerName>
      <ManufactureCountry>לא ידוע</ManufactureCountry>
      <ManufacturerItemDescription>דובשנית טול.פריאניק חלב 130 גר</ManufacturerItemDescription>
      <UnitQty>גרמים</UnitQty>
      <Quantity>130.00</Quantity>
      <UnitOfMeasure>100 גרם</UnitOfMeasure>
      <bIsWeighted>0</bIsWeighted>
      <QtyInPackage>14</QtyInPackage>
      <ItemPrice>5.90</ItemPrice>
      <UnitOfMeasurePrice>4.5385</UnitOfMeasurePrice>
      <AllowDiscount>1</AllowDiscount>
      <ItemStatus>1</ItemStatus>
      <ItemId>100483</ItemId>
    </Item>
    <Item>
      <PriceUpdateDate>2025-08-21 10:53:33</PriceUpdateDate>
      <ItemCode>4601713009357</ItemCode>
      <ItemType>1</ItemType>
      <ItemName>דובשנית טול.פריאניק</ItemName>
      <ManufacturerName>פקטורי נבה אל טי די</ManufacturerName>
      <ManufactureCountry>לא ידוע</ManufactureCountry>
      <ManufacturerItemDescription>דובשנית טול.פריאניק פירות 130 גר</ManufacturerItemDescription>
      <UnitQty>גרמים</UnitQty>
      <Quantity>130.00</Quantity>
      <UnitOfMeasure>100 גרם</UnitOfMeasure>
      <bIsWeighted>0</bIsWeighted>
      <QtyInPackage>14</QtyInPackage>
      <ItemPrice>5.90</ItemPrice>
      <UnitOfMeasurePrice>4.5385</UnitOfMeasurePrice>
      <AllowDiscount>1</AllowDiscount>
      <ItemStatus>1</ItemStatus>
      <ItemId>100484</ItemId>
    </Item>
    <Item>
      <PriceUpdateDate>2025-08-21 10:53:34</PriceUpdateDate>
      <ItemCode>4601713009340</ItemCode>
      <ItemType>1</ItemType>
      <ItemName>דובשנית טול. פריאניק</ItemName>
      <ManufacturerName>פקטורי נבה אל טי די</ManufacturerName>
      <ManufactureCountry>לא ידוע</ManufactureCountry>
      <ManufacturerItemDescription>דובשנית טול. פריאניק אוכמניות 130 גר</ManufacturerItemDescription>
      <UnitQty>גרמים</UnitQty>
      <Quantity>130.00</Quantity>
      <UnitOfMeasure>100 גרם</UnitOfMeasure>
      <bIsWeighted>0</bIsWeighted>
      <QtyInPackage>14</QtyInPackage>
      <ItemPrice>5.90</ItemPrice>
      <UnitOfMeasurePrice>4.5385</UnitOfMeasurePrice>
      <AllowDiscount>1</AllowDiscount>
      <ItemStatus>1</ItemStatus>
      <ItemId>100485</ItemId>
    </Item>
    <Item>
      <PriceUpdateDate>2025-08-21 10:53:34</PriceUpdateDate>
      <ItemCode>4601713009401</ItemCode>
      <ItemType>1</ItemType>
      <ItemName>דובשנית טול. פריאניק</ItemName>
      <ManufacturerName>פקטורי נבה אל טי די</ManufacturerName>
      <ManufactureCountry>לא ידוע</ManufactureCountry>
      <ManufacturerItemDescription>דובשנית טול. פריאניק תפוז וקינמון 130גר</ManufacturerItemDescription>
      <UnitQty>גרמים</UnitQty>
      <Quantity>130.00</Quantity>
      <UnitOfMeasure>100 גרם</UnitOfMeasure>
      <bIsWeighted>0</bIsWeighted>
      <QtyInPackage>14</QtyInPackage>
      <ItemPrice>5.90</ItemPrice>
      <UnitOfMeasurePrice>4.5385</UnitOfMeasurePrice>
      <AllowDiscount>1</AllowDiscount>
      <ItemStatus>1</ItemStatus>
      <ItemId>100487</ItemId>
    </Item>
    <Item>
      <PriceUpdateDate>2025-08-21 10:53:34</PriceUpdateDate>
      <ItemCode>4601713009364</ItemCode>
      <ItemType>1</ItemType>
      <ItemName>דובשנית טול. פריאניק</ItemName>
      <ManufacturerName>פקטורי נבה אל טי די</ManufacturerName>
      <ManufactureCountry>לא ידוע</ManufactureCountry>
      <ManufacturerItemDescription>דובשנית טול. פריאניק תפוח קינמון 130 גר</ManufacturerItemDescription>
      <UnitQty>גרמים</UnitQty>
      <Quantity>130.00</Quantity>
      <UnitOfMeasure>100 גרם</UnitOfMeasure>
      <bIsWeighted>0</bIsWeighted>
      <QtyInPackage>14</QtyInPackage>
      <ItemPrice>5.90</ItemPrice>
      <UnitOfMeasurePrice>4.5385</UnitOfMeasurePrice>
      <AllowDiscount>1</AllowDiscount>
      <ItemStatus>1</ItemStatus>
      <ItemId>100488</ItemId>
    </Item>
    <Item>
      <PriceUpdateDate>2025-08-25 15:27:14</PriceUpdateDate>
      <ItemCode>4630292461928</ItemCode>
      <ItemType>1</ItemType>
      <ItemName>בירה בהירה לא מסונן</ItemName>
      <ManufacturerName>,</ManufacturerName>
      <ManufactureCountry>לא ידוע</ManufactureCountry>
      <ManufacturerItemDescription>בירה בהירה לא מסונן תפוז וייס ברג 440 מל</ManufacturerItemDescription>
      <UnitQty>מיליליטרים</UnitQty>
      <Quantity>440.00</Quantity>
      <UnitOfMeasure>100 מ"ל</UnitOfMeasure>
      <bIsWeighted>0</bIsWeighted>
      <QtyInPackage>1</QtyInPackage>
      <ItemPrice>8.90</ItemPrice>
      <UnitOfMeasurePrice>2.0227</UnitOfMeasurePrice>
      <AllowDiscount>1</AllowDiscount>
      <ItemStatus>1</ItemStatus>
      <ItemId>100595</ItemId>
    </Item>
    <Item>
      <PriceUpdateDate>2025-08-26 13:55:26</PriceUpdateDate>
      <ItemCode>6958741605494</ItemCode>
      <ItemType>1</ItemType>
      <ItemName>מחזיק מפתחות סמל שנה</ItemName>
      <ManufacturerName>,</ManufacturerName>
      <ManufactureCountry>לא ידוע</ManufactureCountry>
      <ManufacturerItemDescription>מחזיק מפתחות סמל שנה</ManufacturerItemDescription>
      <UnitQty>Unknown </UnitQty>
      <Quantity>1.00</Quantity>
      <UnitOfMeasure>Unknown </UnitOfMeasure>
      <bIsWeighted>0</bIsWeighted>
      <QtyInPackage>1</QtyInPackage>
      <ItemPrice>9.90</ItemPrice>
      <UnitOfMeasurePrice>9.9000</UnitOfMeasurePrice>
      <AllowDiscount>1</AllowDiscount>
      <ItemStatus>1</ItemStatus>
      <ItemId>100838</ItemId>
    </Item>
    <Item>
      <PriceUpdateDate>2025-08-26 13:55:26</PriceUpdateDate>
      <ItemCode>6958741605814</ItemCode>
      <ItemType>1</ItemType>
      <ItemName>מחזיק מפתחות סמל שנה</ItemName>
      <ManufacturerName>,</ManufacturerName>
      <ManufactureCountry>לא ידוע</ManufactureCountry>
      <ManufacturerItemDescription>מחזיק מפתחות סמל שנה</ManufacturerItemDescription>
      <UnitQty>Unknown </UnitQty>
      <Quantity>1.00</Quantity>
      <UnitOfMeasure>Unknown </UnitOfMeasure>
      <bIsWeighted>0</bIsWeighted>
      <QtyInPackage>1</QtyInPackage>
      <ItemPrice>9.90</ItemPrice>
      <UnitOfMeasurePrice>9.9000</UnitOfMeasurePrice>
      <AllowDiscount>1</AllowDiscount>
      <ItemStatus>1</ItemStatus>
      <ItemId>100839</ItemId>
    </Item>
    <Item>
      <PriceUpdateDate>2025-08-28 13:54:17</PriceUpdateDate>
      <ItemCode>2790</ItemCode>
      <ItemType>0</ItemType>
      <ItemName>גבינת טרמנדס כמהין ה</ItemName>
      <ManufacturerName>,</ManufacturerName>
      <ManufactureCountry>לא ידוע</ManufactureCountry>
      <ManufacturerItemDescription>גבינת טרמנדס כמהין הנרי ויליך</ManufacturerItemDescription>
      <UnitQty>קילוגרמים</UnitQty>
      <Quantity>1.00</Quantity>
      <UnitOfMeasure>ק"ג</UnitOfMeasure>
      <bIsWeighted>1</bIsWeighted>
      <QtyInPackage>לא ידוע</QtyInPackage>
      <ItemPrice>209.00</ItemPrice>
      <UnitOfMeasurePrice>209.0000</UnitOfMeasurePrice>
      <AllowDiscount>1</AllowDiscount>
      <ItemStatus>1</ItemStatus>
      <ItemId>100965</ItemId>
    </Item>
    <Item>
      <PriceUpdateDate>2025-08-28 13:54:17</PriceUpdateDate>
      <ItemCode>2759</ItemCode>
      <ItemType>0</ItemType>
      <ItemName>גבינת גלוריוס עזים ה</ItemName>
      <ManufacturerName>,</ManufacturerName>
      <ManufactureCountry>לא ידוע</ManufactureCountry>
      <ManufacturerItemDescription>גבינת גלוריוס עזים הנרי ויליך</ManufacturerItemDescription>
      <UnitQty>קילוגרמים</UnitQty>
      <Quantity>1.00</Quantity>
      <UnitOfMeasure>ק"ג</UnitOfMeasure>
      <bIsWeighted>1</bIsWeighted>
      <QtyInPackage>לא ידוע</QtyInPackage>
      <ItemPrice>199.00</ItemPrice>
      <UnitOfMeasurePrice>199.0000</UnitOfMeasurePrice>
      <AllowDiscount>1</AllowDiscount>
      <ItemStatus>1</ItemStatus>
      <ItemId>100967</ItemId>
    </Item>
    <Item>
      <PriceUpdateDate>2025-08-28 13:54:17</PriceUpdateDate>
      <ItemCode>7290102302253</ItemCode>
      <ItemType>1</ItemType>
      <ItemName>גבינת עזים חצי קשה ה</ItemName>
      <ManufacturerName>,</ManufacturerName>
      <ManufactureCountry>לא ידוע</ManufactureCountry>
      <ManufacturerItemDescription>גבינת עזים חצי קשה הנרי ויליך 200 גר</ManufacturerItemDescription>
      <UnitQty>גרמים</UnitQty>
      <Quantity>200.00</Quantity>
      <UnitOfMeasure>100 גרם</UnitOfMeasure>
      <bIsWeighted>0</bIsWeighted>
      <QtyInPackage>1</QtyInPackage>
      <ItemPrice>39.90</ItemPrice>
      <UnitOfMeasurePrice>19.9500</UnitOfMeasurePrice>
      <AllowDiscount>1</AllowDiscount>
      <ItemStatus>1</ItemStatus>
      <ItemId>100968</ItemId>
    </Item>
    <Item>
      <PriceUpdateDate>2025-09-11 10:00:48</PriceUpdateDate>
      <ItemCode>4850004384615</ItemCode>
      <ItemType>1</ItemType>
      <ItemName>שוקולד מריר פטל מארק</ItemName>
      <ManufacturerName>,</ManufacturerName>
      <ManufactureCountry>לא ידוע</ManufactureCountry>
      <ManufacturerItemDescription>שוקולד מריר פטל מארק 90 גר</ManufacturerItemDescription>
      <UnitQty>גרמים</UnitQty>
      <Quantity>90.00</Quantity>
      <UnitOfMeasure>100 גרם</UnitOfMeasure>
      <bIsWeighted>0</bIsWeighted>
      <QtyInPackage>15</QtyInPackage>
      <ItemPrice>15.90</ItemPrice>
      <UnitOfMeasurePrice>17.6667</UnitOfMeasurePrice>
      <AllowDiscount>1</AllowDiscount>
      <ItemStatus>1</ItemStatus>
      <ItemId>101157</ItemId>
    </Item>
    <Item>
      <PriceUpdateDate>2025-09-11 10:00:48</PriceUpdateDate>
      <ItemCode>4850004384578</ItemCode>
      <ItemType>1</ItemType>
      <ItemName>שוקולד מריר שקדים 54</ItemName>
      <ManufacturerName>,</ManufacturerName>
      <ManufactureCountry>לא ידוע</ManufactureCountry>
      <ManufacturerItemDescription>שוקולד מריר שקדים 54% מארק 90 גר</ManufacturerItemDescription>
      <UnitQty>גרמים</UnitQty>
      <Quantity>90.00</Quantity>
      <UnitOfMeasure>100 גרם</UnitOfMeasure>
      <bIsWeighted>0</bIsWeighted>
      <QtyInPackage>15</QtyInPackage>
      <ItemPrice>15.90</ItemPrice>
      <UnitOfMeasurePrice>17.6667</UnitOfMeasurePrice>
      <AllowDiscount>1</AllowDiscount>
      <ItemStatus>1</ItemStatus>
      <ItemId>101158</ItemId>
    </Item>
    <Item>
      <PriceUpdateDate>2025-09-11 10:00:48</PriceUpdateDate>
      <ItemCode>4850004384332</ItemCode>
      <ItemType>1</ItemType>
      <ItemName>שוקולד מריר פיסטוק ו</ItemName>
      <ManufacturerName>,</ManufacturerName>
      <ManufactureCountry>לא ידוע</ManufactureCountry>
      <ManufacturerItemDescription>שוקולד מריר פיסטוק וקפה 54% מארק 90 גר</ManufacturerItemDescription>
      <UnitQty>גרמים</UnitQty>
      <Quantity>90.00</Quantity>
      <UnitOfMeasure>100 גרם</UnitOfMeasure>
      <bIsWeighted>0</bIsWeighted>
      <QtyInPackage>15</QtyInPackage>
      <ItemPrice>15.90</ItemPrice>
      <UnitOfMeasurePrice>17.6667</UnitOfMeasurePrice>
      <AllowDiscount>1</AllowDiscount>
      <ItemStatus>1</ItemStatus>
      <ItemId>101159</ItemId>
    </Item>
    <Item>
      <PriceUpdateDate>2025-09-11 10:00:48</PriceUpdateDate>
      <ItemCode>4850004380174</ItemCode>
      <ItemType>1</ItemType>
      <ItemName>שוקולד חלב אגוזי לוז</ItemName>
      <ManufacturerName>,</ManufacturerName>
      <ManufactureCountry>לא ידוע</ManufactureCountry>
      <ManufacturerItemDescription>שוקולד חלב אגוזי לוז מארק 90 גר</ManufacturerItemDescription>
      <UnitQty>גרמים</UnitQty>
      <Quantity>90.00</Quantity>
      <UnitOfMeasure>100 גרם</UnitOfMeasure>
      <bIsWeighted>0</bIsWeighted>
      <QtyInPackage>15</QtyInPackage>
      <ItemPrice>15.90</ItemPrice>
      <UnitOfMeasurePrice>17.6667</UnitOfMeasurePrice>
      <AllowDiscount>1</AllowDiscount>
      <ItemStatus>1</ItemStatus>
      <ItemId>101160</ItemId>
    </Item>
    <Item>
      <PriceUpdateDate>2025-09-28 08:51:10</PriceUpdateDate>
      <ItemCode>4610274540155</ItemCode>
      <ItemType>1</ItemType>
      <ItemName>סוכריה בטעם דומדמניו</ItemName>
      <ManufacturerName>,</ManufacturerName>
      <ManufactureCountry>לא ידוע</ManufactureCountry>
      <ManufacturerItemDescription>סוכריה בטעם דומדמניות ללא סוכר 14 גר</ManufacturerItemDescription>
      <UnitQty>גרמים</UnitQty>
      <Quantity>14.00</Quantity>
      <UnitOfMeasure>100 גרם</UnitOfMeasure>
      <bIsWeighted>0</bIsWeighted>
      <QtyInPackage>1</QtyInPackage>
      <ItemPrice>6.90</ItemPrice>
      <UnitOfMeasurePrice>49.2857</UnitOfMeasurePrice>
      <AllowDiscount>1</AllowDiscount>
      <ItemStatus>1</ItemStatus>
      <ItemId>101178</ItemId>
    </Item>
    <Item>
      <PriceUpdateDate>2025-09-12 09:01:39</PriceUpdateDate>
      <ItemCode>5998922700083</ItemCode>
      <ItemType>1</ItemType>
      <ItemName>שימורי אפונה ירוקה ב</ItemName>
      <ManufacturerName>,</ManufacturerName>
      <ManufactureCountry>לא ידוע</ManufactureCountry>
      <ManufacturerItemDescription>שימורי אפונה ירוקה במי מלח 400 מל</ManufacturerItemDescription>
      <UnitQty>מיליליטרים</UnitQty>
      <Quantity>400.00</Quantity>
      <UnitOfMeasure>100 מ"ל</UnitOfMeasure>
      <bIsWeighted>0</bIsWeighted>
      <QtyInPackage>1</QtyInPackage>
      <ItemPrice>7.90</ItemPrice>
      <UnitOfMeasurePrice>1.9750</UnitOfMeasurePrice>
      <AllowDiscount>1</AllowDiscount>
      <ItemStatus>1</ItemStatus>
      <ItemId>101199</ItemId>
    </Item>
    <Item>
      <PriceUpdateDate>2025-09-12 09:01:39</PriceUpdateDate>
      <ItemCode>4605825005276</ItemCode>
      <ItemType>1</ItemType>
      <ItemName>ממרח ירקות עם חצילים</ItemName>
      <ManufacturerName>,</ManufacturerName>
      <ManufactureCountry>לא ידוע</ManufactureCountry>
      <ManufacturerItemDescription>ממרח ירקות עם חצילים 400 גר</ManufacturerItemDescription>
      <UnitQty>גרמים</UnitQty>
      <Quantity>400.00</Quantity>
      <UnitOfMeasure>100 גרם</UnitOfMeasure>
      <bIsWeighted>0</bIsWeighted>
      <QtyInPackage>1</QtyInPackage>
      <ItemPrice>10.90</ItemPrice>
      <UnitOfMeasurePrice>2.7250</UnitOfMeasurePrice>
      <AllowDiscount>1</AllowDiscount>
      <ItemStatus>1</ItemStatus>
      <ItemId>101201</ItemId>
    </Item>
    <Item>
      <PriceUpdateDate>2025-09-12 09:01:39</PriceUpdateDate>
      <ItemCode>4605825007171</ItemCode>
      <ItemType>1</ItemType>
      <ItemName>ממרח ירקות עם קישואי</ItemName>
      <ManufacturerName>,</ManufacturerName>
      <ManufactureCountry>לא ידוע</ManufactureCountry>
      <ManufacturerItemDescription>ממרח ירקות עם קישואים 385 גר</ManufacturerItemDescription>
      <UnitQty>גרמים</UnitQty>
      <Quantity>385.00</Quantity>
      <UnitOfMeasure>100 גרם</UnitOfMeasure>
      <bIsWeighted>0</bIsWeighted>
      <QtyInPackage>1</QtyInPackage>
      <ItemPrice>10.90</ItemPrice>
      <UnitOfMeasurePrice>2.8312</UnitOfMeasurePrice>
      <AllowDiscount>1</AllowDiscount>
      <ItemStatus>1</ItemStatus>
      <ItemId>101202</ItemId>
    </Item>
    <Item>
      <PriceUpdateDate>2025-09-12 09:01:39</PriceUpdateDate>
      <ItemCode>4605825006013</ItemCode>
      <ItemType>1</ItemType>
      <ItemName>רוטב חזרת 140 גר</ItemName>
      <ManufacturerName>,</ManufacturerName>
      <ManufactureCountry>לא ידוע</ManufactureCountry>
      <ManufacturerItemDescription>רוטב חזרת 140 גר</ManufacturerItemDescription>
      <UnitQty>גרמים</UnitQty>
      <Quantity>140.00</Quantity>
      <UnitOfMeasure>100 גרם</UnitOfMeasure>
      <bIsWeighted>0</bIsWeighted>
      <QtyInPackage>1</QtyInPackage>
      <ItemPrice>6.90</ItemPrice>
      <UnitOfMeasurePrice>4.9286</UnitOfMeasurePrice>
      <AllowDiscount>1</AllowDiscount>
      <ItemStatus>1</ItemStatus>
      <ItemId>101210</ItemId>
    </Item>
    <Item>
      <PriceUpdateDate>2025-09-12 09:02:15</PriceUpdateDate>
      <ItemCode>4820209114874</ItemCode>
      <ItemType>1</ItemType>
      <ItemName>משקה קל מוגז בליני 1</ItemName>
      <ManufacturerName>,</ManufacturerName>
      <ManufactureCountry>לא ידוע</ManufactureCountry>
      <ManufacturerItemDescription>משקה קל מוגז בליני 1 ל</ManufacturerItemDescription>
      <UnitQty>ליטרים</UnitQty>
      <Quantity>1.00</Quantity>
      <UnitOfMeasure>ליטר    </UnitOfMeasure>
      <bIsWeighted>0</bIsWeighted>
      <QtyInPackage>1</QtyInPackage>
      <ItemPrice>9.90</ItemPrice>
      <UnitOfMeasurePrice>9.9000</UnitOfMeasurePrice>
      <AllowDiscount>1</AllowDiscount>
      <ItemStatus>1</ItemStatus>
      <ItemId>101219</ItemId>
    </Item>
    <Item>
      <PriceUpdateDate>2025-09-15 16:32:16</PriceUpdateDate>
      <ItemCode>693493138680</ItemCode>
      <ItemType>1</ItemType>
      <ItemName>בשר כבוש ומיובש בילט</ItemName>
      <ManufacturerName>,</ManufacturerName>
      <ManufactureCountry>לא ידוע</ManufactureCountry>
      <ManufacturerItemDescription>בשר כבוש ומיובש בילטונג 60 גר</ManufacturerItemDescription>
      <UnitQty>גרמים</UnitQty>
      <Quantity>60.00</Quantity>
      <UnitOfMeasure>100 גרם</UnitOfMeasure>
      <bIsWeighted>0</bIsWeighted>
      <QtyInPackage>1</QtyInPackage>
      <ItemPrice>39.90</ItemPrice>
      <UnitOfMeasurePrice>66.5000</UnitOfMeasurePrice>
      <AllowDiscount>1</AllowDiscount>
      <ItemStatus>1</ItemStatus>
      <ItemId>101227</ItemId>
    </Item>
    <Item>
      <PriceUpdateDate>2025-09-15 16:32:17</PriceUpdateDate>
      <ItemCode>693493138635</ItemCode>
      <ItemType>1</ItemType>
      <ItemName>בשר בקר מיובש ביף גר</ItemName>
      <ManufacturerName>,</ManufacturerName>
      <ManufactureCountry>לא ידוע</ManufactureCountry>
      <ManufacturerItemDescription>בשר בקר מיובש ביף גרקי מעושן 60 גר</ManufacturerItemDescription>
      <UnitQty>גרמים</UnitQty>
      <Quantity>60.00</Quantity>
      <UnitOfMeasure>100 גרם</UnitOfMeasure>
      <bIsWeighted>0</bIsWeighted>
      <QtyInPackage>1</QtyInPackage>
      <ItemPrice>39.90</ItemPrice>
      <UnitOfMeasurePrice>66.5000</UnitOfMeasurePrice>
      <AllowDiscount>1</AllowDiscount>
      <ItemStatus>1</ItemStatus>
      <ItemId>101232</ItemId>
    </Item>
    <Item>
      <PriceUpdateDate>2025-09-15 16:32:17</PriceUpdateDate>
      <ItemCode>793150696536</ItemCode>
      <ItemType>1</ItemType>
      <ItemName>בשר בקר מיובש ביף גר</ItemName>
      <ManufacturerName>,</ManufacturerName>
      <ManufactureCountry>לא ידוע</ManufactureCountry>
      <ManufacturerItemDescription>בשר בקר מיובש ביף גרקי ברביקיו 60 גר</ManufacturerItemDescription>
      <UnitQty>גרמים</UnitQty>
      <Quantity>60.00</Quantity>
      <UnitOfMeasure>100 גרם</UnitOfMeasure>
      <bIsWeighted>0</bIsWeighted>
      <QtyInPackage>1</QtyInPackage>
      <ItemPrice>39.90</ItemPrice>
      <UnitOfMeasurePrice>66.5000</UnitOfMeasurePrice>
      <AllowDiscount>1</AllowDiscount>
      <ItemStatus>1</ItemStatus>
      <ItemId>101233</ItemId>
    </Item>
    <Item>
      <PriceUpdateDate>2025-09-17 13:30:16</PriceUpdateDate>
      <ItemCode>8002235033305</ItemCode>
      <ItemType>1</ItemType>
      <ItemName>יין מבעבע זונין לבן</ItemName>
      <ManufacturerName>,</ManufacturerName>
      <ManufactureCountry>לא ידוע</ManufactureCountry>
      <ManufacturerItemDescription>יין מבעבע זונין לבן יבש 750 מל+2 כוסות</ManufacturerItemDescription>
      <UnitQty>מיליליטרים</UnitQty>
      <Quantity>750.00</Quantity>
      <UnitOfMeasure>100 מ"ל</UnitOfMeasure>
      <bIsWeighted>0</bIsWeighted>
      <QtyInPackage>1</QtyInPackage>
      <ItemPrice>59.90</ItemPrice>
      <UnitOfMeasurePrice>7.9867</UnitOfMeasurePrice>
      <AllowDiscount>1</AllowDiscount>
      <ItemStatus>1</ItemStatus>
      <ItemId>101255</ItemId>
    </Item>
    <Item>
      <PriceUpdateDate>2025-09-22 14:30:52</PriceUpdateDate>
      <ItemCode>4810389006090</ItemCode>
      <ItemType>1</ItemType>
      <ItemName>רוטב לסלט רוזמרין או</ItemName>
      <ManufacturerName>,</ManufacturerName>
      <ManufactureCountry>לא ידוע</ManufactureCountry>
      <ManufacturerItemDescription>רוטב לסלט רוזמרין אורגנו בזיליקום 320 גר</ManufacturerItemDescription>
      <UnitQty>גרמים</UnitQty>
      <Quantity>320.00</Quantity>
      <UnitOfMeasure>100 גרם</UnitOfMeasure>
      <bIsWeighted>0</bIsWeighted>
      <QtyInPackage>1</QtyInPackage>
      <ItemPrice>13.90</ItemPrice>
      <UnitOfMeasurePrice>4.3438</UnitOfMeasurePrice>
      <AllowDiscount>1</AllowDiscount>
      <ItemStatus>1</ItemStatus>
      <ItemId>101312</ItemId>
    </Item>
    <Item>
      <PriceUpdateDate>2025-09-22 14:30:52</PriceUpdateDate>
      <ItemCode>4810389006106</ItemCode>
      <ItemType>1</ItemType>
      <ItemName>רוטב לסלט שום ירקות</ItemName>
      <ManufacturerName>,</ManufacturerName>
      <ManufactureCountry>לא ידוע</ManufactureCountry>
      <ManufacturerItemDescription>רוטב לסלט שום ירקות ופפריקה 320 גר</ManufacturerItemDescription>
      <UnitQty>גרמים</UnitQty>
      <Quantity>320.00</Quantity>
      <UnitOfMeasure>100 גרם</UnitOfMeasure>
      <bIsWeighted>0</bIsWeighted>
      <QtyInPackage>1</QtyInPackage>
      <ItemPrice>13.90</ItemPrice>
      <UnitOfMeasurePrice>4.3438</UnitOfMeasurePrice>
      <AllowDiscount>1</AllowDiscount>
      <ItemStatus>1</ItemStatus>
      <ItemId>101313</ItemId>
    </Item>
    <Item>
      <PriceUpdateDate>2025-09-22 14:30:52</PriceUpdateDate>
      <ItemCode>4810389006885</ItemCode>
      <ItemType>1</ItemType>
      <ItemName>רוטב לסלט חרדל צרפתי</ItemName>
      <ManufacturerName>,</ManufacturerName>
      <ManufactureCountry>לא ידוע</ManufactureCountry>
      <ManufacturerItemDescription>רוטב לסלט חרדל צרפתי ולימון  320 גר</ManufacturerItemDescription>
      <UnitQty>גרמים</UnitQty>
      <Quantity>320.00</Quantity>
      <UnitOfMeasure>100 גרם</UnitOfMeasure>
      <bIsWeighted>0</bIsWeighted>
      <QtyInPackage>1</QtyInPackage>
      <ItemPrice>13.90</ItemPrice>
      <UnitOfMeasurePrice>4.3438</UnitOfMeasurePrice>
      <AllowDiscount>1</AllowDiscount>
      <ItemStatus>1</ItemStatus>
      <ItemId>101314</ItemId>
    </Item>
    <Item>
      <PriceUpdateDate>2025-10-08 18:50:59</PriceUpdateDate>
      <ItemCode>25120905194</ItemCode>
      <ItemType>1</ItemType>
      <ItemName>ספל נוביי גוד</ItemName>
      <ManufacturerName>,</ManufacturerName>
      <ManufactureCountry>לא ידוע</ManufactureCountry>
      <ManufacturerItemDescription>ספל נוביי גוד</ManufacturerItemDescription>
      <UnitQty>Unknown </UnitQty>
      <Quantity>0.00</Quantity>
      <UnitOfMeasure>Unknown </UnitOfMeasure>
      <bIsWeighted>0</bIsWeighted>
      <QtyInPackage>1</QtyInPackage>
      <ItemPrice>49.90</ItemPrice>
      <UnitOfMeasurePrice>0.0000</UnitOfMeasurePrice>
      <AllowDiscount>1</AllowDiscount>
      <ItemStatus>1</ItemStatus>
      <ItemId>101499</ItemId>
    </Item>
    <Item>
      <PriceUpdateDate>2025-10-08 18:51:00</PriceUpdateDate>
      <ItemCode>6000202502245</ItemCode>
      <ItemType>1</ItemType>
      <ItemName>בובת פיה 45 סמ</ItemName>
      <ManufacturerName>,</ManufacturerName>
      <ManufactureCountry>לא ידוע</ManufactureCountry>
      <ManufacturerItemDescription>בובת פיה 45 סמ</ManufacturerItemDescription>
      <UnitQty>Unknown </UnitQty>
      <Quantity>0.00</Quantity>
      <UnitOfMeasure>Unknown </UnitOfMeasure>
      <bIsWeighted>0</bIsWeighted>
      <QtyInPackage>1</QtyInPackage>
      <ItemPrice>79.90</ItemPrice>
      <UnitOfMeasurePrice>0.0000</UnitOfMeasurePrice>
      <AllowDiscount>1</AllowDiscount>
      <ItemStatus>1</ItemStatus>
      <ItemId>101528</ItemId>
    </Item>
    <Item>
      <PriceUpdateDate>2025-10-08 18:51:04</PriceUpdateDate>
      <ItemCode>6902591550040</ItemCode>
      <ItemType>1</ItemType>
      <ItemName>בובת פיה לעץ אשוח</ItemName>
      <ManufacturerName>,</ManufacturerName>
      <ManufactureCountry>לא ידוע</ManufactureCountry>
      <ManufacturerItemDescription>בובת פיה לעץ אשוח</ManufacturerItemDescription>
      <UnitQty>Unknown </UnitQty>
      <Quantity>1.00</Quantity>
      <UnitOfMeasure>Unknown </UnitOfMeasure>
      <bIsWeighted>0</bIsWeighted>
      <QtyInPackage>1</QtyInPackage>
      <ItemPrice>14.90</ItemPrice>
      <UnitOfMeasurePrice>14.9000</UnitOfMeasurePrice>
      <AllowDiscount>1</AllowDiscount>
      <ItemStatus>1</ItemStatus>
      <ItemId>101614</ItemId>
    </Item>
    <Item>
      <PriceUpdateDate>2025-10-08 18:51:04</PriceUpdateDate>
      <ItemCode>6902591550042</ItemCode>
      <ItemType>1</ItemType>
      <ItemName>בובת פיה לעץ אשוח</ItemName>
      <ManufacturerName>,</ManufacturerName>
      <ManufactureCountry>לא ידוע</ManufactureCountry>
      <ManufacturerItemDescription>בובת פיה לעץ אשוח</ManufacturerItemDescription>
      <UnitQty>Unknown </UnitQty>
      <Quantity>1.00</Quantity>
      <UnitOfMeasure>Unknown </UnitOfMeasure>
      <bIsWeighted>0</bIsWeighted>
      <QtyInPackage>1</QtyInPackage>
      <ItemPrice>14.90</ItemPrice>
      <UnitOfMeasurePrice>14.9000</UnitOfMeasurePrice>
      <AllowDiscount>1</AllowDiscount>
      <ItemStatus>1</ItemStatus>
      <ItemId>101616</ItemId>
    </Item>
    <Item>
      <PriceUpdateDate>2025-10-08 18:51:04</PriceUpdateDate>
      <ItemCode>6904420254675</ItemCode>
      <ItemType>1</ItemType>
      <ItemName>כדור שלג נוביי גוד</ItemName>
      <ManufacturerName>,</ManufacturerName>
      <ManufactureCountry>לא ידוע</ManufactureCountry>
      <ManufacturerItemDescription>כדור שלג נוביי גוד</ManufacturerItemDescription>
      <UnitQty>Unknown </UnitQty>
      <Quantity>1.00</Quantity>
      <UnitOfMeasure>Unknown </UnitOfMeasure>
      <bIsWeighted>0</bIsWeighted>
      <QtyInPackage>1</QtyInPackage>
      <ItemPrice>69.90</ItemPrice>
      <UnitOfMeasurePrice>69.9000</UnitOfMeasurePrice>
      <AllowDiscount>1</AllowDiscount>
      <ItemStatus>1</ItemStatus>
      <ItemId>101628</ItemId>
    </Item>
    <Item>
      <PriceUpdateDate>2025-10-08 18:51:04</PriceUpdateDate>
      <ItemCode>6904420254705</ItemCode>
      <ItemType>1</ItemType>
      <ItemName>כדור שלג נוביי גוד</ItemName>
      <ManufacturerName>,</ManufacturerName>
      <ManufactureCountry>לא ידוע</ManufactureCountry>
      <ManufacturerItemDescription>כדור שלג נוביי גוד</ManufacturerItemDescription>
      <UnitQty>Unknown </UnitQty>
      <Quantity>1.00</Quantity>
      <UnitOfMeasure>Unknown </UnitOfMeasure>
      <bIsWeighted>0</bIsWeighted>
      <QtyInPackage>1</QtyInPackage>
      <ItemPrice>69.90</ItemPrice>
      <UnitOfMeasurePrice>69.9000</UnitOfMeasurePrice>
      <AllowDiscount>1</AllowDiscount>
      <ItemStatus>1</ItemStatus>
      <ItemId>101631</ItemId>
    </Item>
    <Item>
      <PriceUpdateDate>2025-10-08 18:51:05</PriceUpdateDate>
      <ItemCode>6909892025044</ItemCode>
      <ItemType>1</ItemType>
      <ItemName>בובה פרוותית</ItemName>
      <ManufacturerName>,</ManufacturerName>
      <ManufactureCountry>לא ידוע</ManufactureCountry>
      <ManufacturerItemDescription>בובה פרוותית</ManufacturerItemDescription>
      <UnitQty>Unknown </UnitQty>
      <Quantity>1.00</Quantity>
      <UnitOfMeasure>Unknown </UnitOfMeasure>
      <bIsWeighted>0</bIsWeighted>
      <QtyInPackage>1</QtyInPackage>
      <ItemPrice>39.90</ItemPrice>
      <UnitOfMeasurePrice>39.9000</UnitOfMeasurePrice>
      <AllowDiscount>1</AllowDiscount>
      <ItemStatus>1</ItemStatus>
      <ItemId>101645</ItemId>
    </Item>
    <Item>
      <PriceUpdateDate>2025-10-08 18:51:07</PriceUpdateDate>
      <ItemCode>6920220726013</ItemCode>
      <ItemType>1</ItemType>
      <ItemName>בובת ליצן חצר\ גוקר</ItemName>
      <ManufacturerName>,</ManufacturerName>
      <ManufactureCountry>לא ידוע</ManufactureCountry>
      <ManufacturerItemDescription>בובת ליצן חצר\ גוקר</ManufacturerItemDescription>
      <UnitQty>Unknown </UnitQty>
      <Quantity>1.00</Quantity>
      <UnitOfMeasure>Unknown </UnitOfMeasure>
      <bIsWeighted>0</bIsWeighted>
      <QtyInPackage>1</QtyInPackage>
      <ItemPrice>129.90</ItemPrice>
      <UnitOfMeasurePrice>129.9000</UnitOfMeasurePrice>
      <AllowDiscount>1</AllowDiscount>
      <ItemStatus>1</ItemStatus>
      <ItemId>101701</ItemId>
    </Item>
    <Item>
      <PriceUpdateDate>2025-10-08 18:51:12</PriceUpdateDate>
      <ItemCode>6944120252717</ItemCode>
      <ItemType>1</ItemType>
      <ItemName>כובע נוביי גוד</ItemName>
      <ManufacturerName>,</ManufacturerName>
      <ManufactureCountry>לא ידוע</ManufactureCountry>
      <ManufacturerItemDescription>כובע נוביי גוד</ManufacturerItemDescription>
      <UnitQty>Unknown </UnitQty>
      <Quantity>1.00</Quantity>
      <UnitOfMeasure>Unknown </UnitOfMeasure>
      <bIsWeighted>0</bIsWeighted>
      <QtyInPackage>1</QtyInPackage>
      <ItemPrice>19.90</ItemPrice>
      <UnitOfMeasurePrice>19.9000</UnitOfMeasurePrice>
      <AllowDiscount>1</AllowDiscount>
      <ItemStatus>1</ItemStatus>
      <ItemId>101802</ItemId>
    </Item>
    <Item>
      <PriceUpdateDate>2025-10-08 18:51:12</PriceUpdateDate>
      <ItemCode>6944120252762</ItemCode>
      <ItemType>1</ItemType>
      <ItemName>כובע נוביי גוד</ItemName>
      <ManufacturerName>,</ManufacturerName>
      <ManufactureCountry>לא ידוע</ManufactureCountry>
      <ManufacturerItemDescription>כובע נוביי גוד</ManufacturerItemDescription>
      <UnitQty>Unknown </UnitQty>
      <Quantity>1.00</Quantity>
      <UnitOfMeasure>Unknown </UnitOfMeasure>
      <bIsWeighted>0</bIsWeighted>
      <QtyInPackage>1</QtyInPackage>
      <ItemPrice>14.90</ItemPrice>
      <UnitOfMeasurePrice>14.9000</UnitOfMeasurePrice>
      <AllowDiscount>1</AllowDiscount>
      <ItemStatus>1</ItemStatus>
      <ItemId>101806</ItemId>
    </Item>
    <Item>
      <PriceUpdateDate>2025-10-08 18:51:12</PriceUpdateDate>
      <ItemCode>6944120252861</ItemCode>
      <ItemType>1</ItemType>
      <ItemName>קשת לשיער נוביי גוד</ItemName>
      <ManufacturerName>,</ManufacturerName>
      <ManufactureCountry>לא ידוע</ManufactureCountry>
      <ManufacturerItemDescription>קשת לשיער נוביי גוד</ManufacturerItemDescription>
      <UnitQty>Unknown </UnitQty>
      <Quantity>1.00</Quantity>
      <UnitOfMeasure>Unknown </UnitOfMeasure>
      <bIsWeighted>0</bIsWeighted>
      <QtyInPackage>1</QtyInPackage>
      <ItemPrice>14.90</ItemPrice>
      <UnitOfMeasurePrice>14.9000</UnitOfMeasurePrice>
      <AllowDiscount>1</AllowDiscount>
      <ItemStatus>1</ItemStatus>
      <ItemId>101808</ItemId>
    </Item>
    <Item>
      <PriceUpdateDate>2025-10-08 18:51:12</PriceUpdateDate>
      <ItemCode>6944120252946</ItemCode>
      <ItemType>1</ItemType>
      <ItemName>קשת לשיער נוביי גוד</ItemName>
      <ManufacturerName>,</ManufacturerName>
      <ManufactureCountry>לא ידוע</ManufactureCountry>
      <ManufacturerItemDescription>קשת לשיער נוביי גוד</ManufacturerItemDescription>
      <UnitQty>Unknown </UnitQty>
      <Quantity>1.00</Quantity>
      <UnitOfMeasure>Unknown </UnitOfMeasure>
      <bIsWeighted>0</bIsWeighted>
      <QtyInPackage>1</QtyInPackage>
      <ItemPrice>9.90</ItemPrice>
      <UnitOfMeasurePrice>9.9000</UnitOfMeasurePrice>
      <AllowDiscount>1</AllowDiscount>
      <ItemStatus>1</ItemStatus>
      <ItemId>101809</ItemId>
    </Item>
    <Item>
      <PriceUpdateDate>2025-10-08 18:51:12</PriceUpdateDate>
      <ItemCode>6944120252991</ItemCode>
      <ItemType>1</ItemType>
      <ItemName>בובת פיה 23 סמ</ItemName>
      <ManufacturerName>,</ManufacturerName>
      <ManufactureCountry>לא ידוע</ManufactureCountry>
      <ManufacturerItemDescription>בובת פיה 23 סמ</ManufacturerItemDescription>
      <UnitQty>Unknown </UnitQty>
      <Quantity>1.00</Quantity>
      <UnitOfMeasure>Unknown </UnitOfMeasure>
      <bIsWeighted>0</bIsWeighted>
      <QtyInPackage>1</QtyInPackage>
      <ItemPrice>14.90</ItemPrice>
      <UnitOfMeasurePrice>14.9000</UnitOfMeasurePrice>
      <AllowDiscount>1</AllowDiscount>
      <ItemStatus>1</ItemStatus>
      <ItemId>101814</ItemId>
    </Item>
    <Item>
      <PriceUpdateDate>2025-10-08 18:51:13</PriceUpdateDate>
      <ItemCode>6945120252837</ItemCode>
      <ItemType>1</ItemType>
      <ItemName>משקפי נוביי גוד</ItemName>
      <ManufacturerName>,</ManufacturerName>
      <ManufactureCountry>לא ידוע</ManufactureCountry>
      <ManufacturerItemDescription>משקפי נוביי גוד</ManufacturerItemDescription>
      <UnitQty>Unknown </UnitQty>
      <Quantity>1.00</Quantity>
      <UnitOfMeasure>Unknown </UnitOfMeasure>
      <bIsWeighted>0</bIsWeighted>
      <QtyInPackage>1</QtyInPackage>
      <ItemPrice>9.90</ItemPrice>
      <UnitOfMeasurePrice>9.9000</UnitOfMeasurePrice>
      <AllowDiscount>1</AllowDiscount>
      <ItemStatus>1</ItemStatus>
      <ItemId>101821</ItemId>
    </Item>
    <Item>
      <PriceUpdateDate>2025-10-08 18:51:13</PriceUpdateDate>
      <ItemCode>6945120252844</ItemCode>
      <ItemType>1</ItemType>
      <ItemName>משקפי נוביי גוד</ItemName>
      <ManufacturerName>,</ManufacturerName>
      <ManufactureCountry>לא ידוע</ManufactureCountry>
      <ManufacturerItemDescription>משקפי נוביי גוד</ManufacturerItemDescription>
      <UnitQty>Unknown </UnitQty>
      <Quantity>1.00</Quantity>
      <UnitOfMeasure>Unknown </UnitOfMeasure>
      <bIsWeighted>0</bIsWeighted>
      <QtyInPackage>1</QtyInPackage>
      <ItemPrice>9.90</ItemPrice>
      <UnitOfMeasurePrice>9.9000</UnitOfMeasurePrice>
      <AllowDiscount>1</AllowDiscount>
      <ItemStatus>1</ItemStatus>
      <ItemId>101822</ItemId>
    </Item>
    <Item>
      <PriceUpdateDate>2025-10-08 18:51:13</PriceUpdateDate>
      <ItemCode>6945120252851</ItemCode>
      <ItemType>1</ItemType>
      <ItemName>משקפי נוביי גוד</ItemName>
      <ManufacturerName>,</ManufacturerName>
      <ManufactureCountry>לא ידוע</ManufactureCountry>
      <ManufacturerItemDescription>משקפי נוביי גוד</ManufacturerItemDescription>
      <UnitQty>Unknown </UnitQty>
      <Quantity>1.00</Quantity>
      <UnitOfMeasure>Unknown </UnitOfMeasure>
      <bIsWeighted>0</bIsWeighted>
      <QtyInPackage>1</QtyInPackage>
      <ItemPrice>9.90</ItemPrice>
      <UnitOfMeasurePrice>9.9000</UnitOfMeasurePrice>
      <AllowDiscount>1</AllowDiscount>
      <ItemStatus>1</ItemStatus>
      <ItemId>101823</ItemId>
    </Item>
    <Item>
      <PriceUpdateDate>2025-10-08 18:51:13</PriceUpdateDate>
      <ItemCode>6945120252875</ItemCode>
      <ItemType>1</ItemType>
      <ItemName>קשת לשיער נוביי גוד</ItemName>
      <ManufacturerName>,</ManufacturerName>
      <ManufactureCountry>לא ידוע</ManufactureCountry>
      <ManufacturerItemDescription>קשת לשיער נוביי גוד</ManufacturerItemDescription>
      <UnitQty>Unknown </UnitQty>
      <Quantity>1.00</Quantity>
      <UnitOfMeasure>Unknown </UnitOfMeasure>
      <bIsWeighted>0</bIsWeighted>
      <QtyInPackage>1</QtyInPackage>
      <ItemPrice>9.90</ItemPrice>
      <UnitOfMeasurePrice>9.9000</UnitOfMeasurePrice>
      <AllowDiscount>1</AllowDiscount>
      <ItemStatus>1</ItemStatus>
      <ItemId>101824</ItemId>
    </Item>
    <Item>
      <PriceUpdateDate>2025-10-08 18:51:13</PriceUpdateDate>
      <ItemCode>6945120252936</ItemCode>
      <ItemType>1</ItemType>
      <ItemName>קשת לשיער נוביי גוד</ItemName>
      <ManufacturerName>,</ManufacturerName>
      <ManufactureCountry>לא ידוע</ManufactureCountry>
      <ManufacturerItemDescription>קשת לשיער נוביי גוד</ManufacturerItemDescription>
      <UnitQty>Unknown </UnitQty>
      <Quantity>1.00</Quantity>
      <UnitOfMeasure>Unknown </UnitOfMeasure>
      <bIsWeighted>0</bIsWeighted>
      <QtyInPackage>1</QtyInPackage>
      <ItemPrice>9.90</ItemPrice>
      <UnitOfMeasurePrice>9.9000</UnitOfMeasurePrice>
      <AllowDiscount>1</AllowDiscount>
      <ItemStatus>1</ItemStatus>
      <ItemId>101829</ItemId>
    </Item>
    <Item>
      <PriceUpdateDate>2025-10-08 18:51:14</PriceUpdateDate>
      <ItemCode>6956702540099</ItemCode>
      <ItemType>1</ItemType>
      <ItemName>אריזת מתנה XL לנוביי</ItemName>
      <ManufacturerName>,</ManufacturerName>
      <ManufactureCountry>לא ידוע</ManufactureCountry>
      <ManufacturerItemDescription>אריזת מתנה XL לנוביי</ManufacturerItemDescription>
      <UnitQty>Unknown </UnitQty>
      <Quantity>1.00</Quantity>
      <UnitOfMeasure>Unknown </UnitOfMeasure>
      <bIsWeighted>0</bIsWeighted>
      <QtyInPackage>1</QtyInPackage>
      <ItemPrice>9.90</ItemPrice>
      <UnitOfMeasurePrice>9.9000</UnitOfMeasurePrice>
      <AllowDiscount>1</AllowDiscount>
      <ItemStatus>1</ItemStatus>
      <ItemId>101867</ItemId>
    </Item>
    <Item>
      <PriceUpdateDate>2025-10-08 18:51:15</PriceUpdateDate>
      <ItemCode>6956702548958</ItemCode>
      <ItemType>1</ItemType>
      <ItemName>אריזת מתנה M לנוביי</ItemName>
      <ManufacturerName>,</ManufacturerName>
      <ManufactureCountry>לא ידוע</ManufactureCountry>
      <ManufacturerItemDescription>אריזת מתנה M לנוביי</ManufacturerItemDescription>
      <UnitQty>Unknown </UnitQty>
      <Quantity>1.00</Quantity>
      <UnitOfMeasure>Unknown </UnitOfMeasure>
      <bIsWeighted>0</bIsWeighted>
      <QtyInPackage>1</QtyInPackage>
      <ItemPrice>5.90</ItemPrice>
      <UnitOfMeasurePrice>5.9000</UnitOfMeasurePrice>
      <AllowDiscount>1</AllowDiscount>
      <ItemStatus>1</ItemStatus>
      <ItemId>101892</ItemId>
    </Item>
    <Item>
      <PriceUpdateDate>2025-10-08 18:51:15</PriceUpdateDate>
      <ItemCode>6956702549115</ItemCode>
      <ItemType>1</ItemType>
      <ItemName>קופסת מתנה M  נוביי</ItemName>
      <ManufacturerName>,</ManufacturerName>
      <ManufactureCountry>לא ידוע</ManufactureCountry>
      <ManufacturerItemDescription>קופסת מתנה M  נוביי</ManufacturerItemDescription>
      <UnitQty>Unknown </UnitQty>
      <Quantity>1.00</Quantity>
      <UnitOfMeasure>Unknown </UnitOfMeasure>
      <bIsWeighted>0</bIsWeighted>
      <QtyInPackage>1</QtyInPackage>
      <ItemPrice>6.90</ItemPrice>
      <UnitOfMeasurePrice>6.9000</UnitOfMeasurePrice>
      <AllowDiscount>1</AllowDiscount>
      <ItemStatus>1</ItemStatus>
      <ItemId>101896</ItemId>
    </Item>
    <Item>
      <PriceUpdateDate>2025-10-08 18:51:16</PriceUpdateDate>
      <ItemCode>6974020253286</ItemCode>
      <ItemType>1</ItemType>
      <ItemName>בובת אי שלג</ItemName>
      <ManufacturerName>,</ManufacturerName>
      <ManufactureCountry>לא ידוע</ManufactureCountry>
      <ManufacturerItemDescription>בובת אי שלג</ManufacturerItemDescription>
      <UnitQty>Unknown </UnitQty>
      <Quantity>1.00</Quantity>
      <UnitOfMeasure>Unknown </UnitOfMeasure>
      <bIsWeighted>0</bIsWeighted>
      <QtyInPackage>1</QtyInPackage>
      <ItemPrice>19.90</ItemPrice>
      <UnitOfMeasurePrice>19.9000</UnitOfMeasurePrice>
      <AllowDiscount>1</AllowDiscount>
      <ItemStatus>1</ItemStatus>
      <ItemId>101923</ItemId>
    </Item>
    <Item>
      <PriceUpdateDate>2025-10-08 18:51:16</PriceUpdateDate>
      <ItemCode>6974020253293</ItemCode>
      <ItemType>1</ItemType>
      <ItemName>בובת אי שלג</ItemName>
      <ManufacturerName>,</ManufacturerName>
      <ManufactureCountry>לא ידוע</ManufactureCountry>
      <ManufacturerItemDescription>בובת אי שלג</ManufacturerItemDescription>
      <UnitQty>Unknown </UnitQty>
      <Quantity>1.00</Quantity>
      <UnitOfMeasure>Unknown </UnitOfMeasure>
      <bIsWeighted>0</bIsWeighted>
      <QtyInPackage>1</QtyInPackage>
      <ItemPrice>39.90</ItemPrice>
      <UnitOfMeasurePrice>39.9000</UnitOfMeasurePrice>
      <AllowDiscount>1</AllowDiscount>
      <ItemStatus>1</ItemStatus>
      <ItemId>101924</ItemId>
    </Item>
    <Item>
      <PriceUpdateDate>2025-10-08 18:51:16</PriceUpdateDate>
      <ItemCode>6974020253309</ItemCode>
      <ItemType>1</ItemType>
      <ItemName>בובת אי שלג</ItemName>
      <ManufacturerName>,</ManufacturerName>
      <ManufactureCountry>לא ידוע</ManufactureCountry>
      <ManufacturerItemDescription>בובת אי שלג</ManufacturerItemDescription>
      <UnitQty>Unknown </UnitQty>
      <Quantity>1.00</Quantity>
      <UnitOfMeasure>Unknown </UnitOfMeasure>
      <bIsWeighted>0</bIsWeighted>
      <QtyInPackage>1</QtyInPackage>
      <ItemPrice>19.90</ItemPrice>
      <UnitOfMeasurePrice>19.9000</UnitOfMeasurePrice>
      <AllowDiscount>1</AllowDiscount>
      <ItemStatus>1</ItemStatus>
      <ItemId>101925</ItemId>
    </Item>
    <Item>
      <PriceUpdateDate>2025-10-08 18:51:16</PriceUpdateDate>
      <ItemCode>6974020253316</ItemCode>
      <ItemType>1</ItemType>
      <ItemName>בובת אי שלג</ItemName>
      <ManufacturerName>,</ManufacturerName>
      <ManufactureCountry>לא ידוע</ManufactureCountry>
      <ManufacturerItemDescription>בובת אי שלג</ManufacturerItemDescription>
      <UnitQty>Unknown </UnitQty>
      <Quantity>1.00</Quantity>
      <UnitOfMeasure>Unknown </UnitOfMeasure>
      <bIsWeighted>0</bIsWeighted>
      <QtyInPackage>1</QtyInPackage>
      <ItemPrice>29.90</ItemPrice>
      <UnitOfMeasurePrice>29.9000</UnitOfMeasurePrice>
      <AllowDiscount>1</AllowDiscount>
      <ItemStatus>1</ItemStatus>
      <ItemId>101926</ItemId>
    </Item>
    <Item>
      <PriceUpdateDate>2025-10-08 18:51:16</PriceUpdateDate>
      <ItemCode>6974020253347</ItemCode>
      <ItemType>1</ItemType>
      <ItemName>בובת אי שלג</ItemName>
      <ManufacturerName>,</ManufacturerName>
      <ManufactureCountry>לא ידוע</ManufactureCountry>
      <ManufacturerItemDescription>בובת אי שלג</ManufacturerItemDescription>
      <UnitQty>Unknown </UnitQty>
      <Quantity>1.00</Quantity>
      <UnitOfMeasure>Unknown </UnitOfMeasure>
      <bIsWeighted>0</bIsWeighted>
      <QtyInPackage>1</QtyInPackage>
      <ItemPrice>39.90</ItemPrice>
      <UnitOfMeasurePrice>39.9000</UnitOfMeasurePrice>
      <AllowDiscount>1</AllowDiscount>
      <ItemStatus>1</ItemStatus>
      <ItemId>101929</ItemId>
    </Item>
    <Item>
      <PriceUpdateDate>2025-10-08 18:51:18</PriceUpdateDate>
      <ItemCode>6985649474242</ItemCode>
      <ItemType>1</ItemType>
      <ItemName>נורות 10 מ</ItemName>
      <ManufacturerName>,</ManufacturerName>
      <ManufactureCountry>לא ידוע</ManufactureCountry>
      <ManufacturerItemDescription>נורות 10 מ</ManufacturerItemDescription>
      <UnitQty>Unknown </UnitQty>
      <Quantity>1.00</Quantity>
      <UnitOfMeasure>Unknown </UnitOfMeasure>
      <bIsWeighted>0</bIsWeighted>
      <QtyInPackage>1</QtyInPackage>
      <ItemPrice>19.90</ItemPrice>
      <UnitOfMeasurePrice>19.9000</UnitOfMeasurePrice>
      <AllowDiscount>1</AllowDiscount>
      <ItemStatus>1</ItemStatus>
      <ItemId>101971</ItemId>
    </Item>
    <Item>
      <PriceUpdateDate>2025-10-08 18:51:24</PriceUpdateDate>
      <ItemCode>6992320250330</ItemCode>
      <ItemType>1</ItemType>
      <ItemName>מארז 6 כדורים לעץ נו</ItemName>
      <ManufacturerName>,</ManufacturerName>
      <ManufactureCountry>לא ידוע</ManufactureCountry>
      <ManufacturerItemDescription>מארז 6 כדורים לעץ נו</ManufacturerItemDescription>
      <UnitQty>Unknown </UnitQty>
      <Quantity>1.00</Quantity>
      <UnitOfMeasure>Unknown </UnitOfMeasure>
      <bIsWeighted>0</bIsWeighted>
      <QtyInPackage>1</QtyInPackage>
      <ItemPrice>39.90</ItemPrice>
      <UnitOfMeasurePrice>39.9000</UnitOfMeasurePrice>
      <AllowDiscount>1</AllowDiscount>
      <ItemStatus>1</ItemStatus>
      <ItemId>102126</ItemId>
    </Item>
    <Item>
      <PriceUpdateDate>2025-10-08 18:51:25</PriceUpdateDate>
      <ItemCode>6993572025462</ItemCode>
      <ItemType>1</ItemType>
      <ItemName>ראש עץ 14 סמ</ItemName>
      <ManufacturerName>,</ManufacturerName>
      <ManufactureCountry>לא ידוע</ManufactureCountry>
      <ManufacturerItemDescription>ראש עץ 14 סמ</ManufacturerItemDescription>
      <UnitQty>Unknown </UnitQty>
      <Quantity>1.00</Quantity>
      <UnitOfMeasure>Unknown </UnitOfMeasure>
      <bIsWeighted>0</bIsWeighted>
      <QtyInPackage>1</QtyInPackage>
      <ItemPrice>19.90</ItemPrice>
      <UnitOfMeasurePrice>19.9000</UnitOfMeasurePrice>
      <AllowDiscount>1</AllowDiscount>
      <ItemStatus>1</ItemStatus>
      <ItemId>102132</ItemId>
    </Item>
    <Item>
      <PriceUpdateDate>2025-10-08 18:51:25</PriceUpdateDate>
      <ItemCode>6993572025509</ItemCode>
      <ItemType>1</ItemType>
      <ItemName>איש שלג זוהר 23 סמ</ItemName>
      <ManufacturerName>,</ManufacturerName>
      <ManufactureCountry>לא ידוע</ManufactureCountry>
      <ManufacturerItemDescription>איש שלג זוהר 23 סמ</ManufacturerItemDescription>
      <UnitQty>Unknown </UnitQty>
      <Quantity>1.00</Quantity>
      <UnitOfMeasure>Unknown </UnitOfMeasure>
      <bIsWeighted>0</bIsWeighted>
      <QtyInPackage>1</QtyInPackage>
      <ItemPrice>13.90</ItemPrice>
      <UnitOfMeasurePrice>13.9000</UnitOfMeasurePrice>
      <AllowDiscount>1</AllowDiscount>
      <ItemStatus>1</ItemStatus>
      <ItemId>102134</ItemId>
    </Item>
    <Item>
      <PriceUpdateDate>2025-10-08 18:51:25</PriceUpdateDate>
      <ItemCode>6993572025639</ItemCode>
      <ItemType>1</ItemType>
      <ItemName>עץ אשוח שולחני 35 סמ</ItemName>
      <ManufacturerName>,</ManufacturerName>
      <ManufactureCountry>לא ידוע</ManufactureCountry>
      <ManufacturerItemDescription>עץ אשוח שולחני 35 סמ</ManufacturerItemDescription>
      <UnitQty>Unknown </UnitQty>
      <Quantity>1.00</Quantity>
      <UnitOfMeasure>Unknown </UnitOfMeasure>
      <bIsWeighted>0</bIsWeighted>
      <QtyInPackage>1</QtyInPackage>
      <ItemPrice>59.90</ItemPrice>
      <UnitOfMeasurePrice>59.9000</UnitOfMeasurePrice>
      <AllowDiscount>1</AllowDiscount>
      <ItemStatus>1</ItemStatus>
      <ItemId>102144</ItemId>
    </Item>
    <Item>
      <PriceUpdateDate>2025-10-08 18:51:25</PriceUpdateDate>
      <ItemCode>6993572025707</ItemCode>
      <ItemType>1</ItemType>
      <ItemName>פמוט נוביי גוד</ItemName>
      <ManufacturerName>,</ManufacturerName>
      <ManufactureCountry>לא ידוע</ManufactureCountry>
      <ManufacturerItemDescription>פמוט נוביי גוד</ManufacturerItemDescription>
      <UnitQty>Unknown </UnitQty>
      <Quantity>1.00</Quantity>
      <UnitOfMeasure>Unknown </UnitOfMeasure>
      <bIsWeighted>0</bIsWeighted>
      <QtyInPackage>1</QtyInPackage>
      <ItemPrice>24.90</ItemPrice>
      <UnitOfMeasurePrice>24.9000</UnitOfMeasurePrice>
      <AllowDiscount>1</AllowDiscount>
      <ItemStatus>1</ItemStatus>
      <ItemId>102150</ItemId>
    </Item>
    <Item>
      <PriceUpdateDate>2025-10-08 18:51:25</PriceUpdateDate>
      <ItemCode>6993572025738</ItemCode>
      <ItemType>1</ItemType>
      <ItemName>בובת מלאך לעץ 15 סמ</ItemName>
      <ManufacturerName>,</ManufacturerName>
      <ManufactureCountry>לא ידוע</ManufactureCountry>
      <ManufacturerItemDescription>בובת מלאך לעץ 15 סמ</ManufacturerItemDescription>
      <UnitQty>Unknown </UnitQty>
      <Quantity>1.00</Quantity>
      <UnitOfMeasure>Unknown </UnitOfMeasure>
      <bIsWeighted>0</bIsWeighted>
      <QtyInPackage>1</QtyInPackage>
      <ItemPrice>12.90</ItemPrice>
      <UnitOfMeasurePrice>12.9000</UnitOfMeasurePrice>
      <AllowDiscount>1</AllowDiscount>
      <ItemStatus>1</ItemStatus>
      <ItemId>102153</ItemId>
    </Item>
    <Item>
      <PriceUpdateDate>2025-10-08 18:51:26</PriceUpdateDate>
      <ItemCode>6993572025479</ItemCode>
      <ItemType>1</ItemType>
      <ItemName>ראש עץ 13.5 סמ</ItemName>
      <ManufacturerName>,</ManufacturerName>
      <ManufactureCountry>לא ידוע</ManufactureCountry>
      <ManufacturerItemDescription>ראש עץ 13.5 סמ</ManufacturerItemDescription>
      <UnitQty>Unknown </UnitQty>
      <Quantity>0.00</Quantity>
      <UnitOfMeasure>Unknown </UnitOfMeasure>
      <bIsWeighted>0</bIsWeighted>
      <QtyInPackage>1</QtyInPackage>
      <ItemPrice>9.90</ItemPrice>
      <UnitOfMeasurePrice>0.0000</UnitOfMeasurePrice>
      <AllowDiscount>1</AllowDiscount>
      <ItemStatus>1</ItemStatus>
      <ItemId>102156</ItemId>
    </Item>
    <Item>
      <PriceUpdateDate>2025-10-08 18:51:26</PriceUpdateDate>
      <ItemCode>8621520254777</ItemCode>
      <ItemType>1</ItemType>
      <ItemName>שק גרב נוביי גוד</ItemName>
      <ManufacturerName>,</ManufacturerName>
      <ManufactureCountry>לא ידוע</ManufactureCountry>
      <ManufacturerItemDescription>שק גרב נוביי גוד</ManufacturerItemDescription>
      <UnitQty>Unknown </UnitQty>
      <Quantity>1.00</Quantity>
      <UnitOfMeasure>Unknown </UnitOfMeasure>
      <bIsWeighted>0</bIsWeighted>
      <QtyInPackage>1</QtyInPackage>
      <ItemPrice>14.90</ItemPrice>
      <UnitOfMeasurePrice>14.9000</UnitOfMeasurePrice>
      <AllowDiscount>1</AllowDiscount>
      <ItemStatus>1</ItemStatus>
      <ItemId>102160</ItemId>
    </Item>
    <Item>
      <PriceUpdateDate>2025-10-08 18:51:26</PriceUpdateDate>
      <ItemCode>8621520254821</ItemCode>
      <ItemType>1</ItemType>
      <ItemName>פפיון לעץ אשוח</ItemName>
      <ManufacturerName>,</ManufacturerName>
      <ManufactureCountry>לא ידוע</ManufactureCountry>
      <ManufacturerItemDescription>פפיון לעץ אשוח</ManufacturerItemDescription>
      <UnitQty>Unknown </UnitQty>
      <Quantity>1.00</Quantity>
      <UnitOfMeasure>Unknown </UnitOfMeasure>
      <bIsWeighted>0</bIsWeighted>
      <QtyInPackage>1</QtyInPackage>
      <ItemPrice>14.90</ItemPrice>
      <UnitOfMeasurePrice>14.9000</UnitOfMeasurePrice>
      <AllowDiscount>1</AllowDiscount>
      <ItemStatus>1</ItemStatus>
      <ItemId>102165</ItemId>
    </Item>
    <Item>
      <PriceUpdateDate>2025-10-08 18:51:26</PriceUpdateDate>
      <ItemCode>8621520254838</ItemCode>
      <ItemType>1</ItemType>
      <ItemName>פפיון לעץ אשוח</ItemName>
      <ManufacturerName>,</ManufacturerName>
      <ManufactureCountry>לא ידוע</ManufactureCountry>
      <ManufacturerItemDescription>פפיון לעץ אשוח</ManufacturerItemDescription>
      <UnitQty>Unknown </UnitQty>
      <Quantity>0.00</Quantity>
      <UnitOfMeasure>Unknown </UnitOfMeasure>
      <bIsWeighted>0</bIsWeighted>
      <QtyInPackage>1</QtyInPackage>
      <ItemPrice>14.90</ItemPrice>
      <UnitOfMeasurePrice>0.0000</UnitOfMeasurePrice>
      <AllowDiscount>1</AllowDiscount>
      <ItemStatus>1</ItemStatus>
      <ItemId>102166</ItemId>
    </Item>
    <Item>
      <PriceUpdateDate>2025-10-19 19:56:07</PriceUpdateDate>
      <ItemCode>4000161030300</ItemCode>
      <ItemType>1</ItemType>
      <ItemName>מרציפן טבעי נידרגר 1</ItemName>
      <ManufacturerName>,</ManufacturerName>
      <ManufactureCountry>לא ידוע</ManufactureCountry>
      <ManufacturerItemDescription>מרציפן טבעי נידרגר 125 גר</ManufacturerItemDescription>
      <UnitQty>גרמים</UnitQty>
      <Quantity>125.00</Quantity>
      <UnitOfMeasure>100 גרם</UnitOfMeasure>
      <bIsWeighted>0</bIsWeighted>
      <QtyInPackage>1</QtyInPackage>
      <ItemPrice>29.90</ItemPrice>
      <UnitOfMeasurePrice>23.9200</UnitOfMeasurePrice>
      <AllowDiscount>1</AllowDiscount>
      <ItemStatus>1</ItemStatus>
      <ItemId>102240</ItemId>
    </Item>
    <Item>
      <PriceUpdateDate>2025-10-19 19:56:07</PriceUpdateDate>
      <ItemCode>9002859126284</ItemCode>
      <ItemType>1</ItemType>
      <ItemName>חיפושיות שוקולד ברשת</ItemName>
      <ManufacturerName>,</ManufacturerName>
      <ManufactureCountry>לא ידוע</ManufactureCountry>
      <ManufacturerItemDescription>חיפושיות שוקולד ברשת גונץ 85 גר</ManufacturerItemDescription>
      <UnitQty>גרמים</UnitQty>
      <Quantity>85.00</Quantity>
      <UnitOfMeasure>100 גרם</UnitOfMeasure>
      <bIsWeighted>0</bIsWeighted>
      <QtyInPackage>1</QtyInPackage>
      <ItemPrice>15.90</ItemPrice>
      <UnitOfMeasurePrice>18.7059</UnitOfMeasurePrice>
      <AllowDiscount>1</AllowDiscount>
      <ItemStatus>1</ItemStatus>
      <ItemId>102242</ItemId>
    </Item>
    <Item>
      <PriceUpdateDate>2025-10-19 19:56:45</PriceUpdateDate>
      <ItemCode>4823077648939</ItemCode>
      <ItemType>1</ItemType>
      <ItemName>סוכריות גלי גלי רושן</ItemName>
      <ManufacturerName>,</ManufacturerName>
      <ManufactureCountry>לא ידוע</ManufactureCountry>
      <ManufacturerItemDescription>סוכריות גלי גלי רושן 351 גר</ManufacturerItemDescription>
      <UnitQty>גרמים</UnitQty>
      <Quantity>351.00</Quantity>
      <UnitOfMeasure>100 גרם</UnitOfMeasure>
      <bIsWeighted>0</bIsWeighted>
      <QtyInPackage>1</QtyInPackage>
      <ItemPrice>14.90</ItemPrice>
      <UnitOfMeasurePrice>4.2450</UnitOfMeasurePrice>
      <AllowDiscount>1</AllowDiscount>
      <ItemStatus>1</ItemStatus>
      <ItemId>102248</ItemId>
    </Item>
    <Item>
      <PriceUpdateDate>2025-10-19 19:56:45</PriceUpdateDate>
      <ItemCode>4823077648700</ItemCode>
      <ItemType>1</ItemType>
      <ItemName>סוכריות ממולאות קפה</ItemName>
      <ManufacturerName>,</ManufacturerName>
      <ManufactureCountry>לא ידוע</ManufactureCountry>
      <ManufacturerItemDescription>סוכריות ממולאות קפה לייק 351 גר</ManufacturerItemDescription>
      <UnitQty>גרמים</UnitQty>
      <Quantity>351.00</Quantity>
      <UnitOfMeasure>100 גרם</UnitOfMeasure>
      <bIsWeighted>0</bIsWeighted>
      <QtyInPackage>1</QtyInPackage>
      <ItemPrice>14.90</ItemPrice>
      <UnitOfMeasurePrice>4.2450</UnitOfMeasurePrice>
      <AllowDiscount>1</AllowDiscount>
      <ItemStatus>1</ItemStatus>
      <ItemId>102249</ItemId>
    </Item>
    <Item>
      <PriceUpdateDate>2025-10-19 19:56:58</PriceUpdateDate>
      <ItemCode>4630043662055</ItemCode>
      <ItemType>1</ItemType>
      <ItemName>פסטילה תפוח ללת"ס 10</ItemName>
      <ManufacturerName>,</ManufacturerName>
      <ManufactureCountry>לא ידוע</ManufactureCountry>
      <ManufacturerItemDescription>פסטילה תפוח ללת"ס 100 גר</ManufacturerItemDescription>
      <UnitQty>גרמים</UnitQty>
      <Quantity>100.00</Quantity>
      <UnitOfMeasure>100 גרם</UnitOfMeasure>
      <bIsWeighted>0</bIsWeighted>
      <QtyInPackage>1</QtyInPackage>
      <ItemPrice>9.90</ItemPrice>
      <UnitOfMeasurePrice>9.9000</UnitOfMeasurePrice>
      <AllowDiscount>1</AllowDiscount>
      <ItemStatus>1</ItemStatus>
      <ItemId>102254</ItemId>
    </Item>
    <Item>
      <PriceUpdateDate>2025-10-19 19:56:58</PriceUpdateDate>
      <ItemCode>4630043662116</ItemCode>
      <ItemType>1</ItemType>
      <ItemName>פסטילה תפוח אוכמניות</ItemName>
      <ManufacturerName>,</ManufacturerName>
      <ManufactureCountry>לא ידוע</ManufactureCountry>
      <ManufacturerItemDescription>פסטילה תפוח אוכמניות ללת"ס 100 גר</ManufacturerItemDescription>
      <UnitQty>גרמים</UnitQty>
      <Quantity>100.00</Quantity>
      <UnitOfMeasure>100 גרם</UnitOfMeasure>
      <bIsWeighted>0</bIsWeighted>
      <QtyInPackage>1</QtyInPackage>
      <ItemPrice>9.90</ItemPrice>
      <UnitOfMeasurePrice>9.9000</UnitOfMeasurePrice>
      <AllowDiscount>1</AllowDiscount>
      <ItemStatus>1</ItemStatus>
      <ItemId>102255</ItemId>
    </Item>
    <Item>
      <PriceUpdateDate>2025-11-06 09:07:55</PriceUpdateDate>
      <ItemCode>9002859131769</ItemCode>
      <ItemType>1</ItemType>
      <ItemName>גונץ שוקולד סנטה על</ItemName>
      <ManufacturerName>,</ManufacturerName>
      <ManufactureCountry>לא ידוע</ManufactureCountry>
      <ManufacturerItemDescription>גונץ שוקולד סנטה על מקל שישיה 78 גר</ManufacturerItemDescription>
      <UnitQty>גרמים</UnitQty>
      <Quantity>78.00</Quantity>
      <UnitOfMeasure>100 גרם</UnitOfMeasure>
      <bIsWeighted>0</bIsWeighted>
      <QtyInPackage>1</QtyInPackage>
      <ItemPrice>21.90</ItemPrice>
      <UnitOfMeasurePrice>28.0769</UnitOfMeasurePrice>
      <AllowDiscount>1</AllowDiscount>
      <ItemStatus>1</ItemStatus>
      <ItemId>102605</ItemId>
    </Item>
    <Item>
      <PriceUpdateDate>2025-11-06 09:07:55</PriceUpdateDate>
      <ItemCode>4006814014277</ItemCode>
      <ItemType>1</ItemType>
      <ItemName>שוקולד לוח שנה מכוני</ItemName>
      <ManufacturerName>,</ManufacturerName>
      <ManufactureCountry>לא ידוע</ManufactureCountry>
      <ManufacturerItemDescription>שוקולד לוח שנה מכוניות 50 גר</ManufacturerItemDescription>
      <UnitQty>גרמים</UnitQty>
      <Quantity>50.00</Quantity>
      <UnitOfMeasure>100 גרם</UnitOfMeasure>
      <bIsWeighted>0</bIsWeighted>
      <QtyInPackage>1</QtyInPackage>
      <ItemPrice>22.90</ItemPrice>
      <UnitOfMeasurePrice>45.8000</UnitOfMeasurePrice>
      <AllowDiscount>1</AllowDiscount>
      <ItemStatus>1</ItemStatus>
      <ItemId>102608</ItemId>
    </Item>
    <Item>
      <PriceUpdateDate>2025-11-07 09:00:11</PriceUpdateDate>
      <ItemCode>4006814001154</ItemCode>
      <ItemType>1</ItemType>
      <ItemName>מגף סנטה 100 גר</ItemName>
      <ManufacturerName>,</ManufacturerName>
      <ManufactureCountry>לא ידוע</ManufactureCountry>
      <ManufacturerItemDescription>מגף סנטה 100 גר</ManufacturerItemDescription>
      <UnitQty>גרמים</UnitQty>
      <Quantity>100.00</Quantity>
      <UnitOfMeasure>100 גרם</UnitOfMeasure>
      <bIsWeighted>0</bIsWeighted>
      <QtyInPackage>1</QtyInPackage>
      <ItemPrice>23.90</ItemPrice>
      <UnitOfMeasurePrice>23.9000</UnitOfMeasurePrice>
      <AllowDiscount>1</AllowDiscount>
      <ItemStatus>1</ItemStatus>
      <ItemId>102623</ItemId>
    </Item>
    <Item>
      <PriceUpdateDate>2025-11-07 09:00:11</PriceUpdateDate>
      <ItemCode>4006814024696</ItemCode>
      <ItemType>1</ItemType>
      <ItemName>סנטה בודד 150 גר</ItemName>
      <ManufacturerName>,</ManufacturerName>
      <ManufactureCountry>לא ידוע</ManufactureCountry>
      <ManufacturerItemDescription>סנטה בודד 150 גר</ManufacturerItemDescription>
      <UnitQty>גרמים</UnitQty>
      <Quantity>150.00</Quantity>
      <UnitOfMeasure>100 גרם</UnitOfMeasure>
      <bIsWeighted>0</bIsWeighted>
      <QtyInPackage>1</QtyInPackage>
      <ItemPrice>17.90</ItemPrice>
      <UnitOfMeasurePrice>11.9333</UnitOfMeasurePrice>
      <AllowDiscount>1</AllowDiscount>
      <ItemStatus>1</ItemStatus>
      <ItemId>102624</ItemId>
    </Item>
    <Item>
      <PriceUpdateDate>2025-11-07 09:00:11</PriceUpdateDate>
      <ItemCode>4006814040221</ItemCode>
      <ItemType>1</ItemType>
      <ItemName>סנטה בודד 60 גר</ItemName>
      <ManufacturerName>,</ManufacturerName>
      <ManufactureCountry>לא ידוע</ManufactureCountry>
      <ManufacturerItemDescription>סנטה בודד 60 גר</ManufacturerItemDescription>
      <UnitQty>גרמים</UnitQty>
      <Quantity>60.00</Quantity>
      <UnitOfMeasure>100 גרם</UnitOfMeasure>
      <bIsWeighted>0</bIsWeighted>
      <QtyInPackage>1</QtyInPackage>
      <ItemPrice>7.90</ItemPrice>
      <UnitOfMeasurePrice>13.1667</UnitOfMeasurePrice>
      <AllowDiscount>1</AllowDiscount>
      <ItemStatus>1</ItemStatus>
      <ItemId>102625</ItemId>
    </Item>
    <Item>
      <PriceUpdateDate>2025-11-07 09:00:11</PriceUpdateDate>
      <ItemCode>4006814060885</ItemCode>
      <ItemType>1</ItemType>
      <ItemName>סנטה שקית 100 גר</ItemName>
      <ManufacturerName>,</ManufacturerName>
      <ManufactureCountry>לא ידוע</ManufactureCountry>
      <ManufacturerItemDescription>סנטה שקית 100 גר</ManufacturerItemDescription>
      <UnitQty>גרמים</UnitQty>
      <Quantity>100.00</Quantity>
      <UnitOfMeasure>100 גרם</UnitOfMeasure>
      <bIsWeighted>0</bIsWeighted>
      <QtyInPackage>1</QtyInPackage>
      <ItemPrice>14.90</ItemPrice>
      <UnitOfMeasurePrice>14.9000</UnitOfMeasurePrice>
      <AllowDiscount>1</AllowDiscount>
      <ItemStatus>1</ItemStatus>
      <ItemId>102626</ItemId>
    </Item>
    <Item>
      <PriceUpdateDate>2025-11-07 09:00:11</PriceUpdateDate>
      <ItemCode>5900353625224</ItemCode>
      <ItemType>1</ItemType>
      <ItemName>בונ טו סיקרט  106 גר</ItemName>
      <ManufacturerName>,</ManufacturerName>
      <ManufactureCountry>לא ידוע</ManufactureCountry>
      <ManufacturerItemDescription>בונ טו סיקרט  106 גר</ManufacturerItemDescription>
      <UnitQty>גרמים</UnitQty>
      <Quantity>106.00</Quantity>
      <UnitOfMeasure>100 גרם</UnitOfMeasure>
      <bIsWeighted>0</bIsWeighted>
      <QtyInPackage>12</QtyInPackage>
      <ItemPrice>17.90</ItemPrice>
      <UnitOfMeasurePrice>16.8868</UnitOfMeasurePrice>
      <AllowDiscount>1</AllowDiscount>
      <ItemStatus>1</ItemStatus>
      <ItemId>102628</ItemId>
    </Item>
    <Item>
      <PriceUpdateDate>2025-11-07 09:00:11</PriceUpdateDate>
      <ItemCode>7290006963116</ItemCode>
      <ItemType>1</ItemType>
      <ItemName>כוכב קריסמס קישוט מפ</ItemName>
      <ManufacturerName>,</ManufacturerName>
      <ManufactureCountry>לא ידוע</ManufactureCountry>
      <ManufacturerItemDescription>כוכב קריסמס קישוט מפח 100 גר</ManufacturerItemDescription>
      <UnitQty>גרמים</UnitQty>
      <Quantity>100.00</Quantity>
      <UnitOfMeasure>100 גרם</UnitOfMeasure>
      <bIsWeighted>0</bIsWeighted>
      <QtyInPackage>1</QtyInPackage>
      <ItemPrice>23.90</ItemPrice>
      <UnitOfMeasurePrice>23.9000</UnitOfMeasurePrice>
      <AllowDiscount>1</AllowDiscount>
      <ItemStatus>1</ItemStatus>
      <ItemId>102639</ItemId>
    </Item>
    <Item>
      <PriceUpdateDate>2025-11-07 09:00:11</PriceUpdateDate>
      <ItemCode>7290006963147</ItemCode>
      <ItemType>1</ItemType>
      <ItemName>כדור פח של סנטה לקיש</ItemName>
      <ManufacturerName>,</ManufacturerName>
      <ManufactureCountry>לא ידוע</ManufactureCountry>
      <ManufacturerItemDescription>כדור פח של סנטה לקישוט 75 גר</ManufacturerItemDescription>
      <UnitQty>גרמים</UnitQty>
      <Quantity>75.00</Quantity>
      <UnitOfMeasure>100 גרם</UnitOfMeasure>
      <bIsWeighted>0</bIsWeighted>
      <QtyInPackage>1</QtyInPackage>
      <ItemPrice>16.90</ItemPrice>
      <UnitOfMeasurePrice>22.5333</UnitOfMeasurePrice>
      <AllowDiscount>1</AllowDiscount>
      <ItemStatus>1</ItemStatus>
      <ItemId>102642</ItemId>
    </Item>
    <Item>
      <PriceUpdateDate>2025-11-07 09:00:57</PriceUpdateDate>
      <ItemCode>6956702521371</ItemCode>
      <ItemType>1</ItemType>
      <ItemName>אריזת מתנה XL לנוביי</ItemName>
      <ManufacturerName>,</ManufacturerName>
      <ManufactureCountry>לא ידוע</ManufactureCountry>
      <ManufacturerItemDescription>אריזת מתנה לנוביי גוד</ManufacturerItemDescription>
      <UnitQty>Unknown </UnitQty>
      <Quantity>0.00</Quantity>
      <UnitOfMeasure>Unknown </UnitOfMeasure>
      <bIsWeighted>0</bIsWeighted>
      <QtyInPackage>1</QtyInPackage>
      <ItemPrice>9.90</ItemPrice>
      <UnitOfMeasurePrice>0.0000</UnitOfMeasurePrice>
      <AllowDiscount>1</AllowDiscount>
      <ItemStatus>1</ItemStatus>
      <ItemId>102660</ItemId>
    </Item>
    <Item>
      <PriceUpdateDate>2025-11-07 14:46:58</PriceUpdateDate>
      <ItemCode>4604248036331</ItemCode>
      <ItemType>1</ItemType>
      <ItemName>רוטב מיונז מחייב קלא</ItemName>
      <ManufacturerName>אסן פרודקשן</ManufacturerName>
      <ManufactureCountry>לא ידוע</ManufactureCountry>
      <ManufacturerItemDescription>רוטב מיונז מחייב קלאסי 380 גר</ManufacturerItemDescription>
      <UnitQty>גרמים</UnitQty>
      <Quantity>380.00</Quantity>
      <UnitOfMeasure>100 גרם</UnitOfMeasure>
      <bIsWeighted>0</bIsWeighted>
      <QtyInPackage>1</QtyInPackage>
      <ItemPrice>11.90</ItemPrice>
      <UnitOfMeasurePrice>3.1316</UnitOfMeasurePrice>
      <AllowDiscount>1</AllowDiscount>
      <ItemStatus>1</ItemStatus>
      <ItemId>102663</ItemId>
    </Item>
    <Item>
      <PriceUpdateDate>2025-12-24 15:25:45</PriceUpdateDate>
      <ItemCode>8007537005944</ItemCode>
      <ItemType>1</ItemType>
      <ItemName>חטיף ציפס מלח רוזמרי</ItemName>
      <ManufacturerName>,</ManufacturerName>
      <ManufactureCountry>לא ידוע</ManufactureCountry>
      <ManufacturerItemDescription>פרמיום ציפס רוזמרין 300 גר</ManufacturerItemDescription>
      <UnitQty>גרמים</UnitQty>
      <Quantity>300.00</Quantity>
      <UnitOfMeasure>100 גרם</UnitOfMeasure>
      <bIsWeighted>0</bIsWeighted>
      <QtyInPackage>16</QtyInPackage>
      <ItemPrice>26.90</ItemPrice>
      <UnitOfMeasurePrice>8.9667</UnitOfMeasurePrice>
      <AllowDiscount>1</AllowDiscount>
      <ItemStatus>1</ItemStatus>
      <ItemId>102780</ItemId>
    </Item>
    <Item>
      <PriceUpdateDate>2025-11-17 19:59:04</PriceUpdateDate>
      <ItemCode>7610700603024</ItemCode>
      <ItemType>1</ItemType>
      <ItemName>תה צמחים ריקולה 200</ItemName>
      <ManufacturerName>,</ManufacturerName>
      <ManufactureCountry>לא ידוע</ManufactureCountry>
      <ManufacturerItemDescription>תה צמחים ריקולה 200 גר</ManufacturerItemDescription>
      <UnitQty>גרמים</UnitQty>
      <Quantity>200.00</Quantity>
      <UnitOfMeasure>100 גרם</UnitOfMeasure>
      <bIsWeighted>0</bIsWeighted>
      <QtyInPackage>1</QtyInPackage>
      <ItemPrice>34.90</ItemPrice>
      <UnitOfMeasurePrice>17.4500</UnitOfMeasurePrice>
      <AllowDiscount>1</AllowDiscount>
      <ItemStatus>1</ItemStatus>
      <ItemId>102805</ItemId>
    </Item>
    <Item>
      <PriceUpdateDate>2025-11-17 19:57:25</PriceUpdateDate>
      <ItemCode>7290111359279</ItemCode>
      <ItemType>1</ItemType>
      <ItemName>מארז שי לחנוכה 2025</ItemName>
      <ManufacturerName>,</ManufacturerName>
      <ManufactureCountry>לא ידוע</ManufactureCountry>
      <ManufacturerItemDescription>מארז שי לחנוכה 2025 יוגטה 202 גר</ManufacturerItemDescription>
      <UnitQty>גרמים</UnitQty>
      <Quantity>202.00</Quantity>
      <UnitOfMeasure>100 גרם</UnitOfMeasure>
      <bIsWeighted>0</bIsWeighted>
      <QtyInPackage>1</QtyInPackage>
      <ItemPrice>14.90</ItemPrice>
      <UnitOfMeasurePrice>7.3762</UnitOfMeasurePrice>
      <AllowDiscount>1</AllowDiscount>
      <ItemStatus>1</ItemStatus>
      <ItemId>102793</ItemId>
    </Item>
    <Item>
      <PriceUpdateDate>2025-11-17 19:59:05</PriceUpdateDate>
      <ItemCode>7610700603055</ItemCode>
      <ItemType>1</ItemType>
      <ItemName>תה צמחים עם מליסה רי</ItemName>
      <ManufacturerName>,</ManufacturerName>
      <ManufactureCountry>לא ידוע</ManufactureCountry>
      <ManufacturerItemDescription>תה צמחים עם מליסה ריקולה 200 גר</ManufacturerItemDescription>
      <UnitQty>גרמים</UnitQty>
      <Quantity>200.00</Quantity>
      <UnitOfMeasure>100 גרם</UnitOfMeasure>
      <bIsWeighted>0</bIsWeighted>
      <QtyInPackage>1</QtyInPackage>
      <ItemPrice>34.90</ItemPrice>
      <UnitOfMeasurePrice>17.4500</UnitOfMeasurePrice>
      <AllowDiscount>1</AllowDiscount>
      <ItemStatus>1</ItemStatus>
      <ItemId>102806</ItemId>
    </Item>
    <Item>
      <PriceUpdateDate>2025-11-17 19:59:05</PriceUpdateDate>
      <ItemCode>846548081442</ItemCode>
      <ItemType>1</ItemType>
      <ItemName>יוגיס תות שדה 51 גר</ItemName>
      <ManufacturerName>,</ManufacturerName>
      <ManufactureCountry>לא ידוע</ManufactureCountry>
      <ManufacturerItemDescription>יוגיס תות שדה 51 גר</ManufacturerItemDescription>
      <UnitQty>גרמים</UnitQty>
      <Quantity>51.00</Quantity>
      <UnitOfMeasure>100 גרם</UnitOfMeasure>
      <bIsWeighted>0</bIsWeighted>
      <QtyInPackage>1</QtyInPackage>
      <ItemPrice>9.90</ItemPrice>
      <UnitOfMeasurePrice>19.4118</UnitOfMeasurePrice>
      <AllowDiscount>1</AllowDiscount>
      <ItemStatus>1</ItemStatus>
      <ItemId>102807</ItemId>
    </Item>
    <Item>
      <PriceUpdateDate>2025-11-17 19:59:05</PriceUpdateDate>
      <ItemCode>846548081466</ItemCode>
      <ItemType>1</ItemType>
      <ItemName>יוגיס פירות יער 51 ג</ItemName>
      <ManufacturerName>,</ManufacturerName>
      <ManufactureCountry>לא ידוע</ManufactureCountry>
      <ManufacturerItemDescription>יוגיס פירות יער 51 גר</ManufacturerItemDescription>
      <UnitQty>גרמים</UnitQty>
      <Quantity>51.00</Quantity>
      <UnitOfMeasure>100 גרם</UnitOfMeasure>
      <bIsWeighted>0</bIsWeighted>
      <QtyInPackage>1</QtyInPackage>
      <ItemPrice>9.90</ItemPrice>
      <UnitOfMeasurePrice>19.4118</UnitOfMeasurePrice>
      <AllowDiscount>1</AllowDiscount>
      <ItemStatus>1</ItemStatus>
      <ItemId>102808</ItemId>
    </Item>
    <Item>
      <PriceUpdateDate>2025-11-17 19:59:05</PriceUpdateDate>
      <ItemCode>846548081480</ItemCode>
      <ItemType>1</ItemType>
      <ItemName>יוגיס לימון ופירות י</ItemName>
      <ManufacturerName>,</ManufacturerName>
      <ManufactureCountry>לא ידוע</ManufactureCountry>
      <ManufacturerItemDescription>יוגיס לימון ופירות יער 51 גר</ManufacturerItemDescription>
      <UnitQty>גרמים</UnitQty>
      <Quantity>51.00</Quantity>
      <UnitOfMeasure>100 גרם</UnitOfMeasure>
      <bIsWeighted>0</bIsWeighted>
      <QtyInPackage>1</QtyInPackage>
      <ItemPrice>9.90</ItemPrice>
      <UnitOfMeasurePrice>19.4118</UnitOfMeasurePrice>
      <AllowDiscount>1</AllowDiscount>
      <ItemStatus>1</ItemStatus>
      <ItemId>102809</ItemId>
    </Item>
    <Item>
      <PriceUpdateDate>2023-12-31 12:47:51</PriceUpdateDate>
      <ItemCode>7290000010063</ItemCode>
      <ItemType>1</ItemType>
      <ItemName>חלה קלועה רגילה 560</ItemName>
      <ManufacturerName>בונז'ור</ManufacturerName>
      <ManufactureCountry>לא ידוע</ManufactureCountry>
      <ManufacturerItemDescription>חלה קלועה 560 גר</ManufacturerItemDescription>
      <UnitQty>גרמים</UnitQty>
      <Quantity>560.00</Quantity>
      <UnitOfMeasure>100 גרם</UnitOfMeasure>
      <bIsWeighted>0</bIsWeighted>
      <QtyInPackage>1</QtyInPackage>
      <ItemPrice>12.90</ItemPrice>
      <UnitOfMeasurePrice>2.3036</UnitOfMeasurePrice>
      <AllowDiscount>1</AllowDiscount>
      <ItemStatus>1</ItemStatus>
      <ItemId>44559</ItemId>
    </Item>
    <Item>
      <PriceUpdateDate>2023-12-31 12:47:51</PriceUpdateDate>
      <ItemCode>11098</ItemCode>
      <ItemType>0</ItemType>
      <ItemName>שקית מתנה גדולה</ItemName>
      <ManufacturerName>,</ManufacturerName>
      <ManufactureCountry>לא ידוע</ManufactureCountry>
      <ManufacturerItemDescription>שקית מתנה גדולה</ManufacturerItemDescription>
      <UnitQty>Unknown </UnitQty>
      <Quantity>0.00</Quantity>
      <UnitOfMeasure>Unknown </UnitOfMeasure>
      <bIsWeighted>0</bIsWeighted>
      <QtyInPackage>1</QtyInPackage>
      <ItemPrice>1.00</ItemPrice>
      <UnitOfMeasurePrice>0.0000</UnitOfMeasurePrice>
      <AllowDiscount>1</AllowDiscount>
      <ItemStatus>1</ItemStatus>
      <ItemId>44566</ItemId>
    </Item>
    <Item>
      <PriceUpdateDate>2023-12-31 12:47:51</PriceUpdateDate>
      <ItemCode>11102</ItemCode>
      <ItemType>0</ItemType>
      <ItemName>סל רב פעמי קשת טעמים</ItemName>
      <ManufacturerName>,</ManufacturerName>
      <ManufactureCountry>לא ידוע</ManufactureCountry>
      <ManufacturerItemDescription>סל רב פעמי קשת טעמים</ManufacturerItemDescription>
      <UnitQty>Unknown </UnitQty>
      <Quantity>0.00</Quantity>
      <UnitOfMeasure>Unknown </UnitOfMeasure>
      <bIsWeighted>0</bIsWeighted>
      <QtyInPackage>1</QtyInPackage>
      <ItemPrice>2.90</ItemPrice>
      <UnitOfMeasurePrice>0.0000</UnitOfMeasurePrice>
      <AllowDiscount>1</AllowDiscount>
      <ItemStatus>1</ItemStatus>
      <ItemId>44567</ItemId>
    </Item>
    <Item>
      <PriceUpdateDate>2024-03-25 09:37:27</PriceUpdateDate>
      <ItemCode>7290000001011</ItemCode>
      <ItemType>1</ItemType>
      <ItemName>זרניסטיה</ItemName>
      <ManufacturerName>מעדני מניה תעשיות בש</ManufacturerName>
      <ManufactureCountry>לא ידוע</ManufactureCountry>
      <ManufacturerItemDescription>זרניסטיה</ManufacturerItemDescription>
      <UnitQty>קילוגרמים</UnitQty>
      <Quantity>1.00</Quantity>
      <UnitOfMeasure>ק"ג</UnitOfMeasure>
      <bIsWeighted>1</bIsWeighted>
      <QtyInPackage>לא ידוע</QtyInPackage>
      <ItemPrice>199.00</ItemPrice>
      <UnitOfMeasurePrice>199.0000</UnitOfMeasurePrice>
      <AllowDiscount>1</AllowDiscount>
      <ItemStatus>1</ItemStatus>
      <ItemId>44600</ItemId>
    </Item>
    <Item>
      <PriceUpdateDate>2024-03-25 09:37:27</PriceUpdateDate>
      <ItemCode>7290000001012</ItemCode>
      <ItemType>1</ItemType>
      <ItemName>טוסקנה</ItemName>
      <ManufacturerName>מעדני מניה תעשיות בש</ManufacturerName>
      <ManufactureCountry>לא ידוע</ManufactureCountry>
      <ManufacturerItemDescription>טוסקנה</ManufacturerItemDescription>
      <UnitQty>קילוגרמים</UnitQty>
      <Quantity>1.00</Quantity>
      <UnitOfMeasure>ק"ג</UnitOfMeasure>
      <bIsWeighted>1</bIsWeighted>
      <QtyInPackage>לא ידוע</QtyInPackage>
      <ItemPrice>199.00</ItemPrice>
      <UnitOfMeasurePrice>199.0000</UnitOfMeasurePrice>
      <AllowDiscount>1</AllowDiscount>
      <ItemStatus>1</ItemStatus>
      <ItemId>44613</ItemId>
    </Item>
    <Item>
      <PriceUpdateDate>2023-12-31 12:47:51</PriceUpdateDate>
      <ItemCode>1000</ItemCode>
      <ItemType>0</ItemType>
      <ItemName>שאריות נקניקים</ItemName>
      <ManufacturerName>,</ManufacturerName>
      <ManufactureCountry>לא ידוע</ManufactureCountry>
      <ManufacturerItemDescription>שאריות נקניקים</ManufacturerItemDescription>
      <UnitQty>קילוגרמים</UnitQty>
      <Quantity>1.00</Quantity>
      <UnitOfMeasure>ק"ג</UnitOfMeasure>
      <bIsWeighted>1</bIsWeighted>
      <QtyInPackage>לא ידוע</QtyInPackage>
      <ItemPrice>39.00</ItemPrice>
      <UnitOfMeasurePrice>39.0000</UnitOfMeasurePrice>
      <AllowDiscount>1</AllowDiscount>
      <ItemStatus>1</ItemStatus>
      <ItemId>44641</ItemId>
    </Item>
    <Item>
      <PriceUpdateDate>2025-06-08 19:31:49</PriceUpdateDate>
      <ItemCode>7290000010035</ItemCode>
      <ItemType>1</ItemType>
      <ItemName>חלה קלועה מתוקה</ItemName>
      <ManufacturerName>בונז'ור</ManufacturerName>
      <ManufactureCountry>לא ידוע</ManufactureCountry>
      <ManufacturerItemDescription>חלה קלועה מתוקה</ManufacturerItemDescription>
      <UnitQty>Unknown </UnitQty>
      <Quantity>0.00</Quantity>
      <UnitOfMeasure>Unknown </UnitOfMeasure>
      <bIsWeighted>0</bIsWeighted>
      <QtyInPackage>1</QtyInPackage>
      <ItemPrice>12.90</ItemPrice>
      <UnitOfMeasurePrice>0.0000</UnitOfMeasurePrice>
      <AllowDiscount>1</AllowDiscount>
      <ItemStatus>1</ItemStatus>
      <ItemId>44644</ItemId>
    </Item>
    <Item>
      <PriceUpdateDate>2023-12-31 12:47:51</PriceUpdateDate>
      <ItemCode>11044</ItemCode>
      <ItemType>0</ItemType>
      <ItemName>שקית מתנה קטנה</ItemName>
      <ManufacturerName>,</ManufacturerName>
      <ManufactureCountry>לא ידוע</ManufactureCountry>
      <ManufacturerItemDescription>שקיות מתנה קטנה</ManufacturerItemDescription>
      <UnitQty>Unknown </UnitQty>
      <Quantity>0.00</Quantity>
      <UnitOfMeasure>Unknown </UnitOfMeasure>
      <bIsWeighted>0</bIsWeighted>
      <QtyInPackage>1</QtyInPackage>
      <ItemPrice>0.50</ItemPrice>
      <UnitOfMeasurePrice>0.0000</UnitOfMeasurePrice>
      <AllowDiscount>1</AllowDiscount>
      <ItemStatus>1</ItemStatus>
      <ItemId>44687</ItemId>
    </Item>
    <Item>
      <PriceUpdateDate>2025-06-08 19:31:50</PriceUpdateDate>
      <ItemCode>7290000010021</ItemCode>
      <ItemType>1</ItemType>
      <ItemName>חמישיית חליות קלועות</ItemName>
      <ManufacturerName>בונז'ור</ManufacturerName>
      <ManufactureCountry>לא ידוע</ManufactureCountry>
      <ManufacturerItemDescription>חמישיית חליות קלועות</ManufacturerItemDescription>
      <UnitQty>גרמים</UnitQty>
      <Quantity>100.00</Quantity>
      <UnitOfMeasure>100 גרם</UnitOfMeasure>
      <bIsWeighted>0</bIsWeighted>
      <QtyInPackage>1</QtyInPackage>
      <ItemPrice>11.90</ItemPrice>
      <UnitOfMeasurePrice>11.9000</UnitOfMeasurePrice>
      <AllowDiscount>1</AllowDiscount>
      <ItemStatus>1</ItemStatus>
      <ItemId>44693</ItemId>
    </Item>
    <Item>
      <PriceUpdateDate>2024-11-03 14:19:31</PriceUpdateDate>
      <ItemCode>1218</ItemCode>
      <ItemType>0</ItemType>
      <ItemName>פסטרמה הודו עם אווז</ItemName>
      <ManufacturerName>ישרקו שיווק מותגי מז</ManufacturerName>
      <ManufactureCountry>לא ידוע</ManufactureCountry>
      <ManufacturerItemDescription>פסטרמה הודו עם אווז</ManufacturerItemDescription>
      <UnitQty>קילוגרמים</UnitQty>
      <Quantity>1.00</Quantity>
      <UnitOfMeasure>ק"ג</UnitOfMeasure>
      <bIsWeighted>1</bIsWeighted>
      <QtyInPackage>לא ידוע</QtyInPackage>
      <ItemPrice>159.00</ItemPrice>
      <UnitOfMeasurePrice>159.0000</UnitOfMeasurePrice>
      <AllowDiscount>1</AllowDiscount>
      <ItemStatus>1</ItemStatus>
      <ItemId>44717</ItemId>
    </Item>
    <Item>
      <PriceUpdateDate>2024-11-11 14:56:09</PriceUpdateDate>
      <ItemCode>7290000001518</ItemCode>
      <ItemType>1</ItemType>
      <ItemName>פסטרמה דליקטסניה לבנ</ItemName>
      <ManufacturerName>מעדני מניה תעשיות בש</ManufacturerName>
      <ManufactureCountry>לא ידוע</ManufactureCountry>
      <ManufacturerItemDescription>פסטרמה דליקטסניה לבנ</ManufacturerItemDescription>
      <UnitQty>קילוגרמים</UnitQty>
      <Quantity>1.00</Quantity>
      <UnitOfMeasure>ק"ג</UnitOfMeasure>
      <bIsWeighted>1</bIsWeighted>
      <QtyInPackage>לא ידוע</QtyInPackage>
      <ItemPrice>149.00</ItemPrice>
      <UnitOfMeasurePrice>149.0000</UnitOfMeasurePrice>
      <AllowDiscount>1</AllowDiscount>
      <ItemStatus>1</ItemStatus>
      <ItemId>44734</ItemId>
    </Item>
    <Item>
      <PriceUpdateDate>2025-02-02 07:39:53</PriceUpdateDate>
      <ItemCode>16029</ItemCode>
      <ItemType>0</ItemType>
      <ItemName>בלינצס גבינה</ItemName>
      <ManufacturerName>,</ManufacturerName>
      <ManufactureCountry>לא ידוע</ManufactureCountry>
      <ManufacturerItemDescription>בלינצס גבינה</ManufacturerItemDescription>
      <UnitQty>קילוגרמים</UnitQty>
      <Quantity>1.00</Quantity>
      <UnitOfMeasure>ק"ג</UnitOfMeasure>
      <bIsWeighted>1</bIsWeighted>
      <QtyInPackage>לא ידוע</QtyInPackage>
      <ItemPrice>89.00</ItemPrice>
      <UnitOfMeasurePrice>89.0000</UnitOfMeasurePrice>
      <AllowDiscount>1</AllowDiscount>
      <ItemStatus>1</ItemStatus>
      <ItemId>44743</ItemId>
    </Item>
    <Item>
      <PriceUpdateDate>2025-02-02 07:39:53</PriceUpdateDate>
      <ItemCode>16034</ItemCode>
      <ItemType>0</ItemType>
      <ItemName>דג מרלוזה מטוגן</ItemName>
      <ManufacturerName>,</ManufacturerName>
      <ManufactureCountry>לא ידוע</ManufactureCountry>
      <ManufacturerItemDescription>דג מרלוזה מטוגן</ManufacturerItemDescription>
      <UnitQty>קילוגרמים</UnitQty>
      <Quantity>1.00</Quantity>
      <UnitOfMeasure>ק"ג</UnitOfMeasure>
      <bIsWeighted>1</bIsWeighted>
      <QtyInPackage>לא ידוע</QtyInPackage>
      <ItemPrice>89.00</ItemPrice>
      <UnitOfMeasurePrice>89.0000</UnitOfMeasurePrice>
      <AllowDiscount>1</AllowDiscount>
      <ItemStatus>1</ItemStatus>
      <ItemId>44744</ItemId>
    </Item>
    <Item>
      <PriceUpdateDate>2025-02-02 07:39:53</PriceUpdateDate>
      <ItemCode>16049</ItemCode>
      <ItemType>0</ItemType>
      <ItemName>שוק אווז עם שזיפים ש</ItemName>
      <ManufacturerName>,</ManufacturerName>
      <ManufactureCountry>לא ידוע</ManufactureCountry>
      <ManufacturerItemDescription>שוק אווז עם שזיפים שחורים</ManufacturerItemDescription>
      <UnitQty>קילוגרמים</UnitQty>
      <Quantity>1.00</Quantity>
      <UnitOfMeasure>ק"ג</UnitOfMeasure>
      <bIsWeighted>1</bIsWeighted>
      <QtyInPackage>לא ידוע</QtyInPackage>
      <ItemPrice>199.00</ItemPrice>
      <UnitOfMeasurePrice>199.0000</UnitOfMeasurePrice>
      <AllowDiscount>1</AllowDiscount>
      <ItemStatus>1</ItemStatus>
      <ItemId>44745</ItemId>
    </Item>
    <Item>
      <PriceUpdateDate>2025-02-02 07:39:53</PriceUpdateDate>
      <ItemCode>16189</ItemCode>
      <ItemType>0</ItemType>
      <ItemName>סלט שרימפס ברוטב שום</ItemName>
      <ManufacturerName>,</ManufacturerName>
      <ManufactureCountry>לא ידוע</ManufactureCountry>
      <ManufacturerItemDescription>סלט בייבי שרימפס ברוטב שום ופלפלים</ManufacturerItemDescription>
      <UnitQty>קילוגרמים</UnitQty>
      <Quantity>1.00</Quantity>
      <UnitOfMeasure>ק"ג</UnitOfMeasure>
      <bIsWeighted>1</bIsWeighted>
      <QtyInPackage>לא ידוע</QtyInPackage>
      <ItemPrice>179.00</ItemPrice>
      <UnitOfMeasurePrice>179.0000</UnitOfMeasurePrice>
      <AllowDiscount>1</AllowDiscount>
      <ItemStatus>1</ItemStatus>
      <ItemId>44746</ItemId>
    </Item>
    <Item>
      <PriceUpdateDate>2025-11-19 14:56:17</PriceUpdateDate>
      <ItemCode>17203</ItemCode>
      <ItemType>0</ItemType>
      <ItemName>סינטה עגל טרי</ItemName>
      <ManufacturerName>בית מטבחיים דבאח</ManufacturerName>
      <ManufactureCountry>לא ידוע</ManufactureCountry>
      <ManufacturerItemDescription>סינטה עגל</ManufacturerItemDescription>
      <UnitQty>קילוגרמים</UnitQty>
      <Quantity>1.00</Quantity>
      <UnitOfMeasure>ק"ג</UnitOfMeasure>
      <bIsWeighted>1</bIsWeighted>
      <QtyInPackage>לא ידוע</QtyInPackage>
      <ItemPrice>119.90</ItemPrice>
      <UnitOfMeasurePrice>119.9000</UnitOfMeasurePrice>
      <AllowDiscount>1</AllowDiscount>
      <ItemStatus>1</ItemStatus>
      <ItemId>44755</ItemId>
    </Item>
    <Item>
      <PriceUpdateDate>2023-12-31 12:47:52</PriceUpdateDate>
      <ItemCode>17322</ItemCode>
      <ItemType>0</ItemType>
      <ItemName>סינטה בלי עצם</ItemName>
      <ManufacturerName>המפרק פירוק ושיווק ב</ManufacturerName>
      <ManufactureCountry>לא ידוע</ManufactureCountry>
      <ManufacturerItemDescription>סינטה בלי עצם</ManufacturerItemDescription>
      <UnitQty>קילוגרמים</UnitQty>
      <Quantity>1.00</Quantity>
      <UnitOfMeasure>ק"ג</UnitOfMeasure>
      <bIsWeighted>1</bIsWeighted>
      <QtyInPackage>לא ידוע</QtyInPackage>
      <ItemPrice>79.90</ItemPrice>
      <UnitOfMeasurePrice>79.9000</UnitOfMeasurePrice>
      <AllowDiscount>1</AllowDiscount>
      <ItemStatus>1</ItemStatus>
      <ItemId>44763</ItemId>
    </Item>
    <Item>
      <PriceUpdateDate>2023-12-31 12:47:52</PriceUpdateDate>
      <ItemCode>17332</ItemCode>
      <ItemType>0</ItemType>
      <ItemName>בייבי ריבס לבן יפני</ItemName>
      <ManufacturerName>המפרק פירוק ושיווק ב</ManufacturerName>
      <ManufactureCountry>לא ידוע</ManufactureCountry>
      <ManufacturerItemDescription>בייבי ריבס לבן יפני</ManufacturerItemDescription>
      <UnitQty>קילוגרמים</UnitQty>
      <Quantity>1.00</Quantity>
      <UnitOfMeasure>ק"ג</UnitOfMeasure>
      <bIsWeighted>1</bIsWeighted>
      <QtyInPackage>לא ידוע</QtyInPackage>
      <ItemPrice>109.90</ItemPrice>
      <UnitOfMeasurePrice>109.9000</UnitOfMeasurePrice>
      <AllowDiscount>1</AllowDiscount>
      <ItemStatus>1</ItemStatus>
      <ItemId>44764</ItemId>
    </Item>
    <Item>
      <PriceUpdateDate>2025-12-02 15:15:21</PriceUpdateDate>
      <ItemCode>17501</ItemCode>
      <ItemType>0</ItemType>
      <ItemName>כרעיים עוף טרי ארוז</ItemName>
      <ManufacturerName>,</ManufacturerName>
      <ManufactureCountry>לא ידוע</ManufactureCountry>
      <ManufacturerItemDescription>כבד אווז</ManufacturerItemDescription>
      <UnitQty>קילוגרמים</UnitQty>
      <Quantity>1.00</Quantity>
      <UnitOfMeasure>ק"ג</UnitOfMeasure>
      <bIsWeighted>1</bIsWeighted>
      <QtyInPackage>לא ידוע</QtyInPackage>
      <ItemPrice>22.90</ItemPrice>
      <UnitOfMeasurePrice>22.9000</UnitOfMeasurePrice>
      <AllowDiscount>1</AllowDiscount>
      <ItemStatus>1</ItemStatus>
      <ItemId>44768</ItemId>
    </Item>
    <Item>
      <PriceUpdateDate>2024-11-03 14:19:31</PriceUpdateDate>
      <ItemCode>110319</ItemCode>
      <ItemType>0</ItemType>
      <ItemName>צוריסוס דק קפוא</ItemName>
      <ManufacturerName>זילבר תעשיות מוצרי ב</ManufacturerName>
      <ManufactureCountry>לא ידוע</ManufactureCountry>
      <ManufacturerItemDescription>צ"וריסוס דק קפוא</ManufacturerItemDescription>
      <UnitQty>קילוגרמים</UnitQty>
      <Quantity>1.00</Quantity>
      <UnitOfMeasure>ק"ג</UnitOfMeasure>
      <bIsWeighted>1</bIsWeighted>
      <QtyInPackage>לא ידוע</QtyInPackage>
      <ItemPrice>99.90</ItemPrice>
      <UnitOfMeasurePrice>99.9000</UnitOfMeasurePrice>
      <AllowDiscount>1</AllowDiscount>
      <ItemStatus>1</ItemStatus>
      <ItemId>44778</ItemId>
    </Item>
    <Item>
      <PriceUpdateDate>2024-09-02 10:50:40</PriceUpdateDate>
      <ItemCode>1925</ItemCode>
      <ItemType>0</ItemType>
      <ItemName>צוואר מעושן בואקום</ItemName>
      <ManufacturerName>מעדני בשר השוקת</ManufacturerName>
      <ManufactureCountry>לא ידוע</ManufactureCountry>
      <ManufacturerItemDescription>צוואר מעושן ואקום</ManufacturerItemDescription>
      <UnitQty>קילוגרמים</UnitQty>
      <Quantity>1.00</Quantity>
      <UnitOfMeasure>ק"ג</UnitOfMeasure>
      <bIsWeighted>1</bIsWeighted>
      <QtyInPackage>לא ידוע</QtyInPackage>
      <ItemPrice>159.00</ItemPrice>
      <UnitOfMeasurePrice>159.0000</UnitOfMeasurePrice>
      <AllowDiscount>1</AllowDiscount>
      <ItemStatus>1</ItemStatus>
      <ItemId>44781</ItemId>
    </Item>
    <Item>
      <PriceUpdateDate>2023-12-31 12:47:52</PriceUpdateDate>
      <ItemCode>1001</ItemCode>
      <ItemType>0</ItemType>
      <ItemName>שאריות אסורטי</ItemName>
      <ManufacturerName>,</ManufacturerName>
      <ManufactureCountry>לא ידוע</ManufactureCountry>
      <ManufacturerItemDescription>שאריות אסורטי</ManufacturerItemDescription>
      <UnitQty>קילוגרמים</UnitQty>
      <Quantity>1.00</Quantity>
      <UnitOfMeasure>ק"ג</UnitOfMeasure>
      <bIsWeighted>1</bIsWeighted>
      <QtyInPackage>לא ידוע</QtyInPackage>
      <ItemPrice>49.00</ItemPrice>
      <UnitOfMeasurePrice>49.0000</UnitOfMeasurePrice>
      <AllowDiscount>1</AllowDiscount>
      <ItemStatus>1</ItemStatus>
      <ItemId>44791</ItemId>
    </Item>
    <Item>
      <PriceUpdateDate>2024-11-03 14:19:31</PriceUpdateDate>
      <ItemCode>7290000000203</ItemCode>
      <ItemType>1</ItemType>
      <ItemName>סלמי מילאנו פרוס</ItemName>
      <ManufacturerName>ישרקו שיווק מותגי מז</ManufacturerName>
      <ManufactureCountry>לא ידוע</ManufactureCountry>
      <ManufacturerItemDescription>סלמי מילנו פרוס</ManufacturerItemDescription>
      <UnitQty>קילוגרמים</UnitQty>
      <Quantity>1.00</Quantity>
      <UnitOfMeasure>ק"ג</UnitOfMeasure>
      <bIsWeighted>1</bIsWeighted>
      <QtyInPackage>לא ידוע</QtyInPackage>
      <ItemPrice>199.00</ItemPrice>
      <UnitOfMeasurePrice>199.0000</UnitOfMeasurePrice>
      <AllowDiscount>1</AllowDiscount>
      <ItemStatus>1</ItemStatus>
      <ItemId>44815</ItemId>
    </Item>
    <Item>
      <PriceUpdateDate>2024-11-03 14:19:31</PriceUpdateDate>
      <ItemCode>7290000000205</ItemCode>
      <ItemType>1</ItemType>
      <ItemName>מוסקובסקייה פרוס</ItemName>
      <ManufacturerName>ישרקו שיווק מותגי מז</ManufacturerName>
      <ManufactureCountry>לא ידוע</ManufactureCountry>
      <ManufacturerItemDescription>מוסקובסקייה פרוס</ManufacturerItemDescription>
      <UnitQty>קילוגרמים</UnitQty>
      <Quantity>1.00</Quantity>
      <UnitOfMeasure>ק"ג</UnitOfMeasure>
      <bIsWeighted>1</bIsWeighted>
      <QtyInPackage>לא ידוע</QtyInPackage>
      <ItemPrice>149.00</ItemPrice>
      <UnitOfMeasurePrice>149.0000</UnitOfMeasurePrice>
      <AllowDiscount>1</AllowDiscount>
      <ItemStatus>1</ItemStatus>
      <ItemId>44816</ItemId>
    </Item>
    <Item>
      <PriceUpdateDate>2025-08-03 13:12:25</PriceUpdateDate>
      <ItemCode>2196</ItemCode>
      <ItemType>0</ItemType>
      <ItemName>גבינה צדר לבן</ItemName>
      <ManufacturerName>,</ManufacturerName>
      <ManufactureCountry>לא ידוע</ManufactureCountry>
      <ManufacturerItemDescription>גבינת צדר לבן</ManufacturerItemDescription>
      <UnitQty>קילוגרמים</UnitQty>
      <Quantity>1.00</Quantity>
      <UnitOfMeasure>ק"ג</UnitOfMeasure>
      <bIsWeighted>1</bIsWeighted>
      <QtyInPackage>לא ידוע</QtyInPackage>
      <ItemPrice>109.00</ItemPrice>
      <UnitOfMeasurePrice>109.0000</UnitOfMeasurePrice>
      <AllowDiscount>1</AllowDiscount>
      <ItemStatus>1</ItemStatus>
      <ItemId>44823</ItemId>
    </Item>
    <Item>
      <PriceUpdateDate>2024-11-03 14:19:31</PriceUpdateDate>
      <ItemCode>7290000000231</ItemCode>
      <ItemType>1</ItemType>
      <ItemName>סרוולט מוסקובסקי</ItemName>
      <ManufacturerName>ישרקו שיווק מותגי מז</ManufacturerName>
      <ManufactureCountry>לא ידוע</ManufactureCountry>
      <ManufacturerItemDescription>סרוולט מוסקובסקי</ManufacturerItemDescription>
      <UnitQty>קילוגרמים</UnitQty>
      <Quantity>1.00</Quantity>
      <UnitOfMeasure>ק"ג</UnitOfMeasure>
      <bIsWeighted>1</bIsWeighted>
      <QtyInPackage>לא ידוע</QtyInPackage>
      <ItemPrice>219.00</ItemPrice>
      <UnitOfMeasurePrice>219.0000</UnitOfMeasurePrice>
      <AllowDiscount>1</AllowDiscount>
      <ItemStatus>1</ItemStatus>
      <ItemId>44832</ItemId>
    </Item>
    <Item>
      <PriceUpdateDate>2024-11-12 12:03:56</PriceUpdateDate>
      <ItemCode>7290000001556</ItemCode>
      <ItemType>1</ItemType>
      <ItemName>קוסטיצה שחור</ItemName>
      <ManufacturerName>מעדני מניה תעשיות בש</ManufacturerName>
      <ManufactureCountry>לא ידוע</ManufactureCountry>
      <ManufacturerItemDescription>קוסטיצה שחור</ManufacturerItemDescription>
      <UnitQty>קילוגרמים</UnitQty>
      <Quantity>1.00</Quantity>
      <UnitOfMeasure>ק"ג</UnitOfMeasure>
      <bIsWeighted>1</bIsWeighted>
      <QtyInPackage>לא ידוע</QtyInPackage>
      <ItemPrice>199.00</ItemPrice>
      <UnitOfMeasurePrice>199.0000</UnitOfMeasurePrice>
      <AllowDiscount>1</AllowDiscount>
      <ItemStatus>1</ItemStatus>
      <ItemId>44850</ItemId>
    </Item>
    <Item>
      <PriceUpdateDate>2025-02-02 07:39:53</PriceUpdateDate>
      <ItemCode>16008</ItemCode>
      <ItemType>0</ItemType>
      <ItemName>שניצלוני עוף</ItemName>
      <ManufacturerName>,</ManufacturerName>
      <ManufactureCountry>לא ידוע</ManufactureCountry>
      <ManufacturerItemDescription>שניצלוני עוף</ManufacturerItemDescription>
      <UnitQty>קילוגרמים</UnitQty>
      <Quantity>1.00</Quantity>
      <UnitOfMeasure>ק"ג</UnitOfMeasure>
      <bIsWeighted>1</bIsWeighted>
      <QtyInPackage>לא ידוע</QtyInPackage>
      <ItemPrice>99.00</ItemPrice>
      <UnitOfMeasurePrice>99.0000</UnitOfMeasurePrice>
      <AllowDiscount>1</AllowDiscount>
      <ItemStatus>1</ItemStatus>
      <ItemId>44855</ItemId>
    </Item>
    <Item>
      <PriceUpdateDate>2024-04-08 16:14:12</PriceUpdateDate>
      <ItemCode>16009</ItemCode>
      <ItemType>0</ItemType>
      <ItemName>בלינצ"יס עם בשר</ItemName>
      <ManufacturerName>,</ManufacturerName>
      <ManufactureCountry>לא ידוע</ManufactureCountry>
      <ManufacturerItemDescription>בלינציס עם בשר</ManufacturerItemDescription>
      <UnitQty>קילוגרמים</UnitQty>
      <Quantity>1.00</Quantity>
      <UnitOfMeasure>ק"ג</UnitOfMeasure>
      <bIsWeighted>1</bIsWeighted>
      <QtyInPackage>לא ידוע</QtyInPackage>
      <ItemPrice>89.00</ItemPrice>
      <UnitOfMeasurePrice>89.0000</UnitOfMeasurePrice>
      <AllowDiscount>1</AllowDiscount>
      <ItemStatus>1</ItemStatus>
      <ItemId>44856</ItemId>
    </Item>
    <Item>
      <PriceUpdateDate>2023-12-31 12:47:52</PriceUpdateDate>
      <ItemCode>16055</ItemCode>
      <ItemType>0</ItemType>
      <ItemName>סלט שובה</ItemName>
      <ManufacturerName>,</ManufacturerName>
      <ManufactureCountry>לא ידוע</ManufactureCountry>
      <ManufacturerItemDescription>סלט שובה</ManufacturerItemDescription>
      <UnitQty>קילוגרמים</UnitQty>
      <Quantity>1.00</Quantity>
      <UnitOfMeasure>ק"ג</UnitOfMeasure>
      <bIsWeighted>1</bIsWeighted>
      <QtyInPackage>לא ידוע</QtyInPackage>
      <ItemPrice>69.00</ItemPrice>
      <UnitOfMeasurePrice>69.0000</UnitOfMeasurePrice>
      <AllowDiscount>1</AllowDiscount>
      <ItemStatus>1</ItemStatus>
      <ItemId>44859</ItemId>
    </Item>
    <Item>
      <PriceUpdateDate>2025-02-02 07:39:53</PriceUpdateDate>
      <ItemCode>16434</ItemCode>
      <ItemType>0</ItemType>
      <ItemName>חציל יווני</ItemName>
      <ManufacturerName>,</ManufacturerName>
      <ManufactureCountry>לא ידוע</ManufactureCountry>
      <ManufacturerItemDescription>סנטה יושב על 2 מתנות</ManufacturerItemDescription>
      <UnitQty>קילוגרמים</UnitQty>
      <Quantity>1.00</Quantity>
      <UnitOfMeasure>ק"ג</UnitOfMeasure>
      <bIsWeighted>1</bIsWeighted>
      <QtyInPackage>לא ידוע</QtyInPackage>
      <ItemPrice>69.00</ItemPrice>
      <UnitOfMeasurePrice>69.0000</UnitOfMeasurePrice>
      <AllowDiscount>1</AllowDiscount>
      <ItemStatus>1</ItemStatus>
      <ItemId>44862</ItemId>
    </Item>
    <Item>
      <PriceUpdateDate>2025-03-06 18:28:07</PriceUpdateDate>
      <ItemCode>17247</ItemCode>
      <ItemType>0</ItemType>
      <ItemName>אווזית בקר טרי</ItemName>
      <ManufacturerName>בית מטבחיים דבאח</ManufacturerName>
      <ManufactureCountry>לא ידוע</ManufactureCountry>
      <ManufacturerItemDescription>אווזית עגל  טרי</ManufacturerItemDescription>
      <UnitQty>קילוגרמים</UnitQty>
      <Quantity>1.00</Quantity>
      <UnitOfMeasure>ק"ג</UnitOfMeasure>
      <bIsWeighted>1</bIsWeighted>
      <QtyInPackage>לא ידוע</QtyInPackage>
      <ItemPrice>79.90</ItemPrice>
      <UnitOfMeasurePrice>79.9000</UnitOfMeasurePrice>
      <AllowDiscount>1</AllowDiscount>
      <ItemStatus>1</ItemStatus>
      <ItemId>44877</ItemId>
    </Item>
    <Item>
      <PriceUpdateDate>2024-11-03 14:19:31</PriceUpdateDate>
      <ItemCode>1888</ItemCode>
      <ItemType>0</ItemType>
      <ItemName>נקניק חי סלמי סוגוק</ItemName>
      <ManufacturerName>ישרקו שיווק מותגי מז</ManufacturerName>
      <ManufactureCountry>לא ידוע</ManufactureCountry>
      <ManufacturerItemDescription>נקניק  חי סלמי סוגוק</ManufacturerItemDescription>
      <UnitQty>קילוגרמים</UnitQty>
      <Quantity>1.00</Quantity>
      <UnitOfMeasure>ק"ג</UnitOfMeasure>
      <bIsWeighted>1</bIsWeighted>
      <QtyInPackage>לא ידוע</QtyInPackage>
      <ItemPrice>196.00</ItemPrice>
      <UnitOfMeasurePrice>196.0000</UnitOfMeasurePrice>
      <AllowDiscount>1</AllowDiscount>
      <ItemStatus>1</ItemStatus>
      <ItemId>44896</ItemId>
    </Item>
    <Item>
      <PriceUpdateDate>2025-08-03 13:12:25</PriceUpdateDate>
      <ItemCode>2178</ItemCode>
      <ItemType>0</ItemType>
      <ItemName>גבינה גאודה עגבניות</ItemName>
      <ManufacturerName>,</ManufacturerName>
      <ManufactureCountry>לא ידוע</ManufactureCountry>
      <ManufacturerItemDescription>גבינה גאודה עגבניות זיתים ובזיליקום</ManufacturerItemDescription>
      <UnitQty>קילוגרמים</UnitQty>
      <Quantity>1.00</Quantity>
      <UnitOfMeasure>ק"ג</UnitOfMeasure>
      <bIsWeighted>1</bIsWeighted>
      <QtyInPackage>לא ידוע</QtyInPackage>
      <ItemPrice>149.00</ItemPrice>
      <UnitOfMeasurePrice>149.0000</UnitOfMeasurePrice>
      <AllowDiscount>1</AllowDiscount>
      <ItemStatus>1</ItemStatus>
      <ItemId>44921</ItemId>
    </Item>
    <Item>
      <PriceUpdateDate>2025-08-03 13:12:25</PriceUpdateDate>
      <ItemCode>2190</ItemCode>
      <ItemType>0</ItemType>
      <ItemName>גבינה צדר מיושן</ItemName>
      <ManufacturerName>,</ManufacturerName>
      <ManufactureCountry>לא ידוע</ManufactureCountry>
      <ManufacturerItemDescription>גבינה צדר מיושן</ManufacturerItemDescription>
      <UnitQty>קילוגרמים</UnitQty>
      <Quantity>1.00</Quantity>
      <UnitOfMeasure>ק"ג</UnitOfMeasure>
      <bIsWeighted>1</bIsWeighted>
      <QtyInPackage>לא ידוע</QtyInPackage>
      <ItemPrice>149.00</ItemPrice>
      <UnitOfMeasurePrice>149.0000</UnitOfMeasurePrice>
      <AllowDiscount>1</AllowDiscount>
      <ItemStatus>1</ItemStatus>
      <ItemId>44922</ItemId>
    </Item>
    <Item>
      <PriceUpdateDate>2024-11-03 14:19:31</PriceUpdateDate>
      <ItemCode>7290000000222</ItemCode>
      <ItemType>1</ItemType>
      <ItemName>וטצינה מוסקובסקיה</ItemName>
      <ManufacturerName>ישרקו שיווק מותגי מז</ManufacturerName>
      <ManufactureCountry>לא ידוע</ManufactureCountry>
      <ManufacturerItemDescription>וטצ"ינה מוסקובסקיה</ManufacturerItemDescription>
      <UnitQty>קילוגרמים</UnitQty>
      <Quantity>1.00</Quantity>
      <UnitOfMeasure>ק"ג</UnitOfMeasure>
      <bIsWeighted>1</bIsWeighted>
      <QtyInPackage>לא ידוע</QtyInPackage>
      <ItemPrice>189.00</ItemPrice>
      <UnitOfMeasurePrice>189.0000</UnitOfMeasurePrice>
      <AllowDiscount>1</AllowDiscount>
      <ItemStatus>1</ItemStatus>
      <ItemId>44925</ItemId>
    </Item>
    <Item>
      <PriceUpdateDate>2023-12-31 12:47:53</PriceUpdateDate>
      <ItemCode>2236</ItemCode>
      <ItemType>0</ItemType>
      <ItemName>גבינה אולד אמסטרדם ג</ItemName>
      <ManufacturerName>,</ManufacturerName>
      <ManufactureCountry>לא ידוע</ManufactureCountry>
      <ManufacturerItemDescription>גבינה באוסקס/ריז"סקי</ManufacturerItemDescription>
      <UnitQty>קילוגרמים</UnitQty>
      <Quantity>1.00</Quantity>
      <UnitOfMeasure>ק"ג</UnitOfMeasure>
      <bIsWeighted>1</bIsWeighted>
      <QtyInPackage>לא ידוע</QtyInPackage>
      <ItemPrice>169.00</ItemPrice>
      <UnitOfMeasurePrice>169.0000</UnitOfMeasurePrice>
      <AllowDiscount>1</AllowDiscount>
      <ItemStatus>1</ItemStatus>
      <ItemId>44927</ItemId>
    </Item>
    <Item>
      <PriceUpdateDate>2024-07-01 11:07:57</PriceUpdateDate>
      <ItemCode>7290000002250</ItemCode>
      <ItemType>1</ItemType>
      <ItemName>גבינת עיזים בושה דה</ItemName>
      <ManufacturerName>,</ManufacturerName>
      <ManufactureCountry>לא ידוע</ManufactureCountry>
      <ManufacturerItemDescription>גבינת עיזים בושה דה שברה</ManufacturerItemDescription>
      <UnitQty>קילוגרמים</UnitQty>
      <Quantity>1.00</Quantity>
      <UnitOfMeasure>ק"ג</UnitOfMeasure>
      <bIsWeighted>1</bIsWeighted>
      <QtyInPackage>לא ידוע</QtyInPackage>
      <ItemPrice>159.00</ItemPrice>
      <UnitOfMeasurePrice>159.0000</UnitOfMeasurePrice>
      <AllowDiscount>1</AllowDiscount>
      <ItemStatus>1</ItemStatus>
      <ItemId>44928</ItemId>
    </Item>
    <Item>
      <PriceUpdateDate>2024-11-03 14:19:32</PriceUpdateDate>
      <ItemCode>7290000000229</ItemCode>
      <ItemType>1</ItemType>
      <ItemName>סלמי צרפתי</ItemName>
      <ManufacturerName>ישרקו שיווק מותגי מז</ManufacturerName>
      <ManufactureCountry>לא ידוע</ManufactureCountry>
      <ManufacturerItemDescription>סלמי צרפתי</ManufacturerItemDescription>
      <UnitQty>קילוגרמים</UnitQty>
      <Quantity>1.00</Quantity>
      <UnitOfMeasure>ק"ג</UnitOfMeasure>
      <bIsWeighted>1</bIsWeighted>
      <QtyInPackage>לא ידוע</QtyInPackage>
      <ItemPrice>219.00</ItemPrice>
      <UnitOfMeasurePrice>219.0000</UnitOfMeasurePrice>
      <AllowDiscount>1</AllowDiscount>
      <ItemStatus>1</ItemStatus>
      <ItemId>44930</ItemId>
    </Item>
    <Item>
      <PriceUpdateDate>2024-11-03 14:19:32</PriceUpdateDate>
      <ItemCode>7290000000246</ItemCode>
      <ItemType>1</ItemType>
      <ItemName>סרוולט אוסטרי</ItemName>
      <ManufacturerName>ישרקו שיווק מותגי מז</ManufacturerName>
      <ManufactureCountry>לא ידוע</ManufactureCountry>
      <ManufacturerItemDescription>סרוולט אוסטרי</ManufacturerItemDescription>
      <UnitQty>קילוגרמים</UnitQty>
      <Quantity>1.00</Quantity>
      <UnitOfMeasure>ק"ג</UnitOfMeasure>
      <bIsWeighted>1</bIsWeighted>
      <QtyInPackage>לא ידוע</QtyInPackage>
      <ItemPrice>229.00</ItemPrice>
      <UnitOfMeasurePrice>229.0000</UnitOfMeasurePrice>
      <AllowDiscount>1</AllowDiscount>
      <ItemStatus>1</ItemStatus>
      <ItemId>44937</ItemId>
    </Item>
    <Item>
      <PriceUpdateDate>2024-11-03 14:19:32</PriceUpdateDate>
      <ItemCode>7290000000248</ItemCode>
      <ItemType>1</ItemType>
      <ItemName>פרושוטו רוסי</ItemName>
      <ManufacturerName>ישרקו שיווק מותגי מז</ManufacturerName>
      <ManufactureCountry>לא ידוע</ManufactureCountry>
      <ManufacturerItemDescription>פרושוטו רוסי</ManufacturerItemDescription>
      <UnitQty>קילוגרמים</UnitQty>
      <Quantity>1.00</Quantity>
      <UnitOfMeasure>ק"ג</UnitOfMeasure>
      <bIsWeighted>1</bIsWeighted>
      <QtyInPackage>לא ידוע</QtyInPackage>
      <ItemPrice>259.00</ItemPrice>
      <UnitOfMeasurePrice>259.0000</UnitOfMeasurePrice>
      <AllowDiscount>1</AllowDiscount>
      <ItemStatus>1</ItemStatus>
      <ItemId>44938</ItemId>
    </Item>
    <Item>
      <PriceUpdateDate>2025-08-03 13:12:25</PriceUpdateDate>
      <ItemCode>7290000002898</ItemCode>
      <ItemType>1</ItemType>
      <ItemName>גבינת צדר מיושן</ItemName>
      <ManufacturerName>,</ManufacturerName>
      <ManufactureCountry>לא ידוע</ManufactureCountry>
      <ManufacturerItemDescription>גבינת צ"דר מיושן</ManufacturerItemDescription>
      <UnitQty>קילוגרמים</UnitQty>
      <Quantity>1.00</Quantity>
      <UnitOfMeasure>ק"ג</UnitOfMeasure>
      <bIsWeighted>1</bIsWeighted>
      <QtyInPackage>לא ידוע</QtyInPackage>
      <ItemPrice>149.00</ItemPrice>
      <UnitOfMeasurePrice>149.0000</UnitOfMeasurePrice>
      <AllowDiscount>1</AllowDiscount>
      <ItemStatus>1</ItemStatus>
      <ItemId>44949</ItemId>
    </Item>
    <Item>
      <PriceUpdateDate>2024-11-03 13:17:03</PriceUpdateDate>
      <ItemCode>368</ItemCode>
      <ItemType>0</ItemType>
      <ItemName>נקניק בייגלה</ItemName>
      <ManufacturerName>מעדני בשר יהודה</ManufacturerName>
      <ManufactureCountry>לא ידוע</ManufactureCountry>
      <ManufacturerItemDescription>נקניק בייגלה</ManufacturerItemDescription>
      <UnitQty>קילוגרמים</UnitQty>
      <Quantity>1.00</Quantity>
      <UnitOfMeasure>ק"ג</UnitOfMeasure>
      <bIsWeighted>1</bIsWeighted>
      <QtyInPackage>לא ידוע</QtyInPackage>
      <ItemPrice>89.00</ItemPrice>
      <UnitOfMeasurePrice>89.0000</UnitOfMeasurePrice>
      <AllowDiscount>1</AllowDiscount>
      <ItemStatus>1</ItemStatus>
      <ItemId>44964</ItemId>
    </Item>
    <Item>
      <PriceUpdateDate>2024-11-03 13:17:03</PriceUpdateDate>
      <ItemCode>381</ItemCode>
      <ItemType>0</ItemType>
      <ItemName>פסטרמה הודו פרפר מעו</ItemName>
      <ManufacturerName>מעדני בשר יהודה</ManufacturerName>
      <ManufactureCountry>לא ידוע</ManufactureCountry>
      <ManufacturerItemDescription>פסטרמה הודו פרפר מעושן</ManufacturerItemDescription>
      <UnitQty>קילוגרמים</UnitQty>
      <Quantity>1.00</Quantity>
      <UnitOfMeasure>ק"ג</UnitOfMeasure>
      <bIsWeighted>1</bIsWeighted>
      <QtyInPackage>לא ידוע</QtyInPackage>
      <ItemPrice>99.00</ItemPrice>
      <UnitOfMeasurePrice>99.0000</UnitOfMeasurePrice>
      <AllowDiscount>1</AllowDiscount>
      <ItemStatus>1</ItemStatus>
      <ItemId>44965</ItemId>
    </Item>
    <Item>
      <PriceUpdateDate>2024-11-12 12:03:19</PriceUpdateDate>
      <ItemCode>7290000000396</ItemCode>
      <ItemType>1</ItemType>
      <ItemName>פריזר אליטניה</ItemName>
      <ManufacturerName>ולדמן ביח"ר לנקניק ו</ManufacturerName>
      <ManufactureCountry>לא ידוע</ManufactureCountry>
      <ManufacturerItemDescription>פריזר אליטנאיה</ManufacturerItemDescription>
      <UnitQty>קילוגרמים</UnitQty>
      <Quantity>1.00</Quantity>
      <UnitOfMeasure>ק"ג</UnitOfMeasure>
      <bIsWeighted>1</bIsWeighted>
      <QtyInPackage>לא ידוע</QtyInPackage>
      <ItemPrice>119.00</ItemPrice>
      <UnitOfMeasurePrice>119.0000</UnitOfMeasurePrice>
      <AllowDiscount>1</AllowDiscount>
      <ItemStatus>1</ItemStatus>
      <ItemId>44969</ItemId>
    </Item>
    <Item>
      <PriceUpdateDate>2024-11-03 14:19:32</PriceUpdateDate>
      <ItemCode>7290000051006</ItemCode>
      <ItemType>1</ItemType>
      <ItemName>קישקע במגש</ItemName>
      <ManufacturerName>,</ManufacturerName>
      <ManufactureCountry>לא ידוע</ManufactureCountry>
      <ManufacturerItemDescription>קישקע במגש</ManufacturerItemDescription>
      <UnitQty>קילוגרמים</UnitQty>
      <Quantity>1.00</Quantity>
      <UnitOfMeasure>ק"ג</UnitOfMeasure>
      <bIsWeighted>1</bIsWeighted>
      <QtyInPackage>לא ידוע</QtyInPackage>
      <ItemPrice>56.90</ItemPrice>
      <UnitOfMeasurePrice>56.9000</UnitOfMeasurePrice>
      <AllowDiscount>1</AllowDiscount>
      <ItemStatus>1</ItemStatus>
      <ItemId>44971</ItemId>
    </Item>
    <Item>
      <PriceUpdateDate>2024-05-07 14:11:10</PriceUpdateDate>
      <ItemCode>7290000000441</ItemCode>
      <ItemType>1</ItemType>
      <ItemName>נקניק פרח פרוס</ItemName>
      <ManufacturerName>ולדמן ביח"ר לנקניק ו</ManufacturerName>
      <ManufactureCountry>לא ידוע</ManufactureCountry>
      <ManufacturerItemDescription>נקניק פרח פרוס</ManufacturerItemDescription>
      <UnitQty>קילוגרמים</UnitQty>
      <Quantity>1.00</Quantity>
      <UnitOfMeasure>ק"ג</UnitOfMeasure>
      <bIsWeighted>1</bIsWeighted>
      <QtyInPackage>לא ידוע</QtyInPackage>
      <ItemPrice>139.00</ItemPrice>
      <UnitOfMeasurePrice>139.0000</UnitOfMeasurePrice>
      <AllowDiscount>1</AllowDiscount>
      <ItemStatus>1</ItemStatus>
      <ItemId>44980</ItemId>
    </Item>
    <Item>
      <PriceUpdateDate>2024-11-03 14:19:32</PriceUpdateDate>
      <ItemCode>7290000000238</ItemCode>
      <ItemType>1</ItemType>
      <ItemName>רו סרוולט</ItemName>
      <ManufacturerName>ישרקו שיווק מותגי מז</ManufacturerName>
      <ManufactureCountry>לא ידוע</ManufactureCountry>
      <ManufacturerItemDescription>רו-סרוולט</ManufacturerItemDescription>
      <UnitQty>קילוגרמים</UnitQty>
      <Quantity>1.00</Quantity>
      <UnitOfMeasure>ק"ג</UnitOfMeasure>
      <bIsWeighted>1</bIsWeighted>
      <QtyInPackage>לא ידוע</QtyInPackage>
      <ItemPrice>219.00</ItemPrice>
      <UnitOfMeasurePrice>219.0000</UnitOfMeasurePrice>
      <AllowDiscount>1</AllowDiscount>
      <ItemStatus>1</ItemStatus>
      <ItemId>44987</ItemId>
    </Item>
    <Item>
      <PriceUpdateDate>2024-11-03 14:19:32</PriceUpdateDate>
      <ItemCode>7290000000249</ItemCode>
      <ItemType>1</ItemType>
      <ItemName>סרוולט קופצסקיי</ItemName>
      <ManufacturerName>ישרקו שיווק מותגי מז</ManufacturerName>
      <ManufactureCountry>לא ידוע</ManufactureCountry>
      <ManufacturerItemDescription>סרוולט קופצ"סקי</ManufacturerItemDescription>
      <UnitQty>קילוגרמים</UnitQty>
      <Quantity>1.00</Quantity>
      <UnitOfMeasure>ק"ג</UnitOfMeasure>
      <bIsWeighted>1</bIsWeighted>
      <QtyInPackage>לא ידוע</QtyInPackage>
      <ItemPrice>149.00</ItemPrice>
      <UnitOfMeasurePrice>149.0000</UnitOfMeasurePrice>
      <AllowDiscount>1</AllowDiscount>
      <ItemStatus>1</ItemStatus>
      <ItemId>44991</ItemId>
    </Item>
    <Item>
      <PriceUpdateDate>2024-11-11 14:56:09</PriceUpdateDate>
      <ItemCode>7290000000511</ItemCode>
      <ItemType>1</ItemType>
      <ItemName>גולן פרוס</ItemName>
      <ManufacturerName>מעדני מניה תעשיות בש</ManufacturerName>
      <ManufactureCountry>לא ידוע</ManufactureCountry>
      <ManufacturerItemDescription>גולן פרוס</ManufacturerItemDescription>
      <UnitQty>קילוגרמים</UnitQty>
      <Quantity>1.00</Quantity>
      <UnitOfMeasure>ק"ג</UnitOfMeasure>
      <bIsWeighted>1</bIsWeighted>
      <QtyInPackage>לא ידוע</QtyInPackage>
      <ItemPrice>149.00</ItemPrice>
      <UnitOfMeasurePrice>149.0000</UnitOfMeasurePrice>
      <AllowDiscount>1</AllowDiscount>
      <ItemStatus>1</ItemStatus>
      <ItemId>45004</ItemId>
    </Item>
    <Item>
      <PriceUpdateDate>2024-11-11 14:56:09</PriceUpdateDate>
      <ItemCode>7290000000531</ItemCode>
      <ItemType>1</ItemType>
      <ItemName>נקניק קרסטיאנסקיה</ItemName>
      <ManufacturerName>מעדני מניה תעשיות בש</ManufacturerName>
      <ManufactureCountry>לא ידוע</ManufactureCountry>
      <ManufacturerItemDescription>נקניק קרסטיאנסקיה</ManufacturerItemDescription>
      <UnitQty>קילוגרמים</UnitQty>
      <Quantity>1.00</Quantity>
      <UnitOfMeasure>ק"ג</UnitOfMeasure>
      <bIsWeighted>1</bIsWeighted>
      <QtyInPackage>לא ידוע</QtyInPackage>
      <ItemPrice>129.00</ItemPrice>
      <UnitOfMeasurePrice>129.0000</UnitOfMeasurePrice>
      <AllowDiscount>1</AllowDiscount>
      <ItemStatus>1</ItemStatus>
      <ItemId>45006</ItemId>
    </Item>
    <Item>
      <PriceUpdateDate>2023-12-31 12:47:53</PriceUpdateDate>
      <ItemCode>6140</ItemCode>
      <ItemType>0</ItemType>
      <ItemName>גבינה אמנטל</ItemName>
      <ManufacturerName>,</ManufacturerName>
      <ManufactureCountry>לא ידוע</ManufactureCountry>
      <ManufacturerItemDescription>גבינה אמנטל</ManufacturerItemDescription>
      <UnitQty>קילוגרמים</UnitQty>
      <Quantity>1.00</Quantity>
      <UnitOfMeasure>ק"ג</UnitOfMeasure>
      <bIsWeighted>1</bIsWeighted>
      <QtyInPackage>לא ידוע</QtyInPackage>
      <ItemPrice>139.00</ItemPrice>
      <UnitOfMeasurePrice>139.0000</UnitOfMeasurePrice>
      <AllowDiscount>1</AllowDiscount>
      <ItemStatus>1</ItemStatus>
      <ItemId>45030</ItemId>
    </Item>
    <Item>
      <PriceUpdateDate>2023-12-31 12:47:53</PriceUpdateDate>
      <ItemCode>6177</ItemCode>
      <ItemType>0</ItemType>
      <ItemName>גבינה גאודה איטלקית</ItemName>
      <ManufacturerName>,</ManufacturerName>
      <ManufactureCountry>לא ידוע</ManufactureCountry>
      <ManufacturerItemDescription>פריט לא קיים</ManufacturerItemDescription>
      <UnitQty>קילוגרמים</UnitQty>
      <Quantity>1.00</Quantity>
      <UnitOfMeasure>ק"ג</UnitOfMeasure>
      <bIsWeighted>1</bIsWeighted>
      <QtyInPackage>לא ידוע</QtyInPackage>
      <ItemPrice>169.00</ItemPrice>
      <UnitOfMeasurePrice>169.0000</UnitOfMeasurePrice>
      <AllowDiscount>1</AllowDiscount>
      <ItemStatus>1</ItemStatus>
      <ItemId>45032</ItemId>
    </Item>
    <Item>
      <PriceUpdateDate>2024-06-16 09:46:15</PriceUpdateDate>
      <ItemCode>7290000006352</ItemCode>
      <ItemType>1</ItemType>
      <ItemName>גבינה מוצרלה במים גד</ItemName>
      <ManufacturerName>,</ManufacturerName>
      <ManufactureCountry>לא ידוע</ManufactureCountry>
      <ManufacturerItemDescription>גבינה מוצרלה במים גדול/קטן/בייבי</ManufacturerItemDescription>
      <UnitQty>קילוגרמים</UnitQty>
      <Quantity>1.00</Quantity>
      <UnitOfMeasure>ק"ג</UnitOfMeasure>
      <bIsWeighted>1</bIsWeighted>
      <QtyInPackage>לא ידוע</QtyInPackage>
      <ItemPrice>109.00</ItemPrice>
      <UnitOfMeasurePrice>109.0000</UnitOfMeasurePrice>
      <AllowDiscount>1</AllowDiscount>
      <ItemStatus>1</ItemStatus>
      <ItemId>45042</ItemId>
    </Item>
    <Item>
      <PriceUpdateDate>2023-12-31 12:47:53</PriceUpdateDate>
      <ItemCode>6394</ItemCode>
      <ItemType>0</ItemType>
      <ItemName>גבינה צדר כתום אנגלי</ItemName>
      <ManufacturerName>,</ManufacturerName>
      <ManufactureCountry>לא ידוע</ManufactureCountry>
      <ManufacturerItemDescription>גבינה צדר כתום אנגלי</ManufacturerItemDescription>
      <UnitQty>קילוגרמים</UnitQty>
      <Quantity>1.00</Quantity>
      <UnitOfMeasure>ק"ג</UnitOfMeasure>
      <bIsWeighted>1</bIsWeighted>
      <QtyInPackage>לא ידוע</QtyInPackage>
      <ItemPrice>149.00</ItemPrice>
      <UnitOfMeasurePrice>149.0000</UnitOfMeasurePrice>
      <AllowDiscount>1</AllowDiscount>
      <ItemStatus>1</ItemStatus>
      <ItemId>45046</ItemId>
    </Item>
    <Item>
      <PriceUpdateDate>2025-12-01 19:58:16</PriceUpdateDate>
      <ItemCode>7290000006706</ItemCode>
      <ItemType>1</ItemType>
      <ItemName>מקרל מעושן מדיום</ItemName>
      <ManufacturerName>,</ManufacturerName>
      <ManufactureCountry>לא ידוע</ManufactureCountry>
      <ManufacturerItemDescription>מקרלמעושן מדיום</ManufacturerItemDescription>
      <UnitQty>קילוגרמים</UnitQty>
      <Quantity>1.00</Quantity>
      <UnitOfMeasure>ק"ג</UnitOfMeasure>
      <bIsWeighted>1</bIsWeighted>
      <QtyInPackage>לא ידוע</QtyInPackage>
      <ItemPrice>99.00</ItemPrice>
      <UnitOfMeasurePrice>99.0000</UnitOfMeasurePrice>
      <AllowDiscount>1</AllowDiscount>
      <ItemStatus>1</ItemStatus>
      <ItemId>45052</ItemId>
    </Item>
    <Item>
      <PriceUpdateDate>2024-08-08 08:35:20</PriceUpdateDate>
      <ItemCode>7290003224265</ItemCode>
      <ItemType>1</ItemType>
      <ItemName>קרפלך במילוי בשר בקר</ItemName>
      <ManufacturerName>,</ManufacturerName>
      <ManufactureCountry>לא ידוע</ManufactureCountry>
      <ManufacturerItemDescription>כיסונים "אורלסקיה" 1</ManufacturerItemDescription>
      <UnitQty>גרמים</UnitQty>
      <Quantity>800.00</Quantity>
      <UnitOfMeasure>100 גרם</UnitOfMeasure>
      <bIsWeighted>0</bIsWeighted>
      <QtyInPackage>לא ידוע</QtyInPackage>
      <ItemPrice>36.90</ItemPrice>
      <UnitOfMeasurePrice>4.6125</UnitOfMeasurePrice>
      <AllowDiscount>1</AllowDiscount>
      <ItemStatus>1</ItemStatus>
      <ItemId>45120</ItemId>
    </Item>
    <Item>
      <PriceUpdateDate>2024-09-02 10:50:40</PriceUpdateDate>
      <ItemCode>855</ItemCode>
      <ItemType>0</ItemType>
      <ItemName>מוסקובסקיה דימוב</ItemName>
      <ManufacturerName>מעדני בשר השוקת</ManufacturerName>
      <ManufactureCountry>לא ידוע</ManufactureCountry>
      <ManufacturerItemDescription>מוסקובסקיה דימוב</ManufacturerItemDescription>
      <UnitQty>קילוגרמים</UnitQty>
      <Quantity>1.00</Quantity>
      <UnitOfMeasure>ק"ג</UnitOfMeasure>
      <bIsWeighted>1</bIsWeighted>
      <QtyInPackage>לא ידוע</QtyInPackage>
      <ItemPrice>159.00</ItemPrice>
      <UnitOfMeasurePrice>159.0000</UnitOfMeasurePrice>
      <AllowDiscount>1</AllowDiscount>
      <ItemStatus>1</ItemStatus>
      <ItemId>45137</ItemId>
    </Item>
    <Item>
      <PriceUpdateDate>2024-09-02 10:50:40</PriceUpdateDate>
      <ItemCode>856</ItemCode>
      <ItemType>0</ItemType>
      <ItemName>סרוולט דימוב</ItemName>
      <ManufacturerName>מעדני בשר השוקת</ManufacturerName>
      <ManufactureCountry>לא ידוע</ManufactureCountry>
      <ManufacturerItemDescription>סרוולט דימוב</ManufacturerItemDescription>
      <UnitQty>קילוגרמים</UnitQty>
      <Quantity>1.00</Quantity>
      <UnitOfMeasure>ק"ג</UnitOfMeasure>
      <bIsWeighted>1</bIsWeighted>
      <QtyInPackage>לא ידוע</QtyInPackage>
      <ItemPrice>129.00</ItemPrice>
      <UnitOfMeasurePrice>129.0000</UnitOfMeasurePrice>
      <AllowDiscount>1</AllowDiscount>
      <ItemStatus>1</ItemStatus>
      <ItemId>45138</ItemId>
    </Item>
    <Item>
      <PriceUpdateDate>2024-11-03 14:19:32</PriceUpdateDate>
      <ItemCode>7290000000268</ItemCode>
      <ItemType>1</ItemType>
      <ItemName>בסטורמה ארמנית</ItemName>
      <ManufacturerName>ישרקו שיווק מותגי מז</ManufacturerName>
      <ManufactureCountry>לא ידוע</ManufactureCountry>
      <ManufacturerItemDescription>בסטרומה ארמנית</ManufacturerItemDescription>
      <UnitQty>קילוגרמים</UnitQty>
      <Quantity>1.00</Quantity>
      <UnitOfMeasure>ק"ג</UnitOfMeasure>
      <bIsWeighted>1</bIsWeighted>
      <QtyInPackage>לא ידוע</QtyInPackage>
      <ItemPrice>269.00</ItemPrice>
      <UnitOfMeasurePrice>269.0000</UnitOfMeasurePrice>
      <AllowDiscount>1</AllowDiscount>
      <ItemStatus>1</ItemStatus>
      <ItemId>45152</ItemId>
    </Item>
    <Item>
      <PriceUpdateDate>2025-08-03 13:12:26</PriceUpdateDate>
      <ItemCode>7290000002872</ItemCode>
      <ItemType>1</ItemType>
      <ItemName>גבינה מאסדם הולנדית</ItemName>
      <ManufacturerName>,</ManufacturerName>
      <ManufactureCountry>לא ידוע</ManufactureCountry>
      <ManufacturerItemDescription>גבינת מאסדם הולנדית</ManufacturerItemDescription>
      <UnitQty>קילוגרמים</UnitQty>
      <Quantity>1.00</Quantity>
      <UnitOfMeasure>ק"ג</UnitOfMeasure>
      <bIsWeighted>1</bIsWeighted>
      <QtyInPackage>לא ידוע</QtyInPackage>
      <ItemPrice>89.00</ItemPrice>
      <UnitOfMeasurePrice>89.0000</UnitOfMeasurePrice>
      <AllowDiscount>1</AllowDiscount>
      <ItemStatus>1</ItemStatus>
      <ItemId>45159</ItemId>
    </Item>
    <Item>
      <PriceUpdateDate>2024-11-03 14:19:32</PriceUpdateDate>
      <ItemCode>7290000000289</ItemCode>
      <ItemType>1</ItemType>
      <ItemName>לשון זליבנוי טילצי</ItemName>
      <ManufacturerName>ישרקו שיווק מותגי מז</ManufacturerName>
      <ManufactureCountry>לא ידוע</ManufactureCountry>
      <ManufacturerItemDescription>לשון זליבנוי טילצ"י</ManufacturerItemDescription>
      <UnitQty>קילוגרמים</UnitQty>
      <Quantity>1.00</Quantity>
      <UnitOfMeasure>ק"ג</UnitOfMeasure>
      <bIsWeighted>1</bIsWeighted>
      <QtyInPackage>לא ידוע</QtyInPackage>
      <ItemPrice>109.00</ItemPrice>
      <UnitOfMeasurePrice>109.0000</UnitOfMeasurePrice>
      <AllowDiscount>1</AllowDiscount>
      <ItemStatus>1</ItemStatus>
      <ItemId>45160</ItemId>
    </Item>
    <Item>
      <PriceUpdateDate>2025-08-03 13:12:26</PriceUpdateDate>
      <ItemCode>7290000002891</ItemCode>
      <ItemType>1</ItemType>
      <ItemName>רוגט</ItemName>
      <ManufacturerName>,</ManufacturerName>
      <ManufactureCountry>לא ידוע</ManufactureCountry>
      <ManufacturerItemDescription>רוג"ט שקיל</ManufacturerItemDescription>
      <UnitQty>קילוגרמים</UnitQty>
      <Quantity>1.00</Quantity>
      <UnitOfMeasure>ק"ג</UnitOfMeasure>
      <bIsWeighted>1</bIsWeighted>
      <QtyInPackage>לא ידוע</QtyInPackage>
      <ItemPrice>209.00</ItemPrice>
      <UnitOfMeasurePrice>209.0000</UnitOfMeasurePrice>
      <AllowDiscount>1</AllowDiscount>
      <ItemStatus>1</ItemStatus>
      <ItemId>45161</ItemId>
    </Item>
    <Item>
      <PriceUpdateDate>2025-08-03 13:12:26</PriceUpdateDate>
      <ItemCode>2940</ItemCode>
      <ItemType>0</ItemType>
      <ItemName>גבינת גאודה אגוזים</ItemName>
      <ManufacturerName>,</ManufacturerName>
      <ManufactureCountry>לא ידוע</ManufactureCountry>
      <ManufacturerItemDescription>גבינת גאודה אגוזים ה</ManufacturerItemDescription>
      <UnitQty>קילוגרמים</UnitQty>
      <Quantity>1.00</Quantity>
      <UnitOfMeasure>ק"ג</UnitOfMeasure>
      <bIsWeighted>1</bIsWeighted>
      <QtyInPackage>לא ידוע</QtyInPackage>
      <ItemPrice>159.00</ItemPrice>
      <UnitOfMeasurePrice>159.0000</UnitOfMeasurePrice>
      <AllowDiscount>1</AllowDiscount>
      <ItemStatus>1</ItemStatus>
      <ItemId>45166</ItemId>
    </Item>
    <Item>
      <PriceUpdateDate>2024-11-03 14:19:32</PriceUpdateDate>
      <ItemCode>319</ItemCode>
      <ItemType>0</ItemType>
      <ItemName>שפק מעושן</ItemName>
      <ManufacturerName>זילבר תעשיות מוצרי ב</ManufacturerName>
      <ManufactureCountry>לא ידוע</ManufactureCountry>
      <ManufacturerItemDescription>שפק מעושן</ManufacturerItemDescription>
      <UnitQty>קילוגרמים</UnitQty>
      <Quantity>1.00</Quantity>
      <UnitOfMeasure>ק"ג</UnitOfMeasure>
      <bIsWeighted>1</bIsWeighted>
      <QtyInPackage>לא ידוע</QtyInPackage>
      <ItemPrice>249.00</ItemPrice>
      <UnitOfMeasurePrice>249.0000</UnitOfMeasurePrice>
      <AllowDiscount>1</AllowDiscount>
      <ItemStatus>1</ItemStatus>
      <ItemId>45171</ItemId>
    </Item>
    <Item>
      <PriceUpdateDate>2024-11-12 12:03:19</PriceUpdateDate>
      <ItemCode>7290000000403</ItemCode>
      <ItemType>1</ItemType>
      <ItemName>עוף מעושן</ItemName>
      <ManufacturerName>ולדמן ביח"ר לנקניק ו</ManufacturerName>
      <ManufactureCountry>לא ידוע</ManufactureCountry>
      <ManufacturerItemDescription>עוף מעושן</ManufacturerItemDescription>
      <UnitQty>קילוגרמים</UnitQty>
      <Quantity>1.00</Quantity>
      <UnitOfMeasure>ק"ג</UnitOfMeasure>
      <bIsWeighted>1</bIsWeighted>
      <QtyInPackage>לא ידוע</QtyInPackage>
      <ItemPrice>69.00</ItemPrice>
      <UnitOfMeasurePrice>69.0000</UnitOfMeasurePrice>
      <AllowDiscount>1</AllowDiscount>
      <ItemStatus>1</ItemStatus>
      <ItemId>45178</ItemId>
    </Item>
    <Item>
      <PriceUpdateDate>2024-05-07 14:11:11</PriceUpdateDate>
      <ItemCode>7290000000426</ItemCode>
      <ItemType>1</ItemType>
      <ItemName>נקניק פולטבסקיה</ItemName>
      <ManufacturerName>ולדמן ביח"ר לנקניק ו</ManufacturerName>
      <ManufactureCountry>לא ידוע</ManufactureCountry>
      <ManufacturerItemDescription>נקניק פלטבסקיה</ManufacturerItemDescription>
      <UnitQty>קילוגרמים</UnitQty>
      <Quantity>1.00</Quantity>
      <UnitOfMeasure>ק"ג</UnitOfMeasure>
      <bIsWeighted>1</bIsWeighted>
      <QtyInPackage>לא ידוע</QtyInPackage>
      <ItemPrice>149.00</ItemPrice>
      <UnitOfMeasurePrice>149.0000</UnitOfMeasurePrice>
      <AllowDiscount>1</AllowDiscount>
      <ItemStatus>1</ItemStatus>
      <ItemId>45184</ItemId>
    </Item>
    <Item>
      <PriceUpdateDate>2024-11-12 12:03:20</PriceUpdateDate>
      <ItemCode>7290000000456</ItemCode>
      <ItemType>1</ItemType>
      <ItemName>פרלמנט</ItemName>
      <ManufacturerName>ולדמן ביח"ר לנקניק ו</ManufacturerName>
      <ManufactureCountry>לא ידוע</ManufactureCountry>
      <ManufacturerItemDescription>פרלמנט</ManufacturerItemDescription>
      <UnitQty>קילוגרמים</UnitQty>
      <Quantity>1.00</Quantity>
      <UnitOfMeasure>ק"ג</UnitOfMeasure>
      <bIsWeighted>1</bIsWeighted>
      <QtyInPackage>לא ידוע</QtyInPackage>
      <ItemPrice>119.00</ItemPrice>
      <UnitOfMeasurePrice>119.0000</UnitOfMeasurePrice>
      <AllowDiscount>1</AllowDiscount>
      <ItemStatus>1</ItemStatus>
      <ItemId>45189</ItemId>
    </Item>
    <Item>
      <PriceUpdateDate>2024-05-08 08:42:17</PriceUpdateDate>
      <ItemCode>7290000000478</ItemCode>
      <ItemType>1</ItemType>
      <ItemName>לשון בקר מבושל</ItemName>
      <ManufacturerName>ולדמן ביח"ר לנקניק ו</ManufacturerName>
      <ManufactureCountry>לא ידוע</ManufactureCountry>
      <ManufacturerItemDescription>לשון בקר מבושל</ManufacturerItemDescription>
      <UnitQty>קילוגרמים</UnitQty>
      <Quantity>1.00</Quantity>
      <UnitOfMeasure>ק"ג</UnitOfMeasure>
      <bIsWeighted>1</bIsWeighted>
      <QtyInPackage>לא ידוע</QtyInPackage>
      <ItemPrice>109.00</ItemPrice>
      <UnitOfMeasurePrice>109.0000</UnitOfMeasurePrice>
      <AllowDiscount>1</AllowDiscount>
      <ItemStatus>1</ItemStatus>
      <ItemId>45190</ItemId>
    </Item>
    <Item>
      <PriceUpdateDate>2024-11-12 12:03:20</PriceUpdateDate>
      <ItemCode>7290000001396</ItemCode>
      <ItemType>1</ItemType>
      <ItemName>פריזר אליטניה מיני</ItemName>
      <ManufacturerName>ולדמן ביח"ר לנקניק ו</ManufacturerName>
      <ManufactureCountry>לא ידוע</ManufactureCountry>
      <ManufacturerItemDescription>פריזר אליטניה מיני</ManufacturerItemDescription>
      <UnitQty>קילוגרמים</UnitQty>
      <Quantity>1.00</Quantity>
      <UnitOfMeasure>ק"ג</UnitOfMeasure>
      <bIsWeighted>1</bIsWeighted>
      <QtyInPackage>לא ידוע</QtyInPackage>
      <ItemPrice>119.00</ItemPrice>
      <UnitOfMeasurePrice>119.0000</UnitOfMeasurePrice>
      <AllowDiscount>1</AllowDiscount>
      <ItemStatus>1</ItemStatus>
      <ItemId>45215</ItemId>
    </Item>
    <Item>
      <PriceUpdateDate>2023-12-31 12:47:54</PriceUpdateDate>
      <ItemCode>16038</ItemCode>
      <ItemType>0</ItemType>
      <ItemName>פרגיות ממולאות</ItemName>
      <ManufacturerName>,</ManufacturerName>
      <ManufactureCountry>לא ידוע</ManufactureCountry>
      <ManufacturerItemDescription>פרגיות ממולא</ManufacturerItemDescription>
      <UnitQty>קילוגרמים</UnitQty>
      <Quantity>1.00</Quantity>
      <UnitOfMeasure>ק"ג</UnitOfMeasure>
      <bIsWeighted>1</bIsWeighted>
      <QtyInPackage>לא ידוע</QtyInPackage>
      <ItemPrice>119.00</ItemPrice>
      <UnitOfMeasurePrice>119.0000</UnitOfMeasurePrice>
      <AllowDiscount>1</AllowDiscount>
      <ItemStatus>1</ItemStatus>
      <ItemId>45224</ItemId>
    </Item>
    <Item>
      <PriceUpdateDate>2024-09-02 11:09:07</PriceUpdateDate>
      <ItemCode>16053</ItemCode>
      <ItemType>0</ItemType>
      <ItemName>כבד עוף קצוץ</ItemName>
      <ManufacturerName>,</ManufacturerName>
      <ManufactureCountry>לא ידוע</ManufactureCountry>
      <ManufacturerItemDescription>כבד עוף קצוץ</ManufacturerItemDescription>
      <UnitQty>קילוגרמים</UnitQty>
      <Quantity>1.00</Quantity>
      <UnitOfMeasure>ק"ג</UnitOfMeasure>
      <bIsWeighted>1</bIsWeighted>
      <QtyInPackage>לא ידוע</QtyInPackage>
      <ItemPrice>89.00</ItemPrice>
      <UnitOfMeasurePrice>89.0000</UnitOfMeasurePrice>
      <AllowDiscount>1</AllowDiscount>
      <ItemStatus>1</ItemStatus>
      <ItemId>45226</ItemId>
    </Item>
    <Item>
      <PriceUpdateDate>2025-02-02 07:39:53</PriceUpdateDate>
      <ItemCode>16068</ItemCode>
      <ItemType>0</ItemType>
      <ItemName>סלט ביצים</ItemName>
      <ManufacturerName>,</ManufacturerName>
      <ManufactureCountry>לא ידוע</ManufactureCountry>
      <ManufacturerItemDescription>סלט ביצים</ManufacturerItemDescription>
      <UnitQty>קילוגרמים</UnitQty>
      <Quantity>1.00</Quantity>
      <UnitOfMeasure>ק"ג</UnitOfMeasure>
      <bIsWeighted>1</bIsWeighted>
      <QtyInPackage>לא ידוע</QtyInPackage>
      <ItemPrice>79.00</ItemPrice>
      <UnitOfMeasurePrice>79.0000</UnitOfMeasurePrice>
      <AllowDiscount>1</AllowDiscount>
      <ItemStatus>1</ItemStatus>
      <ItemId>45227</ItemId>
    </Item>
    <Item>
      <PriceUpdateDate>2023-12-31 12:47:54</PriceUpdateDate>
      <ItemCode>17212</ItemCode>
      <ItemType>0</ItemType>
      <ItemName>לשון עגל טרי</ItemName>
      <ManufacturerName>בית מטבחיים דבאח</ManufacturerName>
      <ManufactureCountry>לא ידוע</ManufactureCountry>
      <ManufacturerItemDescription>לשון עגל טרי</ManufacturerItemDescription>
      <UnitQty>קילוגרמים</UnitQty>
      <Quantity>1.00</Quantity>
      <UnitOfMeasure>ק"ג</UnitOfMeasure>
      <bIsWeighted>1</bIsWeighted>
      <QtyInPackage>לא ידוע</QtyInPackage>
      <ItemPrice>45.90</ItemPrice>
      <UnitOfMeasurePrice>45.9000</UnitOfMeasurePrice>
      <AllowDiscount>1</AllowDiscount>
      <ItemStatus>1</ItemStatus>
      <ItemId>45237</ItemId>
    </Item>
    <Item>
      <PriceUpdateDate>2023-12-31 12:47:54</PriceUpdateDate>
      <ItemCode>17217</ItemCode>
      <ItemType>0</ItemType>
      <ItemName>רגל עגל</ItemName>
      <ManufacturerName>בית מטבחיים דבאח</ManufacturerName>
      <ManufactureCountry>לא ידוע</ManufactureCountry>
      <ManufacturerItemDescription>רגל עגל</ManufacturerItemDescription>
      <UnitQty>קילוגרמים</UnitQty>
      <Quantity>1.00</Quantity>
      <UnitOfMeasure>ק"ג</UnitOfMeasure>
      <bIsWeighted>1</bIsWeighted>
      <QtyInPackage>לא ידוע</QtyInPackage>
      <ItemPrice>29.90</ItemPrice>
      <UnitOfMeasurePrice>29.9000</UnitOfMeasurePrice>
      <AllowDiscount>1</AllowDiscount>
      <ItemStatus>1</ItemStatus>
      <ItemId>45238</ItemId>
    </Item>
    <Item>
      <PriceUpdateDate>2025-10-08 18:46:46</PriceUpdateDate>
      <ItemCode>17302</ItemCode>
      <ItemType>0</ItemType>
      <ItemName>ספריבס לבן טרי</ItemName>
      <ManufacturerName>המפרק פירוק ושיווק ב</ManufacturerName>
      <ManufactureCountry>לא ידוע</ManufactureCountry>
      <ManufacturerItemDescription>ספריבס לבן טרי</ManufacturerItemDescription>
      <UnitQty>קילוגרמים</UnitQty>
      <Quantity>1.00</Quantity>
      <UnitOfMeasure>ק"ג</UnitOfMeasure>
      <bIsWeighted>1</bIsWeighted>
      <QtyInPackage>לא ידוע</QtyInPackage>
      <ItemPrice>89.90</ItemPrice>
      <UnitOfMeasurePrice>89.9000</UnitOfMeasurePrice>
      <AllowDiscount>1</AllowDiscount>
      <ItemStatus>1</ItemStatus>
      <ItemId>45241</ItemId>
    </Item>
    <Item>
      <PriceUpdateDate>2025-12-23 12:44:17</PriceUpdateDate>
      <ItemCode>19009</ItemCode>
      <ItemType>0</ItemType>
      <ItemName>רגל עגל פרוס</ItemName>
      <ManufacturerName>בית מטבחיים דבאח</ManufacturerName>
      <ManufactureCountry>לא ידוע</ManufactureCountry>
      <ManufacturerItemDescription>רגל עגל פרוס דבאח</ManufacturerItemDescription>
      <UnitQty>קילוגרמים</UnitQty>
      <Quantity>1.00</Quantity>
      <UnitOfMeasure>ק"ג</UnitOfMeasure>
      <bIsWeighted>1</bIsWeighted>
      <QtyInPackage>לא ידוע</QtyInPackage>
      <ItemPrice>24.90</ItemPrice>
      <UnitOfMeasurePrice>24.9000</UnitOfMeasurePrice>
      <AllowDiscount>1</AllowDiscount>
      <ItemStatus>1</ItemStatus>
      <ItemId>45263</ItemId>
    </Item>
    <Item>
      <PriceUpdateDate>2023-12-31 12:47:55</PriceUpdateDate>
      <ItemCode>2185</ItemCode>
      <ItemType>0</ItemType>
      <ItemName>גבינת צדר מעושן דורס</ItemName>
      <ManufacturerName>,</ManufacturerName>
      <ManufactureCountry>לא ידוע</ManufactureCountry>
      <ManufacturerItemDescription>גבינת צדר מעושן דורסט רד</ManufacturerItemDescription>
      <UnitQty>קילוגרמים</UnitQty>
      <Quantity>1.00</Quantity>
      <UnitOfMeasure>ק"ג</UnitOfMeasure>
      <bIsWeighted>1</bIsWeighted>
      <QtyInPackage>לא ידוע</QtyInPackage>
      <ItemPrice>159.00</ItemPrice>
      <UnitOfMeasurePrice>159.0000</UnitOfMeasurePrice>
      <AllowDiscount>1</AllowDiscount>
      <ItemStatus>1</ItemStatus>
      <ItemId>45288</ItemId>
    </Item>
    <Item>
      <PriceUpdateDate>2023-12-31 12:47:55</PriceUpdateDate>
      <ItemCode>2188</ItemCode>
      <ItemType>0</ItemType>
      <ItemName>גבינה אמנטל צרפתי</ItemName>
      <ManufacturerName>,</ManufacturerName>
      <ManufactureCountry>לא ידוע</ManufactureCountry>
      <ManufacturerItemDescription>גבינה אמנטל צרפתי</ManufacturerItemDescription>
      <UnitQty>קילוגרמים</UnitQty>
      <Quantity>1.00</Quantity>
      <UnitOfMeasure>ק"ג</UnitOfMeasure>
      <bIsWeighted>1</bIsWeighted>
      <QtyInPackage>לא ידוע</QtyInPackage>
      <ItemPrice>129.00</ItemPrice>
      <UnitOfMeasurePrice>129.0000</UnitOfMeasurePrice>
      <AllowDiscount>1</AllowDiscount>
      <ItemStatus>1</ItemStatus>
      <ItemId>45289</ItemId>
    </Item>
    <Item>
      <PriceUpdateDate>2024-11-03 14:19:32</PriceUpdateDate>
      <ItemCode>7290000000219</ItemCode>
      <ItemType>1</ItemType>
      <ItemName>זלץ לבן</ItemName>
      <ManufacturerName>ישרקו שיווק מותגי מז</ManufacturerName>
      <ManufactureCountry>לא ידוע</ManufactureCountry>
      <ManufacturerItemDescription>זלץ לבן</ManufacturerItemDescription>
      <UnitQty>קילוגרמים</UnitQty>
      <Quantity>1.00</Quantity>
      <UnitOfMeasure>ק"ג</UnitOfMeasure>
      <bIsWeighted>1</bIsWeighted>
      <QtyInPackage>לא ידוע</QtyInPackage>
      <ItemPrice>109.00</ItemPrice>
      <UnitOfMeasurePrice>109.0000</UnitOfMeasurePrice>
      <AllowDiscount>1</AllowDiscount>
      <ItemStatus>1</ItemStatus>
      <ItemId>45290</ItemId>
    </Item>
    <Item>
      <PriceUpdateDate>2024-11-03 14:19:32</PriceUpdateDate>
      <ItemCode>7290000000227</ItemCode>
      <ItemType>1</ItemType>
      <ItemName>פודקובה</ItemName>
      <ManufacturerName>ישרקו שיווק מותגי מז</ManufacturerName>
      <ManufactureCountry>לא ידוע</ManufactureCountry>
      <ManufacturerItemDescription>פודקובה</ManufacturerItemDescription>
      <UnitQty>קילוגרמים</UnitQty>
      <Quantity>1.00</Quantity>
      <UnitOfMeasure>ק"ג</UnitOfMeasure>
      <bIsWeighted>1</bIsWeighted>
      <QtyInPackage>לא ידוע</QtyInPackage>
      <ItemPrice>89.00</ItemPrice>
      <UnitOfMeasurePrice>89.0000</UnitOfMeasurePrice>
      <AllowDiscount>1</AllowDiscount>
      <ItemStatus>1</ItemStatus>
      <ItemId>45300</ItemId>
    </Item>
    <Item>
      <PriceUpdateDate>2024-11-03 14:19:32</PriceUpdateDate>
      <ItemCode>7290000000230</ItemCode>
      <ItemType>1</ItemType>
      <ItemName>רוסקי סרוולט</ItemName>
      <ManufacturerName>ישרקו שיווק מותגי מז</ManufacturerName>
      <ManufactureCountry>לא ידוע</ManufactureCountry>
      <ManufacturerItemDescription>רוסקי סרוולט</ManufacturerItemDescription>
      <UnitQty>קילוגרמים</UnitQty>
      <Quantity>1.00</Quantity>
      <UnitOfMeasure>ק"ג</UnitOfMeasure>
      <bIsWeighted>1</bIsWeighted>
      <QtyInPackage>לא ידוע</QtyInPackage>
      <ItemPrice>209.00</ItemPrice>
      <UnitOfMeasurePrice>209.0000</UnitOfMeasurePrice>
      <AllowDiscount>1</AllowDiscount>
      <ItemStatus>1</ItemStatus>
      <ItemId>45301</ItemId>
    </Item>
    <Item>
      <PriceUpdateDate>2023-12-31 12:47:55</PriceUpdateDate>
      <ItemCode>2804</ItemCode>
      <ItemType>0</ItemType>
      <ItemName>גבינה אספנה ספרדי אי</ItemName>
      <ManufacturerName>,</ManufacturerName>
      <ManufactureCountry>לא ידוע</ManufactureCountry>
      <ManufacturerItemDescription>גבינה אספנה ספרדי איברקו</ManufacturerItemDescription>
      <UnitQty>קילוגרמים</UnitQty>
      <Quantity>1.00</Quantity>
      <UnitOfMeasure>ק"ג</UnitOfMeasure>
      <bIsWeighted>1</bIsWeighted>
      <QtyInPackage>לא ידוע</QtyInPackage>
      <ItemPrice>139.00</ItemPrice>
      <UnitOfMeasurePrice>139.0000</UnitOfMeasurePrice>
      <AllowDiscount>1</AllowDiscount>
      <ItemStatus>1</ItemStatus>
      <ItemId>45314</ItemId>
    </Item>
    <Item>
      <PriceUpdateDate>2024-11-11 14:56:10</PriceUpdateDate>
      <ItemCode>7290000000555</ItemCode>
      <ItemType>1</ItemType>
      <ItemName>גרמני</ItemName>
      <ManufacturerName>מעדני מניה תעשיות בש</ManufacturerName>
      <ManufactureCountry>לא ידוע</ManufactureCountry>
      <ManufacturerItemDescription>גרמני</ManufacturerItemDescription>
      <UnitQty>קילוגרמים</UnitQty>
      <Quantity>1.00</Quantity>
      <UnitOfMeasure>ק"ג</UnitOfMeasure>
      <bIsWeighted>1</bIsWeighted>
      <QtyInPackage>לא ידוע</QtyInPackage>
      <ItemPrice>149.00</ItemPrice>
      <UnitOfMeasurePrice>149.0000</UnitOfMeasurePrice>
      <AllowDiscount>1</AllowDiscount>
      <ItemStatus>1</ItemStatus>
      <ItemId>45341</ItemId>
    </Item>
    <Item>
      <PriceUpdateDate>2024-11-11 14:56:10</PriceUpdateDate>
      <ItemCode>7290000000558</ItemCode>
      <ItemType>1</ItemType>
      <ItemName>שוק איטלקי</ItemName>
      <ManufacturerName>מעדני מניה תעשיות בש</ManufacturerName>
      <ManufactureCountry>לא ידוע</ManufactureCountry>
      <ManufacturerItemDescription>שוק איטלקי</ManufacturerItemDescription>
      <UnitQty>קילוגרמים</UnitQty>
      <Quantity>1.00</Quantity>
      <UnitOfMeasure>ק"ג</UnitOfMeasure>
      <bIsWeighted>1</bIsWeighted>
      <QtyInPackage>לא ידוע</QtyInPackage>
      <ItemPrice>149.00</ItemPrice>
      <UnitOfMeasurePrice>149.0000</UnitOfMeasurePrice>
      <AllowDiscount>1</AllowDiscount>
      <ItemStatus>1</ItemStatus>
      <ItemId>45342</ItemId>
    </Item>
    <Item>
      <PriceUpdateDate>2025-01-01 09:13:43</PriceUpdateDate>
      <ItemCode>5723</ItemCode>
      <ItemType>0</ItemType>
      <ItemName>עוגת פס בייליס 850 ג</ItemName>
      <ManufacturerName>BUCURIA</ManufacturerName>
      <ManufactureCountry>לא ידוע</ManufactureCountry>
      <ManufacturerItemDescription>סוכ גריליאז בשוקולד</ManufacturerItemDescription>
      <UnitQty>Unknown </UnitQty>
      <Quantity>0.00</Quantity>
      <UnitOfMeasure>Unknown </UnitOfMeasure>
      <bIsWeighted>0</bIsWeighted>
      <QtyInPackage>לא ידוע</QtyInPackage>
      <ItemPrice>135.00</ItemPrice>
      <UnitOfMeasurePrice>0.0000</UnitOfMeasurePrice>
      <AllowDiscount>1</AllowDiscount>
      <ItemStatus>1</ItemStatus>
      <ItemId>45347</ItemId>
    </Item>
    <Item>
      <PriceUpdateDate>2023-12-31 12:47:55</PriceUpdateDate>
      <ItemCode>7290000006149</ItemCode>
      <ItemType>1</ItemType>
      <ItemName>כרוב כבוש</ItemName>
      <ManufacturerName>סלטי עמים ברדה</ManufacturerName>
      <ManufactureCountry>לא ידוע</ManufactureCountry>
      <ManufacturerItemDescription>כרוב כבוש</ManufacturerItemDescription>
      <UnitQty>קילוגרמים</UnitQty>
      <Quantity>1.00</Quantity>
      <UnitOfMeasure>ק"ג</UnitOfMeasure>
      <bIsWeighted>1</bIsWeighted>
      <QtyInPackage>לא ידוע</QtyInPackage>
      <ItemPrice>29.00</ItemPrice>
      <UnitOfMeasurePrice>29.0000</UnitOfMeasurePrice>
      <AllowDiscount>1</AllowDiscount>
      <ItemStatus>1</ItemStatus>
      <ItemId>45363</ItemId>
    </Item>
    <Item>
      <PriceUpdateDate>2024-05-13 08:44:00</PriceUpdateDate>
      <ItemCode>6180</ItemCode>
      <ItemType>0</ItemType>
      <ItemName>זית ירוק עם גלעין</ItemName>
      <ManufacturerName>,</ManufacturerName>
      <ManufactureCountry>לא ידוע</ManufactureCountry>
      <ManufacturerItemDescription>זית ירוק עם גלעין</ManufacturerItemDescription>
      <UnitQty>קילוגרמים</UnitQty>
      <Quantity>1.00</Quantity>
      <UnitOfMeasure>ק"ג</UnitOfMeasure>
      <bIsWeighted>1</bIsWeighted>
      <QtyInPackage>לא ידוע</QtyInPackage>
      <ItemPrice>69.00</ItemPrice>
      <UnitOfMeasurePrice>69.0000</UnitOfMeasurePrice>
      <AllowDiscount>1</AllowDiscount>
      <ItemStatus>1</ItemStatus>
      <ItemId>45366</ItemId>
    </Item>
    <Item>
      <PriceUpdateDate>2024-08-11 19:28:56</PriceUpdateDate>
      <ItemCode>6184</ItemCode>
      <ItemType>0</ItemType>
      <ItemName>זית שחור יבש מרוקאי</ItemName>
      <ManufacturerName>,</ManufacturerName>
      <ManufactureCountry>לא ידוע</ManufactureCountry>
      <ManufacturerItemDescription>זית שחור יבש מרוקאי</ManufacturerItemDescription>
      <UnitQty>קילוגרמים</UnitQty>
      <Quantity>1.00</Quantity>
      <UnitOfMeasure>ק"ג</UnitOfMeasure>
      <bIsWeighted>1</bIsWeighted>
      <QtyInPackage>לא ידוע</QtyInPackage>
      <ItemPrice>69.00</ItemPrice>
      <UnitOfMeasurePrice>69.0000</UnitOfMeasurePrice>
      <AllowDiscount>1</AllowDiscount>
      <ItemStatus>1</ItemStatus>
      <ItemId>45368</ItemId>
    </Item>
    <Item>
      <PriceUpdateDate>2023-12-31 12:47:55</PriceUpdateDate>
      <ItemCode>7290000006343</ItemCode>
      <ItemType>1</ItemType>
      <ItemName>בולגרית מעודנת 24%</ItemName>
      <ManufacturerName>,</ManufacturerName>
      <ManufactureCountry>לא ידוע</ManufactureCountry>
      <ManufacturerItemDescription>בולגרית מעודנת 24%</ManufacturerItemDescription>
      <UnitQty>קילוגרמים</UnitQty>
      <Quantity>1.00</Quantity>
      <UnitOfMeasure>ק"ג</UnitOfMeasure>
      <bIsWeighted>1</bIsWeighted>
      <QtyInPackage>לא ידוע</QtyInPackage>
      <ItemPrice>69.00</ItemPrice>
      <UnitOfMeasurePrice>69.0000</UnitOfMeasurePrice>
      <AllowDiscount>1</AllowDiscount>
      <ItemStatus>1</ItemStatus>
      <ItemId>45374</ItemId>
    </Item>
    <Item>
      <PriceUpdateDate>2025-12-01 19:57:12</PriceUpdateDate>
      <ItemCode>7290000000638</ItemCode>
      <ItemType>1</ItemType>
      <ItemName>סיביו חי מותסס</ItemName>
      <ManufacturerName>קרלברג ייצור ושיווק</ManufacturerName>
      <ManufactureCountry>לא ידוע</ManufactureCountry>
      <ManufacturerItemDescription>סיביו חי מותסס</ManufacturerItemDescription>
      <UnitQty>קילוגרמים</UnitQty>
      <Quantity>1.00</Quantity>
      <UnitOfMeasure>ק"ג</UnitOfMeasure>
      <bIsWeighted>1</bIsWeighted>
      <QtyInPackage>לא ידוע</QtyInPackage>
      <ItemPrice>199.00</ItemPrice>
      <UnitOfMeasurePrice>199.0000</UnitOfMeasurePrice>
      <AllowDiscount>1</AllowDiscount>
      <ItemStatus>1</ItemStatus>
      <ItemId>45375</ItemId>
    </Item>
    <Item>
      <PriceUpdateDate>2024-12-15 07:46:38</PriceUpdateDate>
      <ItemCode>6419</ItemCode>
      <ItemType>0</ItemType>
      <ItemName>זית קלמטה</ItemName>
      <ManufacturerName>,</ManufacturerName>
      <ManufactureCountry>לא ידוע</ManufactureCountry>
      <ManufacturerItemDescription>זית קלמטה</ManufacturerItemDescription>
      <UnitQty>קילוגרמים</UnitQty>
      <Quantity>1.00</Quantity>
      <UnitOfMeasure>ק"ג</UnitOfMeasure>
      <bIsWeighted>1</bIsWeighted>
      <QtyInPackage>לא ידוע</QtyInPackage>
      <ItemPrice>79.00</ItemPrice>
      <UnitOfMeasurePrice>79.0000</UnitOfMeasurePrice>
      <AllowDiscount>1</AllowDiscount>
      <ItemStatus>1</ItemStatus>
      <ItemId>45377</ItemId>
    </Item>
    <Item>
      <PriceUpdateDate>2023-12-31 12:47:55</PriceUpdateDate>
      <ItemCode>6454</ItemCode>
      <ItemType>0</ItemType>
      <ItemName>גבינה קשקבל קפלוטירי</ItemName>
      <ManufacturerName>,</ManufacturerName>
      <ManufactureCountry>יוון</ManufactureCountry>
      <ManufacturerItemDescription>סלט סלמון נורבגי</ManufacturerItemDescription>
      <UnitQty>קילוגרמים</UnitQty>
      <Quantity>1.00</Quantity>
      <UnitOfMeasure>ק"ג</UnitOfMeasure>
      <bIsWeighted>1</bIsWeighted>
      <QtyInPackage>לא ידוע</QtyInPackage>
      <ItemPrice>149.00</ItemPrice>
      <UnitOfMeasurePrice>149.0000</UnitOfMeasurePrice>
      <AllowDiscount>1</AllowDiscount>
      <ItemStatus>1</ItemStatus>
      <ItemId>45379</ItemId>
    </Item>
    <Item>
      <PriceUpdateDate>2025-12-01 19:57:12</PriceUpdateDate>
      <ItemCode>7290000000672</ItemCode>
      <ItemType>1</ItemType>
      <ItemName>סלמי סינאיה חי מותסס</ItemName>
      <ManufacturerName>קרלברג ייצור ושיווק</ManufacturerName>
      <ManufactureCountry>לא ידוע</ManufactureCountry>
      <ManufacturerItemDescription>סלמי סינאיה חי מותסס</ManufacturerItemDescription>
      <UnitQty>קילוגרמים</UnitQty>
      <Quantity>1.00</Quantity>
      <UnitOfMeasure>ק"ג</UnitOfMeasure>
      <bIsWeighted>1</bIsWeighted>
      <QtyInPackage>לא ידוע</QtyInPackage>
      <ItemPrice>199.00</ItemPrice>
      <UnitOfMeasurePrice>199.0000</UnitOfMeasurePrice>
      <AllowDiscount>1</AllowDiscount>
      <ItemStatus>1</ItemStatus>
      <ItemId>45387</ItemId>
    </Item>
    <Item>
      <PriceUpdateDate>2025-04-29 08:26:31</PriceUpdateDate>
      <ItemCode>7790975197456</ItemCode>
      <ItemType>1</ItemType>
      <ItemName>יין שנדון גרדן שפריץ</ItemName>
      <ManufacturerName>,</ManufacturerName>
      <ManufactureCountry>לא ידוע</ManufactureCountry>
      <ManufacturerItemDescription>יין שנדון גרדן שפריץ 750 מל</ManufacturerItemDescription>
      <UnitQty>מיליליטרים</UnitQty>
      <Quantity>750.00</Quantity>
      <UnitOfMeasure>100 מ"ל</UnitOfMeasure>
      <bIsWeighted>0</bIsWeighted>
      <QtyInPackage>1</QtyInPackage>
      <ItemPrice>94.90</ItemPrice>
      <UnitOfMeasurePrice>12.6533</UnitOfMeasurePrice>
      <AllowDiscount>1</AllowDiscount>
      <ItemStatus>1</ItemStatus>
      <ItemId>98197</ItemId>
    </Item>
    <Item>
      <PriceUpdateDate>2025-02-09 10:58:49</PriceUpdateDate>
      <ItemCode>783</ItemCode>
      <ItemType>0</ItemType>
      <ItemName>קוטלט הודו</ItemName>
      <ManufacturerName>מעדני רובינשטיין תעש</ManufacturerName>
      <ManufactureCountry>לא ידוע</ManufactureCountry>
      <ManufacturerItemDescription>קוטלט הודו</ManufacturerItemDescription>
      <UnitQty>קילוגרמים</UnitQty>
      <Quantity>1.00</Quantity>
      <UnitOfMeasure>ק"ג</UnitOfMeasure>
      <bIsWeighted>1</bIsWeighted>
      <QtyInPackage>לא ידוע</QtyInPackage>
      <ItemPrice>159.00</ItemPrice>
      <UnitOfMeasurePrice>159.0000</UnitOfMeasurePrice>
      <AllowDiscount>1</AllowDiscount>
      <ItemStatus>1</ItemStatus>
      <ItemId>45456</ItemId>
    </Item>
    <Item>
      <PriceUpdateDate>2023-12-31 12:47:56</PriceUpdateDate>
      <ItemCode>862</ItemCode>
      <ItemType>0</ItemType>
      <ItemName>מוסקובסקיה חי דימוב</ItemName>
      <ManufacturerName>מעדני בשר השוקת</ManufacturerName>
      <ManufactureCountry>לא ידוע</ManufactureCountry>
      <ManufacturerItemDescription>מוסקובסקיה דימוב חי</ManufacturerItemDescription>
      <UnitQty>קילוגרמים</UnitQty>
      <Quantity>1.00</Quantity>
      <UnitOfMeasure>ק"ג</UnitOfMeasure>
      <bIsWeighted>1</bIsWeighted>
      <QtyInPackage>לא ידוע</QtyInPackage>
      <ItemPrice>189.00</ItemPrice>
      <UnitOfMeasurePrice>189.0000</UnitOfMeasurePrice>
      <AllowDiscount>1</AllowDiscount>
      <ItemStatus>1</ItemStatus>
      <ItemId>45465</ItemId>
    </Item>
    <Item>
      <PriceUpdateDate>2024-11-03 14:19:32</PriceUpdateDate>
      <ItemCode>7290000000885</ItemCode>
      <ItemType>1</ItemType>
      <ItemName>נקניק מורטדלה איטלקי</ItemName>
      <ManufacturerName>ישרקו שיווק מותגי מז</ManufacturerName>
      <ManufactureCountry>לא ידוע</ManufactureCountry>
      <ManufacturerItemDescription>נקניק מורטדלה איטלקי</ManufacturerItemDescription>
      <UnitQty>קילוגרמים</UnitQty>
      <Quantity>1.00</Quantity>
      <UnitOfMeasure>ק"ג</UnitOfMeasure>
      <bIsWeighted>1</bIsWeighted>
      <QtyInPackage>לא ידוע</QtyInPackage>
      <ItemPrice>85.00</ItemPrice>
      <UnitOfMeasurePrice>85.0000</UnitOfMeasurePrice>
      <AllowDiscount>1</AllowDiscount>
      <ItemStatus>1</ItemStatus>
      <ItemId>45467</ItemId>
    </Item>
    <Item>
      <PriceUpdateDate>2024-11-03 14:19:32</PriceUpdateDate>
      <ItemCode>888</ItemCode>
      <ItemType>0</ItemType>
      <ItemName>נקניק חי סלמי סוגוק</ItemName>
      <ManufacturerName>ישרקו שיווק מותגי מז</ManufacturerName>
      <ManufactureCountry>לא ידוע</ManufactureCountry>
      <ManufacturerItemDescription>נקניק  חי סלמי סוגוק</ManufacturerItemDescription>
      <UnitQty>קילוגרמים</UnitQty>
      <Quantity>1.00</Quantity>
      <UnitOfMeasure>ק"ג</UnitOfMeasure>
      <bIsWeighted>1</bIsWeighted>
      <QtyInPackage>לא ידוע</QtyInPackage>
      <ItemPrice>199.00</ItemPrice>
      <UnitOfMeasurePrice>199.0000</UnitOfMeasurePrice>
      <AllowDiscount>1</AllowDiscount>
      <ItemStatus>1</ItemStatus>
      <ItemId>45468</ItemId>
    </Item>
    <Item>
      <PriceUpdateDate>2024-09-02 10:50:40</PriceUpdateDate>
      <ItemCode>911</ItemCode>
      <ItemType>0</ItemType>
      <ItemName>פולקה איטלקי</ItemName>
      <ManufacturerName>מעדני בשר השוקת</ManufacturerName>
      <ManufactureCountry>לא ידוע</ManufactureCountry>
      <ManufacturerItemDescription>פולקה איטלקי</ManufacturerItemDescription>
      <UnitQty>קילוגרמים</UnitQty>
      <Quantity>1.00</Quantity>
      <UnitOfMeasure>ק"ג</UnitOfMeasure>
      <bIsWeighted>1</bIsWeighted>
      <QtyInPackage>לא ידוע</QtyInPackage>
      <ItemPrice>119.00</ItemPrice>
      <UnitOfMeasurePrice>119.0000</UnitOfMeasurePrice>
      <AllowDiscount>1</AllowDiscount>
      <ItemStatus>1</ItemStatus>
      <ItemId>45471</ItemId>
    </Item>
    <Item>
      <PriceUpdateDate>2024-09-02 10:50:40</PriceUpdateDate>
      <ItemCode>925</ItemCode>
      <ItemType>0</ItemType>
      <ItemName>צוואר מעושן</ItemName>
      <ManufacturerName>מעדני בשר השוקת</ManufacturerName>
      <ManufactureCountry>לא ידוע</ManufactureCountry>
      <ManufacturerItemDescription>צוואר מעושן</ManufacturerItemDescription>
      <UnitQty>קילוגרמים</UnitQty>
      <Quantity>1.00</Quantity>
      <UnitOfMeasure>ק"ג</UnitOfMeasure>
      <bIsWeighted>1</bIsWeighted>
      <QtyInPackage>לא ידוע</QtyInPackage>
      <ItemPrice>159.00</ItemPrice>
      <UnitOfMeasurePrice>159.0000</UnitOfMeasurePrice>
      <AllowDiscount>1</AllowDiscount>
      <ItemStatus>1</ItemStatus>
      <ItemId>45476</ItemId>
    </Item>
    <Item>
      <PriceUpdateDate>2024-11-04 09:35:43</PriceUpdateDate>
      <ItemCode>952</ItemCode>
      <ItemType>0</ItemType>
      <ItemName>נקניק הרץ בעישון קר</ItemName>
      <ManufacturerName>,</ManufacturerName>
      <ManufactureCountry>לא ידוע</ManufactureCountry>
      <ManufacturerItemDescription>נקניק הרץ בעישון קר</ManufacturerItemDescription>
      <UnitQty>קילוגרמים</UnitQty>
      <Quantity>1.00</Quantity>
      <UnitOfMeasure>ק"ג</UnitOfMeasure>
      <bIsWeighted>1</bIsWeighted>
      <QtyInPackage>לא ידוע</QtyInPackage>
      <ItemPrice>219.00</ItemPrice>
      <UnitOfMeasurePrice>219.0000</UnitOfMeasurePrice>
      <AllowDiscount>1</AllowDiscount>
      <ItemStatus>1</ItemStatus>
      <ItemId>45479</ItemId>
    </Item>
    <Item>
      <PriceUpdateDate>2024-11-03 13:17:03</PriceUpdateDate>
      <ItemCode>373</ItemCode>
      <ItemType>0</ItemType>
      <ItemName>פריזר מיני</ItemName>
      <ManufacturerName>מעדני בשר יהודה</ManufacturerName>
      <ManufactureCountry>לא ידוע</ManufactureCountry>
      <ManufacturerItemDescription>פריזר מיני</ManufacturerItemDescription>
      <UnitQty>קילוגרמים</UnitQty>
      <Quantity>1.00</Quantity>
      <UnitOfMeasure>ק"ג</UnitOfMeasure>
      <bIsWeighted>1</bIsWeighted>
      <QtyInPackage>לא ידוע</QtyInPackage>
      <ItemPrice>59.00</ItemPrice>
      <UnitOfMeasurePrice>59.0000</UnitOfMeasurePrice>
      <AllowDiscount>1</AllowDiscount>
      <ItemStatus>1</ItemStatus>
      <ItemId>45487</ItemId>
    </Item>
    <Item>
      <PriceUpdateDate>2024-11-03 13:17:03</PriceUpdateDate>
      <ItemCode>382</ItemCode>
      <ItemType>0</ItemType>
      <ItemName>חזה הודו מעודן</ItemName>
      <ManufacturerName>מעדני בשר יהודה</ManufacturerName>
      <ManufactureCountry>לא ידוע</ManufactureCountry>
      <ManufacturerItemDescription>חזה הודו מעודן</ManufacturerItemDescription>
      <UnitQty>קילוגרמים</UnitQty>
      <Quantity>1.00</Quantity>
      <UnitOfMeasure>ק"ג</UnitOfMeasure>
      <bIsWeighted>1</bIsWeighted>
      <QtyInPackage>לא ידוע</QtyInPackage>
      <ItemPrice>129.00</ItemPrice>
      <UnitOfMeasurePrice>129.0000</UnitOfMeasurePrice>
      <AllowDiscount>1</AllowDiscount>
      <ItemStatus>1</ItemStatus>
      <ItemId>45489</ItemId>
    </Item>
    <Item>
      <PriceUpdateDate>2024-11-12 12:03:20</PriceUpdateDate>
      <ItemCode>7290000000423</ItemCode>
      <ItemType>1</ItemType>
      <ItemName>ישבן הודו מעושן</ItemName>
      <ManufacturerName>ולדמן ביח"ר לנקניק ו</ManufacturerName>
      <ManufactureCountry>לא ידוע</ManufactureCountry>
      <ManufacturerItemDescription>ישבן הודו מעושן</ManufacturerItemDescription>
      <UnitQty>קילוגרמים</UnitQty>
      <Quantity>1.00</Quantity>
      <UnitOfMeasure>ק"ג</UnitOfMeasure>
      <bIsWeighted>1</bIsWeighted>
      <QtyInPackage>לא ידוע</QtyInPackage>
      <ItemPrice>49.00</ItemPrice>
      <UnitOfMeasurePrice>49.0000</UnitOfMeasurePrice>
      <AllowDiscount>1</AllowDiscount>
      <ItemStatus>1</ItemStatus>
      <ItemId>45508</ItemId>
    </Item>
    <Item>
      <PriceUpdateDate>2024-11-12 12:03:20</PriceUpdateDate>
      <ItemCode>7290000000432</ItemCode>
      <ItemType>1</ItemType>
      <ItemName>נקניק דטסקיה</ItemName>
      <ManufacturerName>ולדמן ביח"ר לנקניק ו</ManufacturerName>
      <ManufactureCountry>לא ידוע</ManufactureCountry>
      <ManufacturerItemDescription>נקניק דטסקיה</ManufacturerItemDescription>
      <UnitQty>קילוגרמים</UnitQty>
      <Quantity>1.00</Quantity>
      <UnitOfMeasure>ק"ג</UnitOfMeasure>
      <bIsWeighted>1</bIsWeighted>
      <QtyInPackage>לא ידוע</QtyInPackage>
      <ItemPrice>99.00</ItemPrice>
      <UnitOfMeasurePrice>99.0000</UnitOfMeasurePrice>
      <AllowDiscount>1</AllowDiscount>
      <ItemStatus>1</ItemStatus>
      <ItemId>45509</ItemId>
    </Item>
    <Item>
      <PriceUpdateDate>2024-11-12 12:03:20</PriceUpdateDate>
      <ItemCode>7290000000445</ItemCode>
      <ItemType>1</ItemType>
      <ItemName>בוזנינה כפרית</ItemName>
      <ManufacturerName>ולדמן ביח"ר לנקניק ו</ManufacturerName>
      <ManufactureCountry>לא ידוע</ManufactureCountry>
      <ManufacturerItemDescription>בוז"נינה כפרית</ManufacturerItemDescription>
      <UnitQty>קילוגרמים</UnitQty>
      <Quantity>1.00</Quantity>
      <UnitOfMeasure>ק"ג</UnitOfMeasure>
      <bIsWeighted>1</bIsWeighted>
      <QtyInPackage>לא ידוע</QtyInPackage>
      <ItemPrice>159.00</ItemPrice>
      <UnitOfMeasurePrice>159.0000</UnitOfMeasurePrice>
      <AllowDiscount>1</AllowDiscount>
      <ItemStatus>1</ItemStatus>
      <ItemId>45510</ItemId>
    </Item>
    <Item>
      <PriceUpdateDate>2024-11-12 12:03:20</PriceUpdateDate>
      <ItemCode>7290000001409</ItemCode>
      <ItemType>1</ItemType>
      <ItemName>סינטה על האש</ItemName>
      <ManufacturerName>ולדמן ביח"ר לנקניק ו</ManufacturerName>
      <ManufactureCountry>לא ידוע</ManufactureCountry>
      <ManufacturerItemDescription>סינטה על האש</ManufacturerItemDescription>
      <UnitQty>קילוגרמים</UnitQty>
      <Quantity>1.00</Quantity>
      <UnitOfMeasure>ק"ג</UnitOfMeasure>
      <bIsWeighted>1</bIsWeighted>
      <QtyInPackage>לא ידוע</QtyInPackage>
      <ItemPrice>169.00</ItemPrice>
      <UnitOfMeasurePrice>169.0000</UnitOfMeasurePrice>
      <AllowDiscount>1</AllowDiscount>
      <ItemStatus>1</ItemStatus>
      <ItemId>45534</ItemId>
    </Item>
    <Item>
      <PriceUpdateDate>2024-11-11 14:56:10</PriceUpdateDate>
      <ItemCode>7290000000521</ItemCode>
      <ItemType>1</ItemType>
      <ItemName>בסטורמה בקר</ItemName>
      <ManufacturerName>מעדני מניה תעשיות בש</ManufacturerName>
      <ManufactureCountry>לא ידוע</ManufactureCountry>
      <ManufacturerItemDescription>בסטרומה בקר</ManufacturerItemDescription>
      <UnitQty>קילוגרמים</UnitQty>
      <Quantity>1.00</Quantity>
      <UnitOfMeasure>ק"ג</UnitOfMeasure>
      <bIsWeighted>1</bIsWeighted>
      <QtyInPackage>לא ידוע</QtyInPackage>
      <ItemPrice>159.00</ItemPrice>
      <UnitOfMeasurePrice>159.0000</UnitOfMeasurePrice>
      <AllowDiscount>1</AllowDiscount>
      <ItemStatus>1</ItemStatus>
      <ItemId>45541</ItemId>
    </Item>
    <Item>
      <PriceUpdateDate>2024-03-25 09:37:28</PriceUpdateDate>
      <ItemCode>7290000001517</ItemCode>
      <ItemType>1</ItemType>
      <ItemName>פריזר בייבי סנדוויץ</ItemName>
      <ManufacturerName>מעדני מניה תעשיות בש</ManufacturerName>
      <ManufactureCountry>לא ידוע</ManufactureCountry>
      <ManufacturerItemDescription>פריזר ביבי סנדוויץ"</ManufacturerItemDescription>
      <UnitQty>קילוגרמים</UnitQty>
      <Quantity>1.00</Quantity>
      <UnitOfMeasure>ק"ג</UnitOfMeasure>
      <bIsWeighted>1</bIsWeighted>
      <QtyInPackage>לא ידוע</QtyInPackage>
      <ItemPrice>45.00</ItemPrice>
      <UnitOfMeasurePrice>45.0000</UnitOfMeasurePrice>
      <AllowDiscount>1</AllowDiscount>
      <ItemStatus>1</ItemStatus>
      <ItemId>45547</ItemId>
    </Item>
    <Item>
      <PriceUpdateDate>2024-11-11 14:56:10</PriceUpdateDate>
      <ItemCode>1530</ItemCode>
      <ItemType>0</ItemType>
      <ItemName>שפק אוקראינסקי</ItemName>
      <ManufacturerName>מעדני מניה תעשיות בש</ManufacturerName>
      <ManufactureCountry>לא ידוע</ManufactureCountry>
      <ManufacturerItemDescription>מינסקייה חי שלם</ManufacturerItemDescription>
      <UnitQty>קילוגרמים</UnitQty>
      <Quantity>1.00</Quantity>
      <UnitOfMeasure>ק"ג</UnitOfMeasure>
      <bIsWeighted>1</bIsWeighted>
      <QtyInPackage>לא ידוע</QtyInPackage>
      <ItemPrice>149.00</ItemPrice>
      <UnitOfMeasurePrice>149.0000</UnitOfMeasurePrice>
      <AllowDiscount>1</AllowDiscount>
      <ItemStatus>1</ItemStatus>
      <ItemId>45549</ItemId>
    </Item>
    <Item>
      <PriceUpdateDate>2025-02-02 07:39:53</PriceUpdateDate>
      <ItemCode>16025</ItemCode>
      <ItemType>0</ItemType>
      <ItemName>צבורקי בשר עוף</ItemName>
      <ManufacturerName>,</ManufacturerName>
      <ManufactureCountry>לא ידוע</ManufactureCountry>
      <ManufacturerItemDescription>צבורקי בשר עוף</ManufacturerItemDescription>
      <UnitQty>Unknown </UnitQty>
      <Quantity>0.00</Quantity>
      <UnitOfMeasure>Unknown </UnitOfMeasure>
      <bIsWeighted>0</bIsWeighted>
      <QtyInPackage>1</QtyInPackage>
      <ItemPrice>8.90</ItemPrice>
      <UnitOfMeasurePrice>0.0000</UnitOfMeasurePrice>
      <AllowDiscount>1</AllowDiscount>
      <ItemStatus>1</ItemStatus>
      <ItemId>45553</ItemId>
    </Item>
    <Item>
      <PriceUpdateDate>2023-12-31 12:47:57</PriceUpdateDate>
      <ItemCode>16045</ItemCode>
      <ItemType>0</ItemType>
      <ItemName>אנזלה צוואר עוף ממול</ItemName>
      <ManufacturerName>,</ManufacturerName>
      <ManufactureCountry>לא ידוע</ManufactureCountry>
      <ManufacturerItemDescription>אנזלה צוואר עוף ממולא</ManufacturerItemDescription>
      <UnitQty>קילוגרמים</UnitQty>
      <Quantity>1.00</Quantity>
      <UnitOfMeasure>ק"ג</UnitOfMeasure>
      <bIsWeighted>1</bIsWeighted>
      <QtyInPackage>לא ידוע</QtyInPackage>
      <ItemPrice>69.00</ItemPrice>
      <UnitOfMeasurePrice>69.0000</UnitOfMeasurePrice>
      <AllowDiscount>1</AllowDiscount>
      <ItemStatus>1</ItemStatus>
      <ItemId>45566</ItemId>
    </Item>
    <Item>
      <PriceUpdateDate>2023-12-31 12:47:57</PriceUpdateDate>
      <ItemCode>16054</ItemCode>
      <ItemType>0</ItemType>
      <ItemName>סלט ויניגרט</ItemName>
      <ManufacturerName>,</ManufacturerName>
      <ManufactureCountry>לא ידוע</ManufactureCountry>
      <ManufacturerItemDescription>סלט ויניגרט</ManufacturerItemDescription>
      <UnitQty>קילוגרמים</UnitQty>
      <Quantity>1.00</Quantity>
      <UnitOfMeasure>ק"ג</UnitOfMeasure>
      <bIsWeighted>1</bIsWeighted>
      <QtyInPackage>לא ידוע</QtyInPackage>
      <ItemPrice>55.00</ItemPrice>
      <UnitOfMeasurePrice>55.0000</UnitOfMeasurePrice>
      <AllowDiscount>1</AllowDiscount>
      <ItemStatus>1</ItemStatus>
      <ItemId>45567</ItemId>
    </Item>
    <Item>
      <PriceUpdateDate>2025-12-01 19:57:12</PriceUpdateDate>
      <ItemCode>7290000001634</ItemCode>
      <ItemType>1</ItemType>
      <ItemName>נקניק תה קטן</ItemName>
      <ManufacturerName>קרלברג ייצור ושיווק</ManufacturerName>
      <ManufactureCountry>לא ידוע</ManufactureCountry>
      <ManufacturerItemDescription>נקניק תה קטן</ManufacturerItemDescription>
      <UnitQty>קילוגרמים</UnitQty>
      <Quantity>1.00</Quantity>
      <UnitOfMeasure>ק"ג</UnitOfMeasure>
      <bIsWeighted>1</bIsWeighted>
      <QtyInPackage>לא ידוע</QtyInPackage>
      <ItemPrice>69.00</ItemPrice>
      <UnitOfMeasurePrice>69.0000</UnitOfMeasurePrice>
      <AllowDiscount>1</AllowDiscount>
      <ItemStatus>1</ItemStatus>
      <ItemId>45571</ItemId>
    </Item>
    <Item>
      <PriceUpdateDate>2024-07-22 08:42:44</PriceUpdateDate>
      <ItemCode>17200</ItemCode>
      <ItemType>0</ItemType>
      <ItemName>בשר עגל בלי עצם</ItemName>
      <ManufacturerName>,</ManufacturerName>
      <ManufactureCountry>לא ידוע</ManufactureCountry>
      <ManufacturerItemDescription>בשר עגל בלי עצם</ManufacturerItemDescription>
      <UnitQty>קילוגרמים</UnitQty>
      <Quantity>1.00</Quantity>
      <UnitOfMeasure>ק"ג</UnitOfMeasure>
      <bIsWeighted>1</bIsWeighted>
      <QtyInPackage>לא ידוע</QtyInPackage>
      <ItemPrice>69.90</ItemPrice>
      <UnitOfMeasurePrice>69.9000</UnitOfMeasurePrice>
      <AllowDiscount>1</AllowDiscount>
      <ItemStatus>1</ItemStatus>
      <ItemId>45576</ItemId>
    </Item>
    <Item>
      <PriceUpdateDate>2025-02-18 18:06:23</PriceUpdateDate>
      <ItemCode>17207</ItemCode>
      <ItemType>0</ItemType>
      <ItemName>עצמות עגל</ItemName>
      <ManufacturerName>,</ManufacturerName>
      <ManufactureCountry>לא ידוע</ManufactureCountry>
      <ManufacturerItemDescription>עצמות עגל</ManufacturerItemDescription>
      <UnitQty>קילוגרמים</UnitQty>
      <Quantity>1.00</Quantity>
      <UnitOfMeasure>ק"ג</UnitOfMeasure>
      <bIsWeighted>1</bIsWeighted>
      <QtyInPackage>לא ידוע</QtyInPackage>
      <ItemPrice>14.90</ItemPrice>
      <UnitOfMeasurePrice>14.9000</UnitOfMeasurePrice>
      <AllowDiscount>1</AllowDiscount>
      <ItemStatus>1</ItemStatus>
      <ItemId>45577</ItemId>
    </Item>
    <Item>
      <PriceUpdateDate>2025-10-28 16:59:45</PriceUpdateDate>
      <ItemCode>17213</ItemCode>
      <ItemType>0</ItemType>
      <ItemName>אוסובוקו עגל</ItemName>
      <ManufacturerName>בית מטבחיים דבאח</ManufacturerName>
      <ManufactureCountry>לא ידוע</ManufactureCountry>
      <ManufacturerItemDescription>אוסובוקו עגל</ManufacturerItemDescription>
      <UnitQty>קילוגרמים</UnitQty>
      <Quantity>1.00</Quantity>
      <UnitOfMeasure>ק"ג</UnitOfMeasure>
      <bIsWeighted>1</bIsWeighted>
      <QtyInPackage>לא ידוע</QtyInPackage>
      <ItemPrice>59.90</ItemPrice>
      <UnitOfMeasurePrice>59.9000</UnitOfMeasurePrice>
      <AllowDiscount>1</AllowDiscount>
      <ItemStatus>1</ItemStatus>
      <ItemId>45579</ItemId>
    </Item>
    <Item>
      <PriceUpdateDate>2025-12-07 09:07:51</PriceUpdateDate>
      <ItemCode>17219</ItemCode>
      <ItemType>0</ItemType>
      <ItemName>זנב עגל טרי</ItemName>
      <ManufacturerName>בית מטבחיים דבאח</ManufacturerName>
      <ManufactureCountry>לא ידוע</ManufactureCountry>
      <ManufacturerItemDescription>זנב עגל טרי</ManufacturerItemDescription>
      <UnitQty>קילוגרמים</UnitQty>
      <Quantity>1.00</Quantity>
      <UnitOfMeasure>ק"ג</UnitOfMeasure>
      <bIsWeighted>1</bIsWeighted>
      <QtyInPackage>לא ידוע</QtyInPackage>
      <ItemPrice>59.90</ItemPrice>
      <UnitOfMeasurePrice>59.9000</UnitOfMeasurePrice>
      <AllowDiscount>1</AllowDiscount>
      <ItemStatus>1</ItemStatus>
      <ItemId>45580</ItemId>
    </Item>
    <Item>
      <PriceUpdateDate>2025-11-17 19:59:05</PriceUpdateDate>
      <ItemCode>4023800501665</ItemCode>
      <ItemType>1</ItemType>
      <ItemName>מרציפן מצופה שוקולד</ItemName>
      <ManufacturerName>,</ManufacturerName>
      <ManufactureCountry>לא ידוע</ManufactureCountry>
      <ManufacturerItemDescription>מרציפן מצופה שוקולד במילוי דובדבן 300 גר</ManufacturerItemDescription>
      <UnitQty>גרמים</UnitQty>
      <Quantity>300.00</Quantity>
      <UnitOfMeasure>100 גרם</UnitOfMeasure>
      <bIsWeighted>0</bIsWeighted>
      <QtyInPackage>1</QtyInPackage>
      <ItemPrice>49.90</ItemPrice>
      <UnitOfMeasurePrice>16.6333</UnitOfMeasurePrice>
      <AllowDiscount>1</AllowDiscount>
      <ItemStatus>1</ItemStatus>
      <ItemId>102819</ItemId>
    </Item>
    <Item>
      <PriceUpdateDate>2025-11-17 19:59:05</PriceUpdateDate>
      <ItemCode>4023800901663</ItemCode>
      <ItemType>1</ItemType>
      <ItemName>מרציפן מצופה שוקולד</ItemName>
      <ManufacturerName>,</ManufacturerName>
      <ManufactureCountry>לא ידוע</ManufactureCountry>
      <ManufacturerItemDescription>מרציפן מצופה שוקולד במילוי תפוז 300 גר</ManufacturerItemDescription>
      <UnitQty>גרמים</UnitQty>
      <Quantity>300.00</Quantity>
      <UnitOfMeasure>100 גרם</UnitOfMeasure>
      <bIsWeighted>0</bIsWeighted>
      <QtyInPackage>1</QtyInPackage>
      <ItemPrice>49.90</ItemPrice>
      <UnitOfMeasurePrice>16.6333</UnitOfMeasurePrice>
      <AllowDiscount>1</AllowDiscount>
      <ItemStatus>1</ItemStatus>
      <ItemId>102820</ItemId>
    </Item>
    <Item>
      <PriceUpdateDate>2025-11-17 19:59:05</PriceUpdateDate>
      <ItemCode>5410471917199</ItemCode>
      <ItemType>1</ItemType>
      <ItemName>ופל חמאה בלגי מצופה</ItemName>
      <ManufacturerName>,</ManufacturerName>
      <ManufactureCountry>לא ידוע</ManufactureCountry>
      <ManufacturerItemDescription>ופל חמאה בלגי מצופה שוקולד מריר 100 גר</ManufacturerItemDescription>
      <UnitQty>גרמים</UnitQty>
      <Quantity>100.00</Quantity>
      <UnitOfMeasure>100 גרם</UnitOfMeasure>
      <bIsWeighted>0</bIsWeighted>
      <QtyInPackage>1</QtyInPackage>
      <ItemPrice>15.90</ItemPrice>
      <UnitOfMeasurePrice>15.9000</UnitOfMeasurePrice>
      <AllowDiscount>1</AllowDiscount>
      <ItemStatus>1</ItemStatus>
      <ItemId>102821</ItemId>
    </Item>
    <Item>
      <PriceUpdateDate>2025-11-17 19:59:05</PriceUpdateDate>
      <ItemCode>5410471917731</ItemCode>
      <ItemType>1</ItemType>
      <ItemName>דרדסים ביסקוויט שוקו</ItemName>
      <ManufacturerName>,</ManufacturerName>
      <ManufactureCountry>לא ידוע</ManufactureCountry>
      <ManufacturerItemDescription>דרדסים ביסקוויט שוקוציפס 200 גר</ManufacturerItemDescription>
      <UnitQty>גרמים</UnitQty>
      <Quantity>200.00</Quantity>
      <UnitOfMeasure>100 גרם</UnitOfMeasure>
      <bIsWeighted>0</bIsWeighted>
      <QtyInPackage>1</QtyInPackage>
      <ItemPrice>24.90</ItemPrice>
      <UnitOfMeasurePrice>12.4500</UnitOfMeasurePrice>
      <AllowDiscount>1</AllowDiscount>
      <ItemStatus>1</ItemStatus>
      <ItemId>102823</ItemId>
    </Item>
    <Item>
      <PriceUpdateDate>2025-11-17 19:59:05</PriceUpdateDate>
      <ItemCode>7290119860937</ItemCode>
      <ItemType>1</ItemType>
      <ItemName>בליס סוכריות ללס בטע</ItemName>
      <ManufacturerName>,</ManufacturerName>
      <ManufactureCountry>לא ידוע</ManufactureCountry>
      <ManufacturerItemDescription>בליס סוכריות ללס בטעם לימון וגינגיר 75 ג</ManufacturerItemDescription>
      <UnitQty>גרמים</UnitQty>
      <Quantity>75.00</Quantity>
      <UnitOfMeasure>100 גרם</UnitOfMeasure>
      <bIsWeighted>0</bIsWeighted>
      <QtyInPackage>1</QtyInPackage>
      <ItemPrice>9.90</ItemPrice>
      <UnitOfMeasurePrice>13.2000</UnitOfMeasurePrice>
      <AllowDiscount>1</AllowDiscount>
      <ItemStatus>1</ItemStatus>
      <ItemId>102824</ItemId>
    </Item>
    <Item>
      <PriceUpdateDate>2025-11-17 19:59:05</PriceUpdateDate>
      <ItemCode>4037719061851</ItemCode>
      <ItemType>1</ItemType>
      <ItemName>סוכריות בשקית במילוי</ItemName>
      <ManufacturerName>,</ManufacturerName>
      <ManufactureCountry>לא ידוע</ManufactureCountry>
      <ManufacturerItemDescription>סוכריות בשקית במילוי דובדבן תפוז ופטל 75</ManufacturerItemDescription>
      <UnitQty>גרמים</UnitQty>
      <Quantity>75.00</Quantity>
      <UnitOfMeasure>100 גרם</UnitOfMeasure>
      <bIsWeighted>0</bIsWeighted>
      <QtyInPackage>1</QtyInPackage>
      <ItemPrice>9.90</ItemPrice>
      <UnitOfMeasurePrice>13.2000</UnitOfMeasurePrice>
      <AllowDiscount>1</AllowDiscount>
      <ItemStatus>1</ItemStatus>
      <ItemId>102828</ItemId>
    </Item>
    <Item>
      <PriceUpdateDate>2025-11-17 19:59:06</PriceUpdateDate>
      <ItemCode>4037719069116</ItemCode>
      <ItemType>1</ItemType>
      <ItemName>סוכריות ללא סוכר בפח</ItemName>
      <ManufacturerName>,</ManufacturerName>
      <ManufactureCountry>לא ידוע</ManufactureCountry>
      <ManufacturerItemDescription>סוכריות ללא סוכר בפחית פירות טרופיים 130</ManufacturerItemDescription>
      <UnitQty>גרמים</UnitQty>
      <Quantity>130.00</Quantity>
      <UnitOfMeasure>100 גרם</UnitOfMeasure>
      <bIsWeighted>0</bIsWeighted>
      <QtyInPackage>1</QtyInPackage>
      <ItemPrice>14.90</ItemPrice>
      <UnitOfMeasurePrice>11.4615</UnitOfMeasurePrice>
      <AllowDiscount>1</AllowDiscount>
      <ItemStatus>1</ItemStatus>
      <ItemId>102831</ItemId>
    </Item>
    <Item>
      <PriceUpdateDate>2025-11-27 13:55:00</PriceUpdateDate>
      <ItemCode>16856</ItemCode>
      <ItemType>0</ItemType>
      <ItemName>לטקס תפוא ארוז</ItemName>
      <ManufacturerName>,</ManufacturerName>
      <ManufactureCountry>לא ידוע</ManufactureCountry>
      <ManufacturerItemDescription>לטקס תפו"א ארוז</ManufacturerItemDescription>
      <UnitQty>קילוגרמים</UnitQty>
      <Quantity>1.00</Quantity>
      <UnitOfMeasure>ק"ג</UnitOfMeasure>
      <bIsWeighted>1</bIsWeighted>
      <QtyInPackage>לא ידוע</QtyInPackage>
      <ItemPrice>65.00</ItemPrice>
      <UnitOfMeasurePrice>65.0000</UnitOfMeasurePrice>
      <AllowDiscount>1</AllowDiscount>
      <ItemStatus>1</ItemStatus>
      <ItemId>102961</ItemId>
    </Item>
    <Item>
      <PriceUpdateDate>2025-11-27 13:55:00</PriceUpdateDate>
      <ItemCode>16861</ItemCode>
      <ItemType>0</ItemType>
      <ItemName>כנפיים ברביקיו ארוז</ItemName>
      <ManufacturerName>,</ManufacturerName>
      <ManufactureCountry>לא ידוע</ManufactureCountry>
      <ManufacturerItemDescription>כנפיים ברביקיו ארוז</ManufacturerItemDescription>
      <UnitQty>קילוגרמים</UnitQty>
      <Quantity>1.00</Quantity>
      <UnitOfMeasure>ק"ג</UnitOfMeasure>
      <bIsWeighted>1</bIsWeighted>
      <QtyInPackage>לא ידוע</QtyInPackage>
      <ItemPrice>59.00</ItemPrice>
      <UnitOfMeasurePrice>59.0000</UnitOfMeasurePrice>
      <AllowDiscount>1</AllowDiscount>
      <ItemStatus>1</ItemStatus>
      <ItemId>102962</ItemId>
    </Item>
    <Item>
      <PriceUpdateDate>2025-11-27 13:55:00</PriceUpdateDate>
      <ItemCode>16792</ItemCode>
      <ItemType>0</ItemType>
      <ItemName>שווארמה פרגית ארוז 3</ItemName>
      <ManufacturerName>,</ManufacturerName>
      <ManufactureCountry>לא ידוע</ManufactureCountry>
      <ManufacturerItemDescription>שווארמה פרגית ארוז 300 גר</ManufacturerItemDescription>
      <UnitQty>גרמים</UnitQty>
      <Quantity>300.00</Quantity>
      <UnitOfMeasure>100 גרם</UnitOfMeasure>
      <bIsWeighted>0</bIsWeighted>
      <QtyInPackage>לא ידוע</QtyInPackage>
      <ItemPrice>59.90</ItemPrice>
      <UnitOfMeasurePrice>19.9667</UnitOfMeasurePrice>
      <AllowDiscount>1</AllowDiscount>
      <ItemStatus>1</ItemStatus>
      <ItemId>102963</ItemId>
    </Item>
    <Item>
      <PriceUpdateDate>2025-11-27 13:55:25</PriceUpdateDate>
      <ItemCode>7290019763468</ItemCode>
      <ItemType>1</ItemType>
      <ItemName>שרימפס מבושל 16-20 1</ItemName>
      <ManufacturerName>,</ManufacturerName>
      <ManufactureCountry>לא ידוע</ManufactureCountry>
      <ManufacturerItemDescription>שרימפס מבושל 16-20 1קג</ManufacturerItemDescription>
      <UnitQty>קילוגרמים</UnitQty>
      <Quantity>1.00</Quantity>
      <UnitOfMeasure>ק"ג     </UnitOfMeasure>
      <bIsWeighted>0</bIsWeighted>
      <QtyInPackage>1</QtyInPackage>
      <ItemPrice>84.90</ItemPrice>
      <UnitOfMeasurePrice>84.9000</UnitOfMeasurePrice>
      <AllowDiscount>1</AllowDiscount>
      <ItemStatus>1</ItemStatus>
      <ItemId>102970</ItemId>
    </Item>
    <Item>
      <PriceUpdateDate>2025-11-27 13:55:26</PriceUpdateDate>
      <ItemCode>7290019763505</ItemCode>
      <ItemType>1</ItemType>
      <ItemName>שרימפס לא מבושל 16-2</ItemName>
      <ManufacturerName>,</ManufacturerName>
      <ManufactureCountry>לא ידוע</ManufactureCountry>
      <ManufacturerItemDescription>שרימפס לא מבושל 16-20 1קג</ManufacturerItemDescription>
      <UnitQty>קילוגרמים</UnitQty>
      <Quantity>1.00</Quantity>
      <UnitOfMeasure>ק"ג     </UnitOfMeasure>
      <bIsWeighted>0</bIsWeighted>
      <QtyInPackage>1</QtyInPackage>
      <ItemPrice>79.90</ItemPrice>
      <UnitOfMeasurePrice>79.9000</UnitOfMeasurePrice>
      <AllowDiscount>1</AllowDiscount>
      <ItemStatus>1</ItemStatus>
      <ItemId>102974</ItemId>
    </Item>
    <Item>
      <PriceUpdateDate>2025-11-27 13:53:54</PriceUpdateDate>
      <ItemCode>6920510506011</ItemCode>
      <ItemType>1</ItemType>
      <ItemName>צעצוע פיניק עם ממתק</ItemName>
      <ManufacturerName>גואנגדונג ויסקי פודס</ManufacturerName>
      <ManufactureCountry>לא ידוע</ManufactureCountry>
      <ManufacturerItemDescription>צעצוע פיניק עם ממתק סוויט בוקס</ManufacturerItemDescription>
      <UnitQty>Unknown </UnitQty>
      <Quantity>0.00</Quantity>
      <UnitOfMeasure>Unknown </UnitOfMeasure>
      <bIsWeighted>0</bIsWeighted>
      <QtyInPackage>1</QtyInPackage>
      <ItemPrice>11.90</ItemPrice>
      <UnitOfMeasurePrice>0.0000</UnitOfMeasurePrice>
      <AllowDiscount>1</AllowDiscount>
      <ItemStatus>1</ItemStatus>
      <ItemId>102994</ItemId>
    </Item>
    <Item>
      <PriceUpdateDate>2025-12-03 10:13:10</PriceUpdateDate>
      <ItemCode>4820015949448</ItemCode>
      <ItemType>1</ItemType>
      <ItemName>רוטב חמוציות 240 גר</ItemName>
      <ManufacturerName>רוט פרונט</ManufacturerName>
      <ManufactureCountry>לא ידוע</ManufactureCountry>
      <ManufacturerItemDescription>רוטב חמוציות 240 גר</ManufacturerItemDescription>
      <UnitQty>גרמים</UnitQty>
      <Quantity>240.00</Quantity>
      <UnitOfMeasure>100 גרם</UnitOfMeasure>
      <bIsWeighted>0</bIsWeighted>
      <QtyInPackage>1</QtyInPackage>
      <ItemPrice>13.90</ItemPrice>
      <UnitOfMeasurePrice>5.7917</UnitOfMeasurePrice>
      <AllowDiscount>1</AllowDiscount>
      <ItemStatus>1</ItemStatus>
      <ItemId>103057</ItemId>
    </Item>
    <Item>
      <PriceUpdateDate>2025-12-03 10:13:10</PriceUpdateDate>
      <ItemCode>4631165940687</ItemCode>
      <ItemType>1</ItemType>
      <ItemName>מקלות חיטה מתוקות 10</ItemName>
      <ManufacturerName>KEDANEYSKI KONSERVNY</ManufacturerName>
      <ManufactureCountry>לא ידוע</ManufactureCountry>
      <ManufacturerItemDescription>מקלות חיטה מתוקות 100 גר</ManufacturerItemDescription>
      <UnitQty>גרמים</UnitQty>
      <Quantity>100.00</Quantity>
      <UnitOfMeasure>100 גרם</UnitOfMeasure>
      <bIsWeighted>0</bIsWeighted>
      <QtyInPackage>1</QtyInPackage>
      <ItemPrice>3.90</ItemPrice>
      <UnitOfMeasurePrice>3.9000</UnitOfMeasurePrice>
      <AllowDiscount>1</AllowDiscount>
      <ItemStatus>1</ItemStatus>
      <ItemId>103064</ItemId>
    </Item>
    <Item>
      <PriceUpdateDate>2025-12-03 10:13:10</PriceUpdateDate>
      <ItemCode>4631165940717</ItemCode>
      <ItemType>1</ItemType>
      <ItemName>מקלות חיטה מלוחות  1</ItemName>
      <ManufacturerName>KEDANEYSKI KONSERVNY</ManufacturerName>
      <ManufactureCountry>לא ידוע</ManufactureCountry>
      <ManufacturerItemDescription>מקלות חיטה מלוחות  100 גר</ManufacturerItemDescription>
      <UnitQty>גרמים</UnitQty>
      <Quantity>100.00</Quantity>
      <UnitOfMeasure>100 גרם</UnitOfMeasure>
      <bIsWeighted>0</bIsWeighted>
      <QtyInPackage>1</QtyInPackage>
      <ItemPrice>3.90</ItemPrice>
      <UnitOfMeasurePrice>3.9000</UnitOfMeasurePrice>
      <AllowDiscount>1</AllowDiscount>
      <ItemStatus>1</ItemStatus>
      <ItemId>103065</ItemId>
    </Item>
    <Item>
      <PriceUpdateDate>2025-08-28 13:54:46</PriceUpdateDate>
      <ItemCode>17308</ItemCode>
      <ItemType>0</ItemType>
      <ItemName>עצמות לבן</ItemName>
      <ManufacturerName>המפרק פירוק ושיווק ב</ManufacturerName>
      <ManufactureCountry>לא ידוע</ManufactureCountry>
      <ManufacturerItemDescription>עצמות לבן</ManufacturerItemDescription>
      <UnitQty>קילוגרמים</UnitQty>
      <Quantity>1.00</Quantity>
      <UnitOfMeasure>ק"ג</UnitOfMeasure>
      <bIsWeighted>1</bIsWeighted>
      <QtyInPackage>לא ידוע</QtyInPackage>
      <ItemPrice>19.90</ItemPrice>
      <UnitOfMeasurePrice>19.9000</UnitOfMeasurePrice>
      <AllowDiscount>1</AllowDiscount>
      <ItemStatus>1</ItemStatus>
      <ItemId>45584</ItemId>
    </Item>
    <Item>
      <PriceUpdateDate>2024-11-11 14:56:10</PriceUpdateDate>
      <ItemCode>7290000000575</ItemCode>
      <ItemType>1</ItemType>
      <ItemName>פסטרמה דליקטסניה</ItemName>
      <ManufacturerName>מעדני מניה תעשיות בש</ManufacturerName>
      <ManufactureCountry>לא ידוע</ManufactureCountry>
      <ManufacturerItemDescription>פסטרמה דליקטסניה</ManufacturerItemDescription>
      <UnitQty>קילוגרמים</UnitQty>
      <Quantity>1.00</Quantity>
      <UnitOfMeasure>ק"ג</UnitOfMeasure>
      <bIsWeighted>1</bIsWeighted>
      <QtyInPackage>לא ידוע</QtyInPackage>
      <ItemPrice>149.00</ItemPrice>
      <UnitOfMeasurePrice>149.0000</UnitOfMeasurePrice>
      <AllowDiscount>1</AllowDiscount>
      <ItemStatus>1</ItemStatus>
      <ItemId>45587</ItemId>
    </Item>
    <Item>
      <PriceUpdateDate>2023-12-31 12:47:57</PriceUpdateDate>
      <ItemCode>5765</ItemCode>
      <ItemType>0</ItemType>
      <ItemName>עוגת שארלוט אישית 20</ItemName>
      <ManufacturerName>,</ManufacturerName>
      <ManufactureCountry>לא ידוע</ManufactureCountry>
      <ManufacturerItemDescription>קוזינאקי מישקינו סצאסטיה מצופה</ManufacturerItemDescription>
      <UnitQty>Unknown </UnitQty>
      <Quantity>0.00</Quantity>
      <UnitOfMeasure>Unknown </UnitOfMeasure>
      <bIsWeighted>0</bIsWeighted>
      <QtyInPackage>לא ידוע</QtyInPackage>
      <ItemPrice>55.00</ItemPrice>
      <UnitOfMeasurePrice>0.0000</UnitOfMeasurePrice>
      <AllowDiscount>1</AllowDiscount>
      <ItemStatus>1</ItemStatus>
      <ItemId>45588</ItemId>
    </Item>
    <Item>
      <PriceUpdateDate>2023-12-31 12:47:57</PriceUpdateDate>
      <ItemCode>6137</ItemCode>
      <ItemType>0</ItemType>
      <ItemName>גבינה פרובולונה</ItemName>
      <ManufacturerName>,</ManufacturerName>
      <ManufactureCountry>לא ידוע</ManufactureCountry>
      <ManufacturerItemDescription>גבינה פרובולונה</ManufacturerItemDescription>
      <UnitQty>קילוגרמים</UnitQty>
      <Quantity>1.00</Quantity>
      <UnitOfMeasure>ק"ג</UnitOfMeasure>
      <bIsWeighted>1</bIsWeighted>
      <QtyInPackage>לא ידוע</QtyInPackage>
      <ItemPrice>169.00</ItemPrice>
      <UnitOfMeasurePrice>169.0000</UnitOfMeasurePrice>
      <AllowDiscount>1</AllowDiscount>
      <ItemStatus>1</ItemStatus>
      <ItemId>45595</ItemId>
    </Item>
    <Item>
      <PriceUpdateDate>2024-05-13 08:44:00</PriceUpdateDate>
      <ItemCode>6183</ItemCode>
      <ItemType>0</ItemType>
      <ItemName>זית שחור ללא גלעין</ItemName>
      <ManufacturerName>,</ManufacturerName>
      <ManufactureCountry>לא ידוע</ManufactureCountry>
      <ManufacturerItemDescription>זית שחור ללא גלעין</ManufacturerItemDescription>
      <UnitQty>קילוגרמים</UnitQty>
      <Quantity>1.00</Quantity>
      <UnitOfMeasure>ק"ג</UnitOfMeasure>
      <bIsWeighted>1</bIsWeighted>
      <QtyInPackage>לא ידוע</QtyInPackage>
      <ItemPrice>79.00</ItemPrice>
      <UnitOfMeasurePrice>79.0000</UnitOfMeasurePrice>
      <AllowDiscount>1</AllowDiscount>
      <ItemStatus>1</ItemStatus>
      <ItemId>45600</ItemId>
    </Item>
    <Item>
      <PriceUpdateDate>2023-12-31 12:47:57</PriceUpdateDate>
      <ItemCode>6395</ItemCode>
      <ItemType>0</ItemType>
      <ItemName>גבינה שברה</ItemName>
      <ManufacturerName>,</ManufacturerName>
      <ManufactureCountry>לא ידוע</ManufactureCountry>
      <ManufacturerItemDescription>גבינה שברה</ManufacturerItemDescription>
      <UnitQty>קילוגרמים</UnitQty>
      <Quantity>1.00</Quantity>
      <UnitOfMeasure>ק"ג</UnitOfMeasure>
      <bIsWeighted>1</bIsWeighted>
      <QtyInPackage>לא ידוע</QtyInPackage>
      <ItemPrice>159.00</ItemPrice>
      <UnitOfMeasurePrice>159.0000</UnitOfMeasurePrice>
      <AllowDiscount>1</AllowDiscount>
      <ItemStatus>1</ItemStatus>
      <ItemId>45614</ItemId>
    </Item>
    <Item>
      <PriceUpdateDate>2023-12-31 12:47:57</PriceUpdateDate>
      <ItemCode>6401</ItemCode>
      <ItemType>0</ItemType>
      <ItemName>גבינה פטה בקר גרמני</ItemName>
      <ManufacturerName>,</ManufacturerName>
      <ManufactureCountry>לא ידוע</ManufactureCountry>
      <ManufacturerItemDescription>גבינה פטה</ManufacturerItemDescription>
      <UnitQty>קילוגרמים</UnitQty>
      <Quantity>1.00</Quantity>
      <UnitOfMeasure>ק"ג</UnitOfMeasure>
      <bIsWeighted>1</bIsWeighted>
      <QtyInPackage>לא ידוע</QtyInPackage>
      <ItemPrice>45.00</ItemPrice>
      <UnitOfMeasurePrice>45.0000</UnitOfMeasurePrice>
      <AllowDiscount>1</AllowDiscount>
      <ItemStatus>1</ItemStatus>
      <ItemId>45615</ItemId>
    </Item>
    <Item>
      <PriceUpdateDate>2023-12-31 12:47:57</PriceUpdateDate>
      <ItemCode>6990</ItemCode>
      <ItemType>0</ItemType>
      <ItemName>עגבניות שרי ממולאים</ItemName>
      <ManufacturerName>,</ManufacturerName>
      <ManufactureCountry>לא ידוע</ManufactureCountry>
      <ManufacturerItemDescription>עגבניות שרי ממולאים שום ושמיר</ManufacturerItemDescription>
      <UnitQty>קילוגרמים</UnitQty>
      <Quantity>1.00</Quantity>
      <UnitOfMeasure>ק"ג</UnitOfMeasure>
      <bIsWeighted>1</bIsWeighted>
      <QtyInPackage>לא ידוע</QtyInPackage>
      <ItemPrice>79.00</ItemPrice>
      <UnitOfMeasurePrice>79.0000</UnitOfMeasurePrice>
      <AllowDiscount>1</AllowDiscount>
      <ItemStatus>1</ItemStatus>
      <ItemId>45627</ItemId>
    </Item>
    <Item>
      <PriceUpdateDate>2025-09-19 12:03:39</PriceUpdateDate>
      <ItemCode>7290018339701</ItemCode>
      <ItemType>1</ItemType>
      <ItemName>ראמן בקר 700 גר</ItemName>
      <ManufacturerName>,</ManufacturerName>
      <ManufactureCountry>לא ידוע</ManufactureCountry>
      <ManufacturerItemDescription>ראמן בקר 700 גר</ManufacturerItemDescription>
      <UnitQty>גרמים</UnitQty>
      <Quantity>700.00</Quantity>
      <UnitOfMeasure>100 גרם</UnitOfMeasure>
      <bIsWeighted>0</bIsWeighted>
      <QtyInPackage>1</QtyInPackage>
      <ItemPrice>54.90</ItemPrice>
      <UnitOfMeasurePrice>7.8429</UnitOfMeasurePrice>
      <AllowDiscount>1</AllowDiscount>
      <ItemStatus>1</ItemStatus>
      <ItemId>101274</ItemId>
    </Item>
    <Item>
      <PriceUpdateDate>2025-12-02 15:16:07</PriceUpdateDate>
      <ItemCode>17310</ItemCode>
      <ItemType>0</ItemType>
      <ItemName>טחון לבן</ItemName>
      <ManufacturerName>המפרק פירוק ושיווק ב</ManufacturerName>
      <ManufactureCountry>לא ידוע</ManufactureCountry>
      <ManufacturerItemDescription>טחון לבן</ManufacturerItemDescription>
      <UnitQty>קילוגרמים</UnitQty>
      <Quantity>1.00</Quantity>
      <UnitOfMeasure>ק"ג</UnitOfMeasure>
      <bIsWeighted>1</bIsWeighted>
      <QtyInPackage>לא ידוע</QtyInPackage>
      <ItemPrice>59.90</ItemPrice>
      <UnitOfMeasurePrice>59.9000</UnitOfMeasurePrice>
      <AllowDiscount>1</AllowDiscount>
      <ItemStatus>1</ItemStatus>
      <ItemId>45642</ItemId>
    </Item>
    <Item>
      <PriceUpdateDate>2025-09-19 12:03:39</PriceUpdateDate>
      <ItemCode>7290018339718</ItemCode>
      <ItemType>1</ItemType>
      <ItemName>ראמן עוף 700 גר</ItemName>
      <ManufacturerName>,</ManufacturerName>
      <ManufactureCountry>לא ידוע</ManufactureCountry>
      <ManufacturerItemDescription>ראמן עוף 700 גר</ManufacturerItemDescription>
      <UnitQty>גרמים</UnitQty>
      <Quantity>700.00</Quantity>
      <UnitOfMeasure>100 גרם</UnitOfMeasure>
      <bIsWeighted>0</bIsWeighted>
      <QtyInPackage>1</QtyInPackage>
      <ItemPrice>54.90</ItemPrice>
      <UnitOfMeasurePrice>7.8429</UnitOfMeasurePrice>
      <AllowDiscount>1</AllowDiscount>
      <ItemStatus>1</ItemStatus>
      <ItemId>101275</ItemId>
    </Item>
    <Item>
      <PriceUpdateDate>2024-11-11 14:58:04</PriceUpdateDate>
      <ItemCode>733</ItemCode>
      <ItemType>0</ItemType>
      <ItemName>פסטרמה הודו איטלקי ר</ItemName>
      <ManufacturerName>מעדני רובינשטיין תעש</ManufacturerName>
      <ManufactureCountry>לא ידוע</ManufactureCountry>
      <ManufacturerItemDescription>פסטרמה הודו איטלקי רובין</ManufacturerItemDescription>
      <UnitQty>קילוגרמים</UnitQty>
      <Quantity>1.00</Quantity>
      <UnitOfMeasure>ק"ג</UnitOfMeasure>
      <bIsWeighted>1</bIsWeighted>
      <QtyInPackage>לא ידוע</QtyInPackage>
      <ItemPrice>99.00</ItemPrice>
      <UnitOfMeasurePrice>99.0000</UnitOfMeasurePrice>
      <AllowDiscount>1</AllowDiscount>
      <ItemStatus>1</ItemStatus>
      <ItemId>45723</ItemId>
    </Item>
    <Item>
      <PriceUpdateDate>2024-11-03 14:19:33</PriceUpdateDate>
      <ItemCode>7290000000217</ItemCode>
      <ItemType>1</ItemType>
      <ItemName>סלמי פפרוני</ItemName>
      <ManufacturerName>ישרקו שיווק מותגי מז</ManufacturerName>
      <ManufactureCountry>לא ידוע</ManufactureCountry>
      <ManufacturerItemDescription>סלמי פפרוני</ManufacturerItemDescription>
      <UnitQty>קילוגרמים</UnitQty>
      <Quantity>1.00</Quantity>
      <UnitOfMeasure>ק"ג</UnitOfMeasure>
      <bIsWeighted>1</bIsWeighted>
      <QtyInPackage>לא ידוע</QtyInPackage>
      <ItemPrice>219.00</ItemPrice>
      <UnitOfMeasurePrice>219.0000</UnitOfMeasurePrice>
      <AllowDiscount>1</AllowDiscount>
      <ItemStatus>1</ItemStatus>
      <ItemId>45730</ItemId>
    </Item>
    <Item>
      <PriceUpdateDate>2025-08-03 13:12:26</PriceUpdateDate>
      <ItemCode>2175</ItemCode>
      <ItemType>0</ItemType>
      <ItemName>גבינה פרמגאנו רגאנו</ItemName>
      <ManufacturerName>,</ManufacturerName>
      <ManufactureCountry>לא ידוע</ManufactureCountry>
      <ManufacturerItemDescription>גבינה פרמזאנו רגאנו</ManufacturerItemDescription>
      <UnitQty>קילוגרמים</UnitQty>
      <Quantity>1.00</Quantity>
      <UnitOfMeasure>ק"ג</UnitOfMeasure>
      <bIsWeighted>1</bIsWeighted>
      <QtyInPackage>לא ידוע</QtyInPackage>
      <ItemPrice>179.00</ItemPrice>
      <UnitOfMeasurePrice>179.0000</UnitOfMeasurePrice>
      <AllowDiscount>1</AllowDiscount>
      <ItemStatus>1</ItemStatus>
      <ItemId>45731</ItemId>
    </Item>
    <Item>
      <PriceUpdateDate>2025-08-19 12:19:00</PriceUpdateDate>
      <ItemCode>7290000002218</ItemCode>
      <ItemType>1</ItemType>
      <ItemName>גבינת עיזים פריסלנד</ItemName>
      <ManufacturerName>,</ManufacturerName>
      <ManufactureCountry>לא ידוע</ManufactureCountry>
      <ManufacturerItemDescription>גבינה עיזים פריסלנד</ManufacturerItemDescription>
      <UnitQty>קילוגרמים</UnitQty>
      <Quantity>1.00</Quantity>
      <UnitOfMeasure>ק"ג</UnitOfMeasure>
      <bIsWeighted>1</bIsWeighted>
      <QtyInPackage>לא ידוע</QtyInPackage>
      <ItemPrice>149.00</ItemPrice>
      <UnitOfMeasurePrice>149.0000</UnitOfMeasurePrice>
      <AllowDiscount>1</AllowDiscount>
      <ItemStatus>1</ItemStatus>
      <ItemId>45736</ItemId>
    </Item>
    <Item>
      <PriceUpdateDate>2023-12-31 12:47:57</PriceUpdateDate>
      <ItemCode>7290000002220</ItemCode>
      <ItemType>1</ItemType>
      <ItemName>גבינה פרמזן</ItemName>
      <ManufacturerName>,</ManufacturerName>
      <ManufactureCountry>לא ידוע</ManufactureCountry>
      <ManufacturerItemDescription>גבינה פרמזו</ManufacturerItemDescription>
      <UnitQty>קילוגרמים</UnitQty>
      <Quantity>1.00</Quantity>
      <UnitOfMeasure>ק"ג</UnitOfMeasure>
      <bIsWeighted>1</bIsWeighted>
      <QtyInPackage>לא ידוע</QtyInPackage>
      <ItemPrice>119.00</ItemPrice>
      <UnitOfMeasurePrice>119.0000</UnitOfMeasurePrice>
      <AllowDiscount>1</AllowDiscount>
      <ItemStatus>1</ItemStatus>
      <ItemId>45737</ItemId>
    </Item>
    <Item>
      <PriceUpdateDate>2023-12-31 12:47:57</PriceUpdateDate>
      <ItemCode>7290000002231</ItemCode>
      <ItemType>1</ItemType>
      <ItemName>גבינה גאודה כמון</ItemName>
      <ManufacturerName>,</ManufacturerName>
      <ManufactureCountry>לא ידוע</ManufactureCountry>
      <ManufacturerItemDescription>גבינה גאודה כמון</ManufacturerItemDescription>
      <UnitQty>קילוגרמים</UnitQty>
      <Quantity>1.00</Quantity>
      <UnitOfMeasure>ק"ג</UnitOfMeasure>
      <bIsWeighted>1</bIsWeighted>
      <QtyInPackage>לא ידוע</QtyInPackage>
      <ItemPrice>89.00</ItemPrice>
      <UnitOfMeasurePrice>89.0000</UnitOfMeasurePrice>
      <AllowDiscount>1</AllowDiscount>
      <ItemStatus>1</ItemStatus>
      <ItemId>45740</ItemId>
    </Item>
    <Item>
      <PriceUpdateDate>2025-01-02 08:44:29</PriceUpdateDate>
      <ItemCode>7290000002232</ItemCode>
      <ItemType>1</ItemType>
      <ItemName>גבינת גאודה פריסלנד</ItemName>
      <ManufacturerName>,</ManufacturerName>
      <ManufactureCountry>לא ידוע</ManufactureCountry>
      <ManufacturerItemDescription>גבינת גאודה פריסלנד</ManufacturerItemDescription>
      <UnitQty>קילוגרמים</UnitQty>
      <Quantity>1.00</Quantity>
      <UnitOfMeasure>ק"ג</UnitOfMeasure>
      <bIsWeighted>1</bIsWeighted>
      <QtyInPackage>לא ידוע</QtyInPackage>
      <ItemPrice>99.00</ItemPrice>
      <UnitOfMeasurePrice>99.0000</UnitOfMeasurePrice>
      <AllowDiscount>1</AllowDiscount>
      <ItemStatus>1</ItemStatus>
      <ItemId>45741</ItemId>
    </Item>
    <Item>
      <PriceUpdateDate>2024-09-02 10:50:40</PriceUpdateDate>
      <ItemCode>7290000000850</ItemCode>
      <ItemType>1</ItemType>
      <ItemName>קרקובסקיה דימוב</ItemName>
      <ManufacturerName>מעדני בשר השוקת</ManufacturerName>
      <ManufactureCountry>לא ידוע</ManufactureCountry>
      <ManufacturerItemDescription>קרקובסקיה דימוב</ManufacturerItemDescription>
      <UnitQty>קילוגרמים</UnitQty>
      <Quantity>1.00</Quantity>
      <UnitOfMeasure>ק"ג</UnitOfMeasure>
      <bIsWeighted>1</bIsWeighted>
      <QtyInPackage>לא ידוע</QtyInPackage>
      <ItemPrice>129.00</ItemPrice>
      <UnitOfMeasurePrice>129.0000</UnitOfMeasurePrice>
      <AllowDiscount>1</AllowDiscount>
      <ItemStatus>1</ItemStatus>
      <ItemId>45756</ItemId>
    </Item>
    <Item>
      <PriceUpdateDate>2024-09-02 10:50:41</PriceUpdateDate>
      <ItemCode>7290000000857</ItemCode>
      <ItemType>1</ItemType>
      <ItemName>סלמי פינסקיה דימוב</ItemName>
      <ManufacturerName>מעדני בשר השוקת</ManufacturerName>
      <ManufactureCountry>לא ידוע</ManufactureCountry>
      <ManufacturerItemDescription>סלמי פינסקיה דימוב</ManufacturerItemDescription>
      <UnitQty>קילוגרמים</UnitQty>
      <Quantity>1.00</Quantity>
      <UnitOfMeasure>ק"ג</UnitOfMeasure>
      <bIsWeighted>1</bIsWeighted>
      <QtyInPackage>לא ידוע</QtyInPackage>
      <ItemPrice>129.00</ItemPrice>
      <UnitOfMeasurePrice>129.0000</UnitOfMeasurePrice>
      <AllowDiscount>1</AllowDiscount>
      <ItemStatus>1</ItemStatus>
      <ItemId>45757</ItemId>
    </Item>
    <Item>
      <PriceUpdateDate>2024-11-03 14:19:33</PriceUpdateDate>
      <ItemCode>7290000000247</ItemCode>
      <ItemType>1</ItemType>
      <ItemName>סלמי בקר גרנאדה</ItemName>
      <ManufacturerName>ישרקו שיווק מותגי מז</ManufacturerName>
      <ManufactureCountry>לא ידוע</ManufactureCountry>
      <ManufacturerItemDescription>סלמי נאפולי</ManufacturerItemDescription>
      <UnitQty>קילוגרמים</UnitQty>
      <Quantity>1.00</Quantity>
      <UnitOfMeasure>ק"ג</UnitOfMeasure>
      <bIsWeighted>1</bIsWeighted>
      <QtyInPackage>לא ידוע</QtyInPackage>
      <ItemPrice>119.00</ItemPrice>
      <UnitOfMeasurePrice>119.0000</UnitOfMeasurePrice>
      <AllowDiscount>1</AllowDiscount>
      <ItemStatus>1</ItemStatus>
      <ItemId>45771</ItemId>
    </Item>
    <Item>
      <PriceUpdateDate>2025-08-03 13:12:26</PriceUpdateDate>
      <ItemCode>7290000002871</ItemCode>
      <ItemType>1</ItemType>
      <ItemName>גאודה גלגל פארמרס הו</ItemName>
      <ManufacturerName>,</ManufacturerName>
      <ManufactureCountry>לא ידוע</ManufactureCountry>
      <ManufacturerItemDescription>גאודה גלגל פארמרס הולנדית</ManufacturerItemDescription>
      <UnitQty>קילוגרמים</UnitQty>
      <Quantity>1.00</Quantity>
      <UnitOfMeasure>ק"ג</UnitOfMeasure>
      <bIsWeighted>1</bIsWeighted>
      <QtyInPackage>לא ידוע</QtyInPackage>
      <ItemPrice>89.00</ItemPrice>
      <UnitOfMeasurePrice>89.0000</UnitOfMeasurePrice>
      <AllowDiscount>1</AllowDiscount>
      <ItemStatus>1</ItemStatus>
      <ItemId>45789</ItemId>
    </Item>
    <Item>
      <PriceUpdateDate>2023-12-31 12:47:58</PriceUpdateDate>
      <ItemCode>2991</ItemCode>
      <ItemType>0</ItemType>
      <ItemName>כדור מוצרלה בופלו</ItemName>
      <ManufacturerName>,</ManufacturerName>
      <ManufactureCountry>לא ידוע</ManufactureCountry>
      <ManufacturerItemDescription>כדור מוצרלה בופלו</ManufacturerItemDescription>
      <UnitQty>קילוגרמים</UnitQty>
      <Quantity>1.00</Quantity>
      <UnitOfMeasure>ק"ג</UnitOfMeasure>
      <bIsWeighted>1</bIsWeighted>
      <QtyInPackage>לא ידוע</QtyInPackage>
      <ItemPrice>159.00</ItemPrice>
      <UnitOfMeasurePrice>159.0000</UnitOfMeasurePrice>
      <AllowDiscount>1</AllowDiscount>
      <ItemStatus>1</ItemStatus>
      <ItemId>45795</ItemId>
    </Item>
    <Item>
      <PriceUpdateDate>2023-12-31 12:47:58</PriceUpdateDate>
      <ItemCode>7290000002994</ItemCode>
      <ItemType>1</ItemType>
      <ItemName>גאודה מיושנת הולנדית</ItemName>
      <ManufacturerName>,</ManufacturerName>
      <ManufactureCountry>לא ידוע</ManufactureCountry>
      <ManufacturerItemDescription>גאודה מיושנת הולנדית</ManufacturerItemDescription>
      <UnitQty>קילוגרמים</UnitQty>
      <Quantity>1.00</Quantity>
      <UnitOfMeasure>ק"ג</UnitOfMeasure>
      <bIsWeighted>1</bIsWeighted>
      <QtyInPackage>לא ידוע</QtyInPackage>
      <ItemPrice>115.00</ItemPrice>
      <UnitOfMeasurePrice>115.0000</UnitOfMeasurePrice>
      <AllowDiscount>1</AllowDiscount>
      <ItemStatus>1</ItemStatus>
      <ItemId>45796</ItemId>
    </Item>
    <Item>
      <PriceUpdateDate>2023-12-31 12:47:58</PriceUpdateDate>
      <ItemCode>7290000000437</ItemCode>
      <ItemType>1</ItemType>
      <ItemName>בוזנינה חזיר ביתית</ItemName>
      <ManufacturerName>ולדמן ביח"ר לנקניק ו</ManufacturerName>
      <ManufactureCountry>לא ידוע</ManufactureCountry>
      <ManufacturerItemDescription>בוזנינה חזיר ביתית</ManufacturerItemDescription>
      <UnitQty>קילוגרמים</UnitQty>
      <Quantity>1.00</Quantity>
      <UnitOfMeasure>ק"ג</UnitOfMeasure>
      <bIsWeighted>1</bIsWeighted>
      <QtyInPackage>לא ידוע</QtyInPackage>
      <ItemPrice>149.00</ItemPrice>
      <UnitOfMeasurePrice>149.0000</UnitOfMeasurePrice>
      <AllowDiscount>1</AllowDiscount>
      <ItemStatus>1</ItemStatus>
      <ItemId>45815</ItemId>
    </Item>
    <Item>
      <PriceUpdateDate>2024-11-12 12:03:21</PriceUpdateDate>
      <ItemCode>7290000000458</ItemCode>
      <ItemType>1</ItemType>
      <ItemName>יזיקובייה בוט</ItemName>
      <ManufacturerName>ולדמן ביח"ר לנקניק ו</ManufacturerName>
      <ManufactureCountry>לא ידוע</ManufactureCountry>
      <ManufacturerItemDescription>יזיקובייה בוט</ManufacturerItemDescription>
      <UnitQty>קילוגרמים</UnitQty>
      <Quantity>1.00</Quantity>
      <UnitOfMeasure>ק"ג</UnitOfMeasure>
      <bIsWeighted>1</bIsWeighted>
      <QtyInPackage>לא ידוע</QtyInPackage>
      <ItemPrice>109.00</ItemPrice>
      <UnitOfMeasurePrice>109.0000</UnitOfMeasurePrice>
      <AllowDiscount>1</AllowDiscount>
      <ItemStatus>1</ItemStatus>
      <ItemId>45817</ItemId>
    </Item>
    <Item>
      <PriceUpdateDate>2024-05-07 14:11:11</PriceUpdateDate>
      <ItemCode>7290000000486</ItemCode>
      <ItemType>1</ItemType>
      <ItemName>נקניק סרוולט אורחובי</ItemName>
      <ManufacturerName>ולדמן ביח"ר לנקניק ו</ManufacturerName>
      <ManufactureCountry>לא ידוע</ManufactureCountry>
      <ManufacturerItemDescription>נקניק סרוולט אורחובי</ManufacturerItemDescription>
      <UnitQty>קילוגרמים</UnitQty>
      <Quantity>1.00</Quantity>
      <UnitOfMeasure>ק"ג</UnitOfMeasure>
      <bIsWeighted>1</bIsWeighted>
      <QtyInPackage>לא ידוע</QtyInPackage>
      <ItemPrice>139.00</ItemPrice>
      <UnitOfMeasurePrice>139.0000</UnitOfMeasurePrice>
      <AllowDiscount>1</AllowDiscount>
      <ItemStatus>1</ItemStatus>
      <ItemId>45820</ItemId>
    </Item>
    <Item>
      <PriceUpdateDate>2024-11-11 14:56:10</PriceUpdateDate>
      <ItemCode>7290000000553</ItemCode>
      <ItemType>1</ItemType>
      <ItemName>קייזר</ItemName>
      <ManufacturerName>מעדני מניה תעשיות בש</ManufacturerName>
      <ManufactureCountry>לא ידוע</ManufactureCountry>
      <ManufacturerItemDescription>קייזר</ManufacturerItemDescription>
      <UnitQty>קילוגרמים</UnitQty>
      <Quantity>1.00</Quantity>
      <UnitOfMeasure>ק"ג</UnitOfMeasure>
      <bIsWeighted>1</bIsWeighted>
      <QtyInPackage>לא ידוע</QtyInPackage>
      <ItemPrice>189.00</ItemPrice>
      <UnitOfMeasurePrice>189.0000</UnitOfMeasurePrice>
      <AllowDiscount>1</AllowDiscount>
      <ItemStatus>1</ItemStatus>
      <ItemId>45842</ItemId>
    </Item>
    <Item>
      <PriceUpdateDate>2023-12-31 12:47:58</PriceUpdateDate>
      <ItemCode>7290000006136</ItemCode>
      <ItemType>1</ItemType>
      <ItemName>מלפפון במלח</ItemName>
      <ManufacturerName>,</ManufacturerName>
      <ManufactureCountry>לא ידוע</ManufactureCountry>
      <ManufacturerItemDescription>מלפפון במלח</ManufacturerItemDescription>
      <UnitQty>קילוגרמים</UnitQty>
      <Quantity>1.00</Quantity>
      <UnitOfMeasure>ק"ג</UnitOfMeasure>
      <bIsWeighted>1</bIsWeighted>
      <QtyInPackage>לא ידוע</QtyInPackage>
      <ItemPrice>49.00</ItemPrice>
      <UnitOfMeasurePrice>49.0000</UnitOfMeasurePrice>
      <AllowDiscount>1</AllowDiscount>
      <ItemStatus>1</ItemStatus>
      <ItemId>45857</ItemId>
    </Item>
    <Item>
      <PriceUpdateDate>2024-04-08 13:09:58</PriceUpdateDate>
      <ItemCode>6390</ItemCode>
      <ItemType>0</ItemType>
      <ItemName>גבינה סמוקרלה מעושנת</ItemName>
      <ManufacturerName>,</ManufacturerName>
      <ManufactureCountry>לא ידוע</ManufactureCountry>
      <ManufacturerItemDescription>שפרוטים מעושנים</ManufacturerItemDescription>
      <UnitQty>קילוגרמים</UnitQty>
      <Quantity>1.00</Quantity>
      <UnitOfMeasure>ק"ג</UnitOfMeasure>
      <bIsWeighted>1</bIsWeighted>
      <QtyInPackage>לא ידוע</QtyInPackage>
      <ItemPrice>89.00</ItemPrice>
      <UnitOfMeasurePrice>89.0000</UnitOfMeasurePrice>
      <AllowDiscount>1</AllowDiscount>
      <ItemStatus>1</ItemStatus>
      <ItemId>45874</ItemId>
    </Item>
    <Item>
      <PriceUpdateDate>2025-02-14 12:07:10</PriceUpdateDate>
      <ItemCode>8004250091681</ItemCode>
      <ItemType>1</ItemType>
      <ItemName>חומץ בלסמי ממודנה 25</ItemName>
      <ManufacturerName>,</ManufacturerName>
      <ManufactureCountry>לא ידוע</ManufactureCountry>
      <ManufacturerItemDescription>חומץ בלסמי ממודנה 250 מל</ManufacturerItemDescription>
      <UnitQty>מיליליטרים</UnitQty>
      <Quantity>250.00</Quantity>
      <UnitOfMeasure>100 מ"ל</UnitOfMeasure>
      <bIsWeighted>0</bIsWeighted>
      <QtyInPackage>1</QtyInPackage>
      <ItemPrice>54.90</ItemPrice>
      <UnitOfMeasurePrice>21.9600</UnitOfMeasurePrice>
      <AllowDiscount>1</AllowDiscount>
      <ItemStatus>1</ItemStatus>
      <ItemId>97036</ItemId>
    </Item>
    <Item>
      <PriceUpdateDate>2024-11-11 14:56:10</PriceUpdateDate>
      <ItemCode>7290000000830</ItemCode>
      <ItemType>1</ItemType>
      <ItemName>בוזנינה רגילה</ItemName>
      <ManufacturerName>מעדני מניה תעשיות בש</ManufacturerName>
      <ManufactureCountry>לא ידוע</ManufactureCountry>
      <ManufacturerItemDescription>בוז"נינה רגילה</ManufacturerItemDescription>
      <UnitQty>קילוגרמים</UnitQty>
      <Quantity>1.00</Quantity>
      <UnitOfMeasure>ק"ג</UnitOfMeasure>
      <bIsWeighted>1</bIsWeighted>
      <QtyInPackage>לא ידוע</QtyInPackage>
      <ItemPrice>159.00</ItemPrice>
      <UnitOfMeasurePrice>159.0000</UnitOfMeasurePrice>
      <AllowDiscount>1</AllowDiscount>
      <ItemStatus>1</ItemStatus>
      <ItemId>45964</ItemId>
    </Item>
    <Item>
      <PriceUpdateDate>2024-03-25 09:37:28</PriceUpdateDate>
      <ItemCode>839</ItemCode>
      <ItemType>0</ItemType>
      <ItemName>סלמי יברייסקיה</ItemName>
      <ManufacturerName>מעדני מניה תעשיות בש</ManufacturerName>
      <ManufactureCountry>לא ידוע</ManufactureCountry>
      <ManufacturerItemDescription>סלמי יברייסקיה</ManufacturerItemDescription>
      <UnitQty>קילוגרמים</UnitQty>
      <Quantity>1.00</Quantity>
      <UnitOfMeasure>ק"ג</UnitOfMeasure>
      <bIsWeighted>1</bIsWeighted>
      <QtyInPackage>לא ידוע</QtyInPackage>
      <ItemPrice>229.00</ItemPrice>
      <UnitOfMeasurePrice>229.0000</UnitOfMeasurePrice>
      <AllowDiscount>1</AllowDiscount>
      <ItemStatus>1</ItemStatus>
      <ItemId>45967</ItemId>
    </Item>
    <Item>
      <PriceUpdateDate>2024-11-03 14:19:33</PriceUpdateDate>
      <ItemCode>7290000000883</ItemCode>
      <ItemType>1</ItemType>
      <ItemName>מרטדלה איטלקי עם זית</ItemName>
      <ManufacturerName>ישרקו שיווק מותגי מז</ManufacturerName>
      <ManufactureCountry>לא ידוע</ManufactureCountry>
      <ManufacturerItemDescription>מרטדלה איטלקית עם זיתים</ManufacturerItemDescription>
      <UnitQty>קילוגרמים</UnitQty>
      <Quantity>1.00</Quantity>
      <UnitOfMeasure>ק"ג</UnitOfMeasure>
      <bIsWeighted>1</bIsWeighted>
      <QtyInPackage>לא ידוע</QtyInPackage>
      <ItemPrice>85.00</ItemPrice>
      <UnitOfMeasurePrice>85.0000</UnitOfMeasurePrice>
      <AllowDiscount>1</AllowDiscount>
      <ItemStatus>1</ItemStatus>
      <ItemId>45970</ItemId>
    </Item>
    <Item>
      <PriceUpdateDate>2024-09-02 10:50:41</PriceUpdateDate>
      <ItemCode>917</ItemCode>
      <ItemType>0</ItemType>
      <ItemName>דוקטורסקיה חצי</ItemName>
      <ManufacturerName>מעדני בשר השוקת</ManufacturerName>
      <ManufactureCountry>לא ידוע</ManufactureCountry>
      <ManufacturerItemDescription>דוקטורסקיה חצי</ManufacturerItemDescription>
      <UnitQty>קילוגרמים</UnitQty>
      <Quantity>1.00</Quantity>
      <UnitOfMeasure>ק"ג</UnitOfMeasure>
      <bIsWeighted>1</bIsWeighted>
      <QtyInPackage>לא ידוע</QtyInPackage>
      <ItemPrice>99.00</ItemPrice>
      <UnitOfMeasurePrice>99.0000</UnitOfMeasurePrice>
      <AllowDiscount>1</AllowDiscount>
      <ItemStatus>1</ItemStatus>
      <ItemId>45973</ItemId>
    </Item>
    <Item>
      <PriceUpdateDate>2023-12-31 12:47:59</PriceUpdateDate>
      <ItemCode>11113</ItemCode>
      <ItemType>0</ItemType>
      <ItemName>ציידנית קשת טעמים</ItemName>
      <ManufacturerName>,</ManufacturerName>
      <ManufactureCountry>לא ידוע</ManufactureCountry>
      <ManufacturerItemDescription>תיק ציידנית קשת טעמים</ManufacturerItemDescription>
      <UnitQty>Unknown </UnitQty>
      <Quantity>0.00</Quantity>
      <UnitOfMeasure>Unknown </UnitOfMeasure>
      <bIsWeighted>0</bIsWeighted>
      <QtyInPackage>1</QtyInPackage>
      <ItemPrice>14.90</ItemPrice>
      <UnitOfMeasurePrice>0.0000</UnitOfMeasurePrice>
      <AllowDiscount>1</AllowDiscount>
      <ItemStatus>1</ItemStatus>
      <ItemId>45985</ItemId>
    </Item>
    <Item>
      <PriceUpdateDate>2024-11-03 14:19:33</PriceUpdateDate>
      <ItemCode>1318</ItemCode>
      <ItemType>0</ItemType>
      <ItemName>שוק איטלקי</ItemName>
      <ManufacturerName>,</ManufacturerName>
      <ManufactureCountry>לא ידוע</ManufactureCountry>
      <ManufacturerItemDescription>שוק איטלקי</ManufacturerItemDescription>
      <UnitQty>קילוגרמים</UnitQty>
      <Quantity>1.00</Quantity>
      <UnitOfMeasure>ק"ג</UnitOfMeasure>
      <bIsWeighted>1</bIsWeighted>
      <QtyInPackage>לא ידוע</QtyInPackage>
      <ItemPrice>179.00</ItemPrice>
      <UnitOfMeasurePrice>179.0000</UnitOfMeasurePrice>
      <AllowDiscount>1</AllowDiscount>
      <ItemStatus>1</ItemStatus>
      <ItemId>46007</ItemId>
    </Item>
    <Item>
      <PriceUpdateDate>2025-02-02 07:39:54</PriceUpdateDate>
      <ItemCode>16016</ItemCode>
      <ItemType>0</ItemType>
      <ItemName>קציצות עוף מטוגנות</ItemName>
      <ManufacturerName>,</ManufacturerName>
      <ManufactureCountry>לא ידוע</ManufactureCountry>
      <ManufacturerItemDescription>קציצות עוף מטוגנות</ManufacturerItemDescription>
      <UnitQty>קילוגרמים</UnitQty>
      <Quantity>1.00</Quantity>
      <UnitOfMeasure>ק"ג</UnitOfMeasure>
      <bIsWeighted>1</bIsWeighted>
      <QtyInPackage>לא ידוע</QtyInPackage>
      <ItemPrice>89.00</ItemPrice>
      <UnitOfMeasurePrice>89.0000</UnitOfMeasurePrice>
      <AllowDiscount>1</AllowDiscount>
      <ItemStatus>1</ItemStatus>
      <ItemId>46020</ItemId>
    </Item>
    <Item>
      <PriceUpdateDate>2023-12-31 12:47:59</PriceUpdateDate>
      <ItemCode>16022</ItemCode>
      <ItemType>0</ItemType>
      <ItemName>סלט עדשים</ItemName>
      <ManufacturerName>,</ManufacturerName>
      <ManufactureCountry>לא ידוע</ManufactureCountry>
      <ManufacturerItemDescription>סלט עדשים</ManufacturerItemDescription>
      <UnitQty>קילוגרמים</UnitQty>
      <Quantity>1.00</Quantity>
      <UnitOfMeasure>ק"ג</UnitOfMeasure>
      <bIsWeighted>1</bIsWeighted>
      <QtyInPackage>לא ידוע</QtyInPackage>
      <ItemPrice>59.00</ItemPrice>
      <UnitOfMeasurePrice>59.0000</UnitOfMeasurePrice>
      <AllowDiscount>1</AllowDiscount>
      <ItemStatus>1</ItemStatus>
      <ItemId>46021</ItemId>
    </Item>
    <Item>
      <PriceUpdateDate>2024-09-02 11:09:07</PriceUpdateDate>
      <ItemCode>16041</ItemCode>
      <ItemType>0</ItemType>
      <ItemName>קציצות בקר עם רוטב</ItemName>
      <ManufacturerName>,</ManufacturerName>
      <ManufactureCountry>לא ידוע</ManufactureCountry>
      <ManufacturerItemDescription>קציצות בקר עם רוטב</ManufacturerItemDescription>
      <UnitQty>קילוגרמים</UnitQty>
      <Quantity>1.00</Quantity>
      <UnitOfMeasure>ק"ג</UnitOfMeasure>
      <bIsWeighted>1</bIsWeighted>
      <QtyInPackage>לא ידוע</QtyInPackage>
      <ItemPrice>89.00</ItemPrice>
      <UnitOfMeasurePrice>89.0000</UnitOfMeasurePrice>
      <AllowDiscount>1</AllowDiscount>
      <ItemStatus>1</ItemStatus>
      <ItemId>46022</ItemId>
    </Item>
    <Item>
      <PriceUpdateDate>2024-07-14 09:01:15</PriceUpdateDate>
      <ItemCode>7290000001605</ItemCode>
      <ItemType>1</ItemType>
      <ItemName>כרעיים עוף מעושן</ItemName>
      <ManufacturerName>קרלברג ייצור ושיווק</ManufacturerName>
      <ManufactureCountry>לא ידוע</ManufactureCountry>
      <ManufacturerItemDescription>כרעיים עוף מעושן</ManufacturerItemDescription>
      <UnitQty>קילוגרמים</UnitQty>
      <Quantity>1.00</Quantity>
      <UnitOfMeasure>ק"ג</UnitOfMeasure>
      <bIsWeighted>1</bIsWeighted>
      <QtyInPackage>לא ידוע</QtyInPackage>
      <ItemPrice>69.00</ItemPrice>
      <UnitOfMeasurePrice>69.0000</UnitOfMeasurePrice>
      <AllowDiscount>1</AllowDiscount>
      <ItemStatus>1</ItemStatus>
      <ItemId>46023</ItemId>
    </Item>
    <Item>
      <PriceUpdateDate>2025-02-02 07:39:54</PriceUpdateDate>
      <ItemCode>16056</ItemCode>
      <ItemType>0</ItemType>
      <ItemName>כנפיים ברביקיו</ItemName>
      <ManufacturerName>,</ManufacturerName>
      <ManufactureCountry>לא ידוע</ManufactureCountry>
      <ManufacturerItemDescription>כנפיים ברביקיו</ManufacturerItemDescription>
      <UnitQty>קילוגרמים</UnitQty>
      <Quantity>1.00</Quantity>
      <UnitOfMeasure>ק"ג</UnitOfMeasure>
      <bIsWeighted>1</bIsWeighted>
      <QtyInPackage>לא ידוע</QtyInPackage>
      <ItemPrice>59.00</ItemPrice>
      <UnitOfMeasurePrice>59.0000</UnitOfMeasurePrice>
      <AllowDiscount>1</AllowDiscount>
      <ItemStatus>1</ItemStatus>
      <ItemId>46024</ItemId>
    </Item>
    <Item>
      <PriceUpdateDate>2025-02-02 07:39:54</PriceUpdateDate>
      <ItemCode>16067</ItemCode>
      <ItemType>0</ItemType>
      <ItemName>נודלס עם ירקות</ItemName>
      <ManufacturerName>,</ManufacturerName>
      <ManufactureCountry>לא ידוע</ManufactureCountry>
      <ManufacturerItemDescription>נודלס עם ירקות</ManufacturerItemDescription>
      <UnitQty>קילוגרמים</UnitQty>
      <Quantity>1.00</Quantity>
      <UnitOfMeasure>ק"ג</UnitOfMeasure>
      <bIsWeighted>1</bIsWeighted>
      <QtyInPackage>לא ידוע</QtyInPackage>
      <ItemPrice>69.00</ItemPrice>
      <UnitOfMeasurePrice>69.0000</UnitOfMeasurePrice>
      <AllowDiscount>1</AllowDiscount>
      <ItemStatus>1</ItemStatus>
      <ItemId>46025</ItemId>
    </Item>
    <Item>
      <PriceUpdateDate>2025-02-02 07:39:54</PriceUpdateDate>
      <ItemCode>16471</ItemCode>
      <ItemType>0</ItemType>
      <ItemName>סלמון בעישון חם עם ח</ItemName>
      <ManufacturerName>,</ManufacturerName>
      <ManufactureCountry>לא ידוע</ManufactureCountry>
      <ManufacturerItemDescription>6 כדורים 6סמ בשקית</ManufacturerItemDescription>
      <UnitQty>קילוגרמים</UnitQty>
      <Quantity>1.00</Quantity>
      <UnitOfMeasure>ק"ג</UnitOfMeasure>
      <bIsWeighted>1</bIsWeighted>
      <QtyInPackage>לא ידוע</QtyInPackage>
      <ItemPrice>199.00</ItemPrice>
      <UnitOfMeasurePrice>199.0000</UnitOfMeasurePrice>
      <AllowDiscount>1</AllowDiscount>
      <ItemStatus>1</ItemStatus>
      <ItemId>46029</ItemId>
    </Item>
    <Item>
      <PriceUpdateDate>2023-12-31 12:47:59</PriceUpdateDate>
      <ItemCode>17323</ItemCode>
      <ItemType>0</ItemType>
      <ItemName>קוטלט מובחר</ItemName>
      <ManufacturerName>,</ManufacturerName>
      <ManufactureCountry>לא ידוע</ManufactureCountry>
      <ManufacturerItemDescription>קוטלט מובחר</ManufacturerItemDescription>
      <UnitQty>קילוגרמים</UnitQty>
      <Quantity>1.00</Quantity>
      <UnitOfMeasure>ק"ג</UnitOfMeasure>
      <bIsWeighted>1</bIsWeighted>
      <QtyInPackage>לא ידוע</QtyInPackage>
      <ItemPrice>74.90</ItemPrice>
      <UnitOfMeasurePrice>74.9000</UnitOfMeasurePrice>
      <AllowDiscount>1</AllowDiscount>
      <ItemStatus>1</ItemStatus>
      <ItemId>46054</ItemId>
    </Item>
    <Item>
      <PriceUpdateDate>2024-09-02 10:50:41</PriceUpdateDate>
      <ItemCode>1895</ItemCode>
      <ItemType>0</ItemType>
      <ItemName>גרודינקה</ItemName>
      <ManufacturerName>מעדני בשר השוקת</ManufacturerName>
      <ManufactureCountry>לא ידוע</ManufactureCountry>
      <ManufacturerItemDescription>גרודינקה</ManufacturerItemDescription>
      <UnitQty>קילוגרמים</UnitQty>
      <Quantity>1.00</Quantity>
      <UnitOfMeasure>ק"ג</UnitOfMeasure>
      <bIsWeighted>1</bIsWeighted>
      <QtyInPackage>לא ידוע</QtyInPackage>
      <ItemPrice>169.00</ItemPrice>
      <UnitOfMeasurePrice>169.0000</UnitOfMeasurePrice>
      <AllowDiscount>1</AllowDiscount>
      <ItemStatus>1</ItemStatus>
      <ItemId>46067</ItemId>
    </Item>
    <Item>
      <PriceUpdateDate>2024-11-03 14:19:33</PriceUpdateDate>
      <ItemCode>7290000000221</ItemCode>
      <ItemType>1</ItemType>
      <ItemName>נקניק קרוביאנקה</ItemName>
      <ManufacturerName>ישרקו שיווק מותגי מז</ManufacturerName>
      <ManufactureCountry>לא ידוע</ManufactureCountry>
      <ManufacturerItemDescription>נקניק קרוביאנקה</ManufacturerItemDescription>
      <UnitQty>קילוגרמים</UnitQty>
      <Quantity>1.00</Quantity>
      <UnitOfMeasure>ק"ג</UnitOfMeasure>
      <bIsWeighted>1</bIsWeighted>
      <QtyInPackage>לא ידוע</QtyInPackage>
      <ItemPrice>95.00</ItemPrice>
      <UnitOfMeasurePrice>95.0000</UnitOfMeasurePrice>
      <AllowDiscount>1</AllowDiscount>
      <ItemStatus>1</ItemStatus>
      <ItemId>46097</ItemId>
    </Item>
    <Item>
      <PriceUpdateDate>2024-09-30 08:38:47</PriceUpdateDate>
      <ItemCode>2210</ItemCode>
      <ItemType>0</ItemType>
      <ItemName>גאודה עזים ובקר עם ק</ItemName>
      <ManufacturerName>,</ManufacturerName>
      <ManufactureCountry>לא ידוע</ManufactureCountry>
      <ManufacturerItemDescription>גאודה עזים ובקר עם קפה</ManufacturerItemDescription>
      <UnitQty>קילוגרמים</UnitQty>
      <Quantity>1.00</Quantity>
      <UnitOfMeasure>ק"ג</UnitOfMeasure>
      <bIsWeighted>1</bIsWeighted>
      <QtyInPackage>לא ידוע</QtyInPackage>
      <ItemPrice>189.00</ItemPrice>
      <UnitOfMeasurePrice>189.0000</UnitOfMeasurePrice>
      <AllowDiscount>1</AllowDiscount>
      <ItemStatus>1</ItemStatus>
      <ItemId>46098</ItemId>
    </Item>
    <Item>
      <PriceUpdateDate>2025-01-02 08:44:29</PriceUpdateDate>
      <ItemCode>7290000002219</ItemCode>
      <ItemType>1</ItemType>
      <ItemName>גבינה מאסדם</ItemName>
      <ManufacturerName>,</ManufacturerName>
      <ManufactureCountry>לא ידוע</ManufactureCountry>
      <ManufacturerItemDescription>גבינה מאסדם</ManufacturerItemDescription>
      <UnitQty>קילוגרמים</UnitQty>
      <Quantity>1.00</Quantity>
      <UnitOfMeasure>ק"ג</UnitOfMeasure>
      <bIsWeighted>1</bIsWeighted>
      <QtyInPackage>לא ידוע</QtyInPackage>
      <ItemPrice>89.00</ItemPrice>
      <UnitOfMeasurePrice>89.0000</UnitOfMeasurePrice>
      <AllowDiscount>1</AllowDiscount>
      <ItemStatus>1</ItemStatus>
      <ItemId>46099</ItemId>
    </Item>
    <Item>
      <PriceUpdateDate>2025-10-15 08:35:22</PriceUpdateDate>
      <ItemCode>7290000002227</ItemCode>
      <ItemType>1</ItemType>
      <ItemName>קרם ציז אמריקאי פאו</ItemName>
      <ManufacturerName>,</ManufacturerName>
      <ManufactureCountry>לא ידוע</ManufactureCountry>
      <ManufacturerItemDescription>קרם צ"יז אמריקאי פאו</ManufacturerItemDescription>
      <UnitQty>קילוגרמים</UnitQty>
      <Quantity>1.00</Quantity>
      <UnitOfMeasure>ק"ג</UnitOfMeasure>
      <bIsWeighted>1</bIsWeighted>
      <QtyInPackage>לא ידוע</QtyInPackage>
      <ItemPrice>59.00</ItemPrice>
      <UnitOfMeasurePrice>59.0000</UnitOfMeasurePrice>
      <AllowDiscount>1</AllowDiscount>
      <ItemStatus>1</ItemStatus>
      <ItemId>46100</ItemId>
    </Item>
    <Item>
      <PriceUpdateDate>2023-12-31 12:47:59</PriceUpdateDate>
      <ItemCode>7290000002874</ItemCode>
      <ItemType>1</ItemType>
      <ItemName>גבינה קמברזולה</ItemName>
      <ManufacturerName>,</ManufacturerName>
      <ManufactureCountry>לא ידוע</ManufactureCountry>
      <ManufacturerItemDescription>גבינה קמבוזולה</ManufacturerItemDescription>
      <UnitQty>קילוגרמים</UnitQty>
      <Quantity>1.00</Quantity>
      <UnitOfMeasure>ק"ג</UnitOfMeasure>
      <bIsWeighted>1</bIsWeighted>
      <QtyInPackage>לא ידוע</QtyInPackage>
      <ItemPrice>209.00</ItemPrice>
      <UnitOfMeasurePrice>209.0000</UnitOfMeasurePrice>
      <AllowDiscount>1</AllowDiscount>
      <ItemStatus>1</ItemStatus>
      <ItemId>46112</ItemId>
    </Item>
    <Item>
      <PriceUpdateDate>2023-12-31 12:47:59</PriceUpdateDate>
      <ItemCode>7290000002953</ItemCode>
      <ItemType>1</ItemType>
      <ItemName>גבינה קברה ביין ספרד</ItemName>
      <ManufacturerName>,</ManufacturerName>
      <ManufactureCountry>לא ידוע</ManufactureCountry>
      <ManufacturerItemDescription>גבינה קברה ביין ספרד</ManufacturerItemDescription>
      <UnitQty>קילוגרמים</UnitQty>
      <Quantity>1.00</Quantity>
      <UnitOfMeasure>ק"ג</UnitOfMeasure>
      <bIsWeighted>1</bIsWeighted>
      <QtyInPackage>לא ידוע</QtyInPackage>
      <ItemPrice>229.00</ItemPrice>
      <UnitOfMeasurePrice>229.0000</UnitOfMeasurePrice>
      <AllowDiscount>1</AllowDiscount>
      <ItemStatus>1</ItemStatus>
      <ItemId>46115</ItemId>
    </Item>
    <Item>
      <PriceUpdateDate>2024-11-03 14:19:33</PriceUpdateDate>
      <ItemCode>322</ItemCode>
      <ItemType>0</ItemType>
      <ItemName>בק בייקון</ItemName>
      <ManufacturerName>זילבר תעשיות מוצרי ב</ManufacturerName>
      <ManufactureCountry>לא ידוע</ManufactureCountry>
      <ManufacturerItemDescription>בק ביקון</ManufacturerItemDescription>
      <UnitQty>קילוגרמים</UnitQty>
      <Quantity>1.00</Quantity>
      <UnitOfMeasure>ק"ג</UnitOfMeasure>
      <bIsWeighted>1</bIsWeighted>
      <QtyInPackage>לא ידוע</QtyInPackage>
      <ItemPrice>159.00</ItemPrice>
      <UnitOfMeasurePrice>159.0000</UnitOfMeasurePrice>
      <AllowDiscount>1</AllowDiscount>
      <ItemStatus>1</ItemStatus>
      <ItemId>46120</ItemId>
    </Item>
    <Item>
      <PriceUpdateDate>2024-05-07 14:11:11</PriceUpdateDate>
      <ItemCode>392</ItemCode>
      <ItemType>0</ItemType>
      <ItemName>נקניק צרקסקיה</ItemName>
      <ManufacturerName>,</ManufacturerName>
      <ManufactureCountry>לא ידוע</ManufactureCountry>
      <ManufacturerItemDescription>נקניק צרקסקיה</ManufacturerItemDescription>
      <UnitQty>קילוגרמים</UnitQty>
      <Quantity>1.00</Quantity>
      <UnitOfMeasure>ק"ג</UnitOfMeasure>
      <bIsWeighted>1</bIsWeighted>
      <QtyInPackage>לא ידוע</QtyInPackage>
      <ItemPrice>159.00</ItemPrice>
      <UnitOfMeasurePrice>159.0000</UnitOfMeasurePrice>
      <AllowDiscount>1</AllowDiscount>
      <ItemStatus>1</ItemStatus>
      <ItemId>46125</ItemId>
    </Item>
    <Item>
      <PriceUpdateDate>2024-11-12 12:03:21</PriceUpdateDate>
      <ItemCode>7290000000468</ItemCode>
      <ItemType>1</ItemType>
      <ItemName>כרעיים עוף מעושנים</ItemName>
      <ManufacturerName>ולדמן ביח"ר לנקניק ו</ManufacturerName>
      <ManufactureCountry>לא ידוע</ManufactureCountry>
      <ManufacturerItemDescription>כרעיים עוף מעושנים</ManufacturerItemDescription>
      <UnitQty>קילוגרמים</UnitQty>
      <Quantity>1.00</Quantity>
      <UnitOfMeasure>ק"ג</UnitOfMeasure>
      <bIsWeighted>1</bIsWeighted>
      <QtyInPackage>לא ידוע</QtyInPackage>
      <ItemPrice>69.00</ItemPrice>
      <UnitOfMeasurePrice>69.0000</UnitOfMeasurePrice>
      <AllowDiscount>1</AllowDiscount>
      <ItemStatus>1</ItemStatus>
      <ItemId>46143</ItemId>
    </Item>
    <Item>
      <PriceUpdateDate>2024-03-25 09:37:28</PriceUpdateDate>
      <ItemCode>7290000000554</ItemCode>
      <ItemType>1</ItemType>
      <ItemName>נקניק חי כפרי</ItemName>
      <ManufacturerName>מעדני מניה תעשיות בש</ManufacturerName>
      <ManufactureCountry>לא ידוע</ManufactureCountry>
      <ManufacturerItemDescription>נקניק חי כפרי</ManufacturerItemDescription>
      <UnitQty>קילוגרמים</UnitQty>
      <Quantity>1.00</Quantity>
      <UnitOfMeasure>ק"ג</UnitOfMeasure>
      <bIsWeighted>1</bIsWeighted>
      <QtyInPackage>לא ידוע</QtyInPackage>
      <ItemPrice>229.00</ItemPrice>
      <UnitOfMeasurePrice>229.0000</UnitOfMeasurePrice>
      <AllowDiscount>1</AllowDiscount>
      <ItemStatus>1</ItemStatus>
      <ItemId>46157</ItemId>
    </Item>
    <Item>
      <PriceUpdateDate>2023-12-31 12:48:00</PriceUpdateDate>
      <ItemCode>5659</ItemCode>
      <ItemType>0</ItemType>
      <ItemName>עוגת מוצרט קוטר 18 1</ItemName>
      <ManufacturerName>,</ManufacturerName>
      <ManufactureCountry>לא ידוע</ManufactureCountry>
      <ManufacturerItemDescription>שטרודל</ManufacturerItemDescription>
      <UnitQty>Unknown </UnitQty>
      <Quantity>0.00</Quantity>
      <UnitOfMeasure>Unknown </UnitOfMeasure>
      <bIsWeighted>0</bIsWeighted>
      <QtyInPackage>לא ידוע</QtyInPackage>
      <ItemPrice>220.00</ItemPrice>
      <UnitOfMeasurePrice>0.0000</UnitOfMeasurePrice>
      <AllowDiscount>1</AllowDiscount>
      <ItemStatus>1</ItemStatus>
      <ItemId>46161</ItemId>
    </Item>
    <Item>
      <PriceUpdateDate>2023-12-31 12:48:00</PriceUpdateDate>
      <ItemCode>5739</ItemCode>
      <ItemType>0</ItemType>
      <ItemName>עוגת קרוסל אישית 200</ItemName>
      <ManufacturerName>ROMNY KONDITER</ManufacturerName>
      <ManufactureCountry>לא ידוע</ManufactureCountry>
      <ManufacturerItemDescription>זפיר בטעמים שונים</ManufacturerItemDescription>
      <UnitQty>Unknown </UnitQty>
      <Quantity>0.00</Quantity>
      <UnitOfMeasure>Unknown </UnitOfMeasure>
      <bIsWeighted>0</bIsWeighted>
      <QtyInPackage>לא ידוע</QtyInPackage>
      <ItemPrice>55.00</ItemPrice>
      <UnitOfMeasurePrice>0.0000</UnitOfMeasurePrice>
      <AllowDiscount>1</AllowDiscount>
      <ItemStatus>1</ItemStatus>
      <ItemId>46166</ItemId>
    </Item>
    <Item>
      <PriceUpdateDate>2024-11-11 14:56:10</PriceUpdateDate>
      <ItemCode>7290000000583</ItemCode>
      <ItemType>1</ItemType>
      <ItemName>שינקן מעושן</ItemName>
      <ManufacturerName>מעדני מניה תעשיות בש</ManufacturerName>
      <ManufactureCountry>לא ידוע</ManufactureCountry>
      <ManufacturerItemDescription>שינקן מעושן</ManufacturerItemDescription>
      <UnitQty>קילוגרמים</UnitQty>
      <Quantity>1.00</Quantity>
      <UnitOfMeasure>ק"ג</UnitOfMeasure>
      <bIsWeighted>1</bIsWeighted>
      <QtyInPackage>לא ידוע</QtyInPackage>
      <ItemPrice>149.00</ItemPrice>
      <UnitOfMeasurePrice>149.0000</UnitOfMeasurePrice>
      <AllowDiscount>1</AllowDiscount>
      <ItemStatus>1</ItemStatus>
      <ItemId>46170</ItemId>
    </Item>
    <Item>
      <PriceUpdateDate>2024-11-03 14:19:33</PriceUpdateDate>
      <ItemCode>7290000000600</ItemCode>
      <ItemType>1</ItemType>
      <ItemName>סלמי רוונה</ItemName>
      <ManufacturerName>קרלברג ייצור ושיווק</ManufacturerName>
      <ManufactureCountry>לא ידוע</ManufactureCountry>
      <ManufacturerItemDescription>סלמי רוונה</ManufacturerItemDescription>
      <UnitQty>קילוגרמים</UnitQty>
      <Quantity>1.00</Quantity>
      <UnitOfMeasure>ק"ג</UnitOfMeasure>
      <bIsWeighted>1</bIsWeighted>
      <QtyInPackage>לא ידוע</QtyInPackage>
      <ItemPrice>139.00</ItemPrice>
      <UnitOfMeasurePrice>139.0000</UnitOfMeasurePrice>
      <AllowDiscount>1</AllowDiscount>
      <ItemStatus>1</ItemStatus>
      <ItemId>46176</ItemId>
    </Item>
    <Item>
      <PriceUpdateDate>2024-04-01 08:52:28</PriceUpdateDate>
      <ItemCode>7290000006107</ItemCode>
      <ItemType>1</ItemType>
      <ItemName>צימצה</ItemName>
      <ManufacturerName>,</ManufacturerName>
      <ManufactureCountry>לא ידוע</ManufactureCountry>
      <ManufacturerItemDescription>צ"ימצ"ה</ManufacturerItemDescription>
      <UnitQty>קילוגרמים</UnitQty>
      <Quantity>1.00</Quantity>
      <UnitOfMeasure>ק"ג</UnitOfMeasure>
      <bIsWeighted>1</bIsWeighted>
      <QtyInPackage>לא ידוע</QtyInPackage>
      <ItemPrice>79.00</ItemPrice>
      <UnitOfMeasurePrice>79.0000</UnitOfMeasurePrice>
      <AllowDiscount>1</AllowDiscount>
      <ItemStatus>1</ItemStatus>
      <ItemId>46178</ItemId>
    </Item>
    <Item>
      <PriceUpdateDate>2024-04-01 08:52:28</PriceUpdateDate>
      <ItemCode>6127</ItemCode>
      <ItemType>0</ItemType>
      <ItemName>אבטיח מוחמץ</ItemName>
      <ManufacturerName>,</ManufacturerName>
      <ManufactureCountry>לא ידוע</ManufactureCountry>
      <ManufacturerItemDescription>אבטיח מוחמץ</ManufacturerItemDescription>
      <UnitQty>קילוגרמים</UnitQty>
      <Quantity>1.00</Quantity>
      <UnitOfMeasure>ק"ג</UnitOfMeasure>
      <bIsWeighted>1</bIsWeighted>
      <QtyInPackage>לא ידוע</QtyInPackage>
      <ItemPrice>59.00</ItemPrice>
      <UnitOfMeasurePrice>59.0000</UnitOfMeasurePrice>
      <AllowDiscount>1</AllowDiscount>
      <ItemStatus>1</ItemStatus>
      <ItemId>46179</ItemId>
    </Item>
    <Item>
      <PriceUpdateDate>2024-05-13 08:44:00</PriceUpdateDate>
      <ItemCode>6181</ItemCode>
      <ItemType>0</ItemType>
      <ItemName>זית שחור עם גלעין</ItemName>
      <ManufacturerName>,</ManufacturerName>
      <ManufactureCountry>לא ידוע</ManufactureCountry>
      <ManufacturerItemDescription>זית שחור עם גלעין</ManufacturerItemDescription>
      <UnitQty>קילוגרמים</UnitQty>
      <Quantity>1.00</Quantity>
      <UnitOfMeasure>ק"ג</UnitOfMeasure>
      <bIsWeighted>1</bIsWeighted>
      <QtyInPackage>לא ידוע</QtyInPackage>
      <ItemPrice>69.00</ItemPrice>
      <UnitOfMeasurePrice>69.0000</UnitOfMeasurePrice>
      <AllowDiscount>1</AllowDiscount>
      <ItemStatus>1</ItemStatus>
      <ItemId>46183</ItemId>
    </Item>
    <Item>
      <PriceUpdateDate>2023-12-31 12:48:00</PriceUpdateDate>
      <ItemCode>6194</ItemCode>
      <ItemType>0</ItemType>
      <ItemName>גבינה גאודה טריקולור</ItemName>
      <ManufacturerName>,</ManufacturerName>
      <ManufactureCountry>לא ידוע</ManufactureCountry>
      <ManufacturerItemDescription>ראש סלמון מעושן</ManufacturerItemDescription>
      <UnitQty>קילוגרמים</UnitQty>
      <Quantity>1.00</Quantity>
      <UnitOfMeasure>ק"ג</UnitOfMeasure>
      <bIsWeighted>1</bIsWeighted>
      <QtyInPackage>לא ידוע</QtyInPackage>
      <ItemPrice>219.00</ItemPrice>
      <UnitOfMeasurePrice>219.0000</UnitOfMeasurePrice>
      <AllowDiscount>1</AllowDiscount>
      <ItemStatus>1</ItemStatus>
      <ItemId>46185</ItemId>
    </Item>
    <Item>
      <PriceUpdateDate>2023-12-31 12:48:00</PriceUpdateDate>
      <ItemCode>6397</ItemCode>
      <ItemType>0</ItemType>
      <ItemName>גבינה גאודה עיזים</ItemName>
      <ManufacturerName>,</ManufacturerName>
      <ManufactureCountry>לא ידוע</ManufactureCountry>
      <ManufacturerItemDescription>גבינה גאודה עיזים</ManufacturerItemDescription>
      <UnitQty>קילוגרמים</UnitQty>
      <Quantity>1.00</Quantity>
      <UnitOfMeasure>ק"ג</UnitOfMeasure>
      <bIsWeighted>1</bIsWeighted>
      <QtyInPackage>לא ידוע</QtyInPackage>
      <ItemPrice>189.00</ItemPrice>
      <UnitOfMeasurePrice>189.0000</UnitOfMeasurePrice>
      <AllowDiscount>1</AllowDiscount>
      <ItemStatus>1</ItemStatus>
      <ItemId>46190</ItemId>
    </Item>
    <Item>
      <PriceUpdateDate>2023-12-31 12:48:00</PriceUpdateDate>
      <ItemCode>6400</ItemCode>
      <ItemType>0</ItemType>
      <ItemName>גבינה דנבלו</ItemName>
      <ManufacturerName>,</ManufacturerName>
      <ManufactureCountry>לא ידוע</ManufactureCountry>
      <ManufacturerItemDescription>גבינה דנה בלו</ManufacturerItemDescription>
      <UnitQty>קילוגרמים</UnitQty>
      <Quantity>1.00</Quantity>
      <UnitOfMeasure>ק"ג</UnitOfMeasure>
      <bIsWeighted>1</bIsWeighted>
      <QtyInPackage>לא ידוע</QtyInPackage>
      <ItemPrice>99.00</ItemPrice>
      <UnitOfMeasurePrice>99.0000</UnitOfMeasurePrice>
      <AllowDiscount>1</AllowDiscount>
      <ItemStatus>1</ItemStatus>
      <ItemId>46191</ItemId>
    </Item>
    <Item>
      <PriceUpdateDate>2023-12-31 12:48:00</PriceUpdateDate>
      <ItemCode>6402</ItemCode>
      <ItemType>0</ItemType>
      <ItemName>גבינה פרמזן איטלקי</ItemName>
      <ManufacturerName>,</ManufacturerName>
      <ManufactureCountry>לא ידוע</ManufactureCountry>
      <ManufacturerItemDescription>גבינה פרמזן איטלקי</ManufacturerItemDescription>
      <UnitQty>קילוגרמים</UnitQty>
      <Quantity>1.00</Quantity>
      <UnitOfMeasure>ק"ג</UnitOfMeasure>
      <bIsWeighted>1</bIsWeighted>
      <QtyInPackage>לא ידוע</QtyInPackage>
      <ItemPrice>149.00</ItemPrice>
      <UnitOfMeasurePrice>149.0000</UnitOfMeasurePrice>
      <AllowDiscount>1</AllowDiscount>
      <ItemStatus>1</ItemStatus>
      <ItemId>46192</ItemId>
    </Item>
    <Item>
      <PriceUpdateDate>2023-12-31 12:48:00</PriceUpdateDate>
      <ItemCode>6405</ItemCode>
      <ItemType>0</ItemType>
      <ItemName>כדורי מוצרלה</ItemName>
      <ManufacturerName>,</ManufacturerName>
      <ManufactureCountry>לא ידוע</ManufactureCountry>
      <ManufacturerItemDescription>כדורי מוצרלה</ManufacturerItemDescription>
      <UnitQty>קילוגרמים</UnitQty>
      <Quantity>1.00</Quantity>
      <UnitOfMeasure>ק"ג</UnitOfMeasure>
      <bIsWeighted>1</bIsWeighted>
      <QtyInPackage>לא ידוע</QtyInPackage>
      <ItemPrice>99.00</ItemPrice>
      <UnitOfMeasurePrice>99.0000</UnitOfMeasurePrice>
      <AllowDiscount>1</AllowDiscount>
      <ItemStatus>1</ItemStatus>
      <ItemId>46193</ItemId>
    </Item>
    <Item>
      <PriceUpdateDate>2024-05-13 08:44:00</PriceUpdateDate>
      <ItemCode>6460</ItemCode>
      <ItemType>0</ItemType>
      <ItemName>זית ירוק ללא גלעין</ItemName>
      <ManufacturerName>,</ManufacturerName>
      <ManufactureCountry>לא ידוע</ManufactureCountry>
      <ManufacturerItemDescription>זית ירוק ללא גלעין</ManufacturerItemDescription>
      <UnitQty>קילוגרמים</UnitQty>
      <Quantity>1.00</Quantity>
      <UnitOfMeasure>ק"ג</UnitOfMeasure>
      <bIsWeighted>1</bIsWeighted>
      <QtyInPackage>לא ידוע</QtyInPackage>
      <ItemPrice>79.00</ItemPrice>
      <UnitOfMeasurePrice>79.0000</UnitOfMeasurePrice>
      <AllowDiscount>1</AllowDiscount>
      <ItemStatus>1</ItemStatus>
      <ItemId>46196</ItemId>
    </Item>
    <Item>
      <PriceUpdateDate>2023-12-31 12:48:00</PriceUpdateDate>
      <ItemCode>6488</ItemCode>
      <ItemType>0</ItemType>
      <ItemName>גבינת מנצגו עם שום פ</ItemName>
      <ManufacturerName>,</ManufacturerName>
      <ManufactureCountry>לא ידוע</ManufactureCountry>
      <ManufacturerItemDescription>חציל במיונז</ManufacturerItemDescription>
      <UnitQty>קילוגרמים</UnitQty>
      <Quantity>1.00</Quantity>
      <UnitOfMeasure>ק"ג</UnitOfMeasure>
      <bIsWeighted>1</bIsWeighted>
      <QtyInPackage>לא ידוע</QtyInPackage>
      <ItemPrice>269.00</ItemPrice>
      <UnitOfMeasurePrice>269.0000</UnitOfMeasurePrice>
      <AllowDiscount>1</AllowDiscount>
      <ItemStatus>1</ItemStatus>
      <ItemId>46198</ItemId>
    </Item>
    <Item>
      <PriceUpdateDate>2025-12-01 19:58:56</PriceUpdateDate>
      <ItemCode>7290000007110</ItemCode>
      <ItemType>1</ItemType>
      <ItemName>קוויאר אדום רויאל גו</ItemName>
      <ManufacturerName>,</ManufacturerName>
      <ManufactureCountry>לא ידוע</ManufactureCountry>
      <ManufacturerItemDescription>קוויאר אדום רויאל גולד</ManufacturerItemDescription>
      <UnitQty>קילוגרמים</UnitQty>
      <Quantity>1.00</Quantity>
      <UnitOfMeasure>ק"ג</UnitOfMeasure>
      <bIsWeighted>1</bIsWeighted>
      <QtyInPackage>לא ידוע</QtyInPackage>
      <ItemPrice>659.00</ItemPrice>
      <UnitOfMeasurePrice>659.0000</UnitOfMeasurePrice>
      <AllowDiscount>1</AllowDiscount>
      <ItemStatus>1</ItemStatus>
      <ItemId>46212</ItemId>
    </Item>
    <Item>
      <PriceUpdateDate>2025-02-14 12:07:10</PriceUpdateDate>
      <ItemCode>8004250091636</ItemCode>
      <ItemType>1</ItemType>
      <ItemName>קרם בלסמי מצומצם 250</ItemName>
      <ManufacturerName>,</ManufacturerName>
      <ManufactureCountry>לא ידוע</ManufactureCountry>
      <ManufacturerItemDescription>קרם בלסמי מצומצם 250 מל</ManufacturerItemDescription>
      <UnitQty>מיליליטרים</UnitQty>
      <Quantity>250.00</Quantity>
      <UnitOfMeasure>100 מ"ל</UnitOfMeasure>
      <bIsWeighted>0</bIsWeighted>
      <QtyInPackage>1</QtyInPackage>
      <ItemPrice>21.90</ItemPrice>
      <UnitOfMeasurePrice>8.7600</UnitOfMeasurePrice>
      <AllowDiscount>1</AllowDiscount>
      <ItemStatus>1</ItemStatus>
      <ItemId>97038</ItemId>
    </Item>
    <Item>
      <PriceUpdateDate>2025-09-19 12:03:39</PriceUpdateDate>
      <ItemCode>7290018339732</ItemCode>
      <ItemType>1</ItemType>
      <ItemName>ציר עצמות בקר 500 גר</ItemName>
      <ManufacturerName>,</ManufacturerName>
      <ManufactureCountry>לא ידוע</ManufactureCountry>
      <ManufacturerItemDescription>ציר עצמות בקר 500 גר</ManufacturerItemDescription>
      <UnitQty>גרמים</UnitQty>
      <Quantity>500.00</Quantity>
      <UnitOfMeasure>100 גרם</UnitOfMeasure>
      <bIsWeighted>0</bIsWeighted>
      <QtyInPackage>1</QtyInPackage>
      <ItemPrice>39.90</ItemPrice>
      <UnitOfMeasurePrice>7.9800</UnitOfMeasurePrice>
      <AllowDiscount>1</AllowDiscount>
      <ItemStatus>1</ItemStatus>
      <ItemId>101278</ItemId>
    </Item>
    <Item>
      <PriceUpdateDate>2025-02-14 12:07:10</PriceUpdateDate>
      <ItemCode>8004250090295</ItemCode>
      <ItemType>1</ItemType>
      <ItemName>קרם בלסמי מצומצם בטע</ItemName>
      <ManufacturerName>,</ManufacturerName>
      <ManufactureCountry>לא ידוע</ManufactureCountry>
      <ManufacturerItemDescription>קרם בלסמי מצומצם בטעם תות 250 מל</ManufacturerItemDescription>
      <UnitQty>מיליליטרים</UnitQty>
      <Quantity>250.00</Quantity>
      <UnitOfMeasure>100 מ"ל</UnitOfMeasure>
      <bIsWeighted>0</bIsWeighted>
      <QtyInPackage>1</QtyInPackage>
      <ItemPrice>21.90</ItemPrice>
      <UnitOfMeasurePrice>8.7600</UnitOfMeasurePrice>
      <AllowDiscount>1</AllowDiscount>
      <ItemStatus>1</ItemStatus>
      <ItemId>97039</ItemId>
    </Item>
    <Item>
      <PriceUpdateDate>2025-02-14 12:07:10</PriceUpdateDate>
      <ItemCode>8004250090929</ItemCode>
      <ItemType>1</ItemType>
      <ItemName>קרם בלסמי מצומצם בטע</ItemName>
      <ManufacturerName>,</ManufacturerName>
      <ManufactureCountry>לא ידוע</ManufactureCountry>
      <ManufacturerItemDescription>קרם בלסמי מצומצם בטעם טראפל 250 מל</ManufacturerItemDescription>
      <UnitQty>מיליליטרים</UnitQty>
      <Quantity>250.00</Quantity>
      <UnitOfMeasure>100 מ"ל</UnitOfMeasure>
      <bIsWeighted>0</bIsWeighted>
      <QtyInPackage>1</QtyInPackage>
      <ItemPrice>21.90</ItemPrice>
      <UnitOfMeasurePrice>8.7600</UnitOfMeasurePrice>
      <AllowDiscount>1</AllowDiscount>
      <ItemStatus>1</ItemStatus>
      <ItemId>97040</ItemId>
    </Item>
  </Items>
</Root>