<Root>
  <XmlDocVersion>19</XmlDocVersion>
  <ChainId>7290803800003</ChainId>
  <SubChainId>1</SubChainId>
  <StoreId>054</StoreId>
  <BikoretNo>0</BikoretNo>
  <DllVerNo>9.4.0.50</DllVerNo>
  <Items Count="1318">
    <Item>
      <PriceUpdateDate>2025-01-01 21:30:11</PriceUpdateDate>
      <ItemCode>7290004064099</ItemCode>
      <ItemType>1</ItemType>
      <ItemName>מטחנה  מלח מהרי ההימ</ItemName>
      <ManufacturerName>מלח הארץ אילת</ManufacturerName>
      <ManufactureCountry>ישראל</ManufactureCountry>
      <ManufacturerItemDescription>מלח הארץ</ManufacturerItemDescription>
      <UnitQty>גרמים</UnitQty>
      <Quantity>300.00</Quantity>
      <UnitOfMeasure>100 גרם</UnitOfMeasure>
      <bIsWeighted>0</bIsWeighted>
      <QtyInPackage>לא ידוע</QtyInPackage>
      <ItemPrice>16.80</ItemPrice>
      <UnitOfMeasurePrice>0.0560</UnitOfMeasurePrice>
      <AllowDiscount>1</AllowDiscount>
      <ItemStatus>1</ItemStatus>
      <ItemId>30558</ItemId>
    </Item>
    <Item>
      <PriceUpdateDate>2025-01-05 16:22:08</PriceUpdateDate>
      <ItemCode>7290004064181</ItemCode>
      <ItemType>1</ItemType>
      <ItemName>מלח ההימלאיה גס בצנצ</ItemName>
      <ManufacturerName>מלח הארץ אילת</ManufacturerName>
      <ManufactureCountry>ישראל</ManufactureCountry>
      <ManufacturerItemDescription>מלח ההימלאיה גס בצנצ</ManufacturerItemDescription>
      <UnitQty>קילוגרמים</UnitQty>
      <Quantity>1.00</Quantity>
      <UnitOfMeasure>ק"ג     </UnitOfMeasure>
      <bIsWeighted>0</bIsWeighted>
      <QtyInPackage>לא ידוע</QtyInPackage>
      <ItemPrice>17.90</ItemPrice>
      <UnitOfMeasurePrice>17.9000</UnitOfMeasurePrice>
      <AllowDiscount>1</AllowDiscount>
      <ItemStatus>1</ItemStatus>
      <ItemId>30561</ItemId>
    </Item>
    <Item>
      <PriceUpdateDate>2025-12-09 13:45:18</PriceUpdateDate>
      <ItemCode>7290004064389</ItemCode>
      <ItemType>1</ItemType>
      <ItemName>מלח דק הימלאייה 250</ItemName>
      <ManufacturerName>מלח הארץ אילת</ManufacturerName>
      <ManufactureCountry>ישראל</ManufactureCountry>
      <ManufacturerItemDescription>מלח הארץ</ManufacturerItemDescription>
      <UnitQty>גרמים</UnitQty>
      <Quantity>250.00</Quantity>
      <UnitOfMeasure>100 גרם</UnitOfMeasure>
      <bIsWeighted>0</bIsWeighted>
      <QtyInPackage>לא ידוע</QtyInPackage>
      <ItemPrice>11.90</ItemPrice>
      <UnitOfMeasurePrice>0.0476</UnitOfMeasurePrice>
      <AllowDiscount>1</AllowDiscount>
      <ItemStatus>1</ItemStatus>
      <ItemId>30573</ItemId>
    </Item>
    <Item>
      <PriceUpdateDate>2024-12-15 17:02:16</PriceUpdateDate>
      <ItemCode>7290004603175</ItemCode>
      <ItemType>1</ItemType>
      <ItemName>מלח ים גס 500 גרם.</ItemName>
      <ManufacturerName>מלח הארץ אילת</ManufacturerName>
      <ManufactureCountry>ישראל</ManufactureCountry>
      <ManufacturerItemDescription>מלח הארץ</ManufacturerItemDescription>
      <UnitQty>גרמים</UnitQty>
      <Quantity>500.00</Quantity>
      <UnitOfMeasure>100 גרם</UnitOfMeasure>
      <bIsWeighted>0</bIsWeighted>
      <QtyInPackage>לא ידוע</QtyInPackage>
      <ItemPrice>9.10</ItemPrice>
      <UnitOfMeasurePrice>0.0182</UnitOfMeasurePrice>
      <AllowDiscount>1</AllowDiscount>
      <ItemStatus>1</ItemStatus>
      <ItemId>30575</ItemId>
    </Item>
    <Item>
      <PriceUpdateDate>2025-01-05 16:22:10</PriceUpdateDate>
      <ItemCode>7290017142166</ItemCode>
      <ItemType>1</ItemType>
      <ItemName>פילה טונה בשמן זית 1</ItemName>
      <ManufacturerName>שמן תעשיות</ManufacturerName>
      <ManufactureCountry>ישראל</ManufactureCountry>
      <ManufacturerItemDescription>עץ הזית</ManufacturerItemDescription>
      <UnitQty>גרמים</UnitQty>
      <Quantity>120.00</Quantity>
      <UnitOfMeasure>100 גרם</UnitOfMeasure>
      <bIsWeighted>0</bIsWeighted>
      <QtyInPackage>לא ידוע</QtyInPackage>
      <ItemPrice>17.00</ItemPrice>
      <UnitOfMeasurePrice>0.1417</UnitOfMeasurePrice>
      <AllowDiscount>1</AllowDiscount>
      <ItemStatus>1</ItemStatus>
      <ItemId>30580</ItemId>
    </Item>
    <Item>
      <PriceUpdateDate>2025-01-05 16:22:10</PriceUpdateDate>
      <ItemCode>7290017142203</ItemCode>
      <ItemType>1</ItemType>
      <ItemName>פילה טונה בטעם מעושן</ItemName>
      <ManufacturerName>שמן תעשיות</ManufacturerName>
      <ManufactureCountry>ישראל</ManufactureCountry>
      <ManufacturerItemDescription>עץ הזית</ManufacturerItemDescription>
      <UnitQty>גרמים</UnitQty>
      <Quantity>120.00</Quantity>
      <UnitOfMeasure>100 גרם</UnitOfMeasure>
      <bIsWeighted>0</bIsWeighted>
      <QtyInPackage>לא ידוע</QtyInPackage>
      <ItemPrice>17.00</ItemPrice>
      <UnitOfMeasurePrice>0.1417</UnitOfMeasurePrice>
      <AllowDiscount>1</AllowDiscount>
      <ItemStatus>1</ItemStatus>
      <ItemId>30582</ItemId>
    </Item>
    <Item>
      <PriceUpdateDate>2025-11-17 14:54:58</PriceUpdateDate>
      <ItemCode>7290116533704</ItemCode>
      <ItemType>1</ItemType>
      <ItemName>חטיף דג דג מלוח 250</ItemName>
      <ManufacturerName>בייגל את בייגל מזון</ManufacturerName>
      <ManufactureCountry>ישראל</ManufactureCountry>
      <ManufacturerItemDescription>חטיף דג דג מלוח 250</ManufacturerItemDescription>
      <UnitQty>גרמים</UnitQty>
      <Quantity>250.00</Quantity>
      <UnitOfMeasure>100 גרם</UnitOfMeasure>
      <bIsWeighted>0</bIsWeighted>
      <QtyInPackage>לא ידוע</QtyInPackage>
      <ItemPrice>13.90</ItemPrice>
      <UnitOfMeasurePrice>0.0556</UnitOfMeasurePrice>
      <AllowDiscount>1</AllowDiscount>
      <ItemStatus>1</ItemStatus>
      <ItemId>72944</ItemId>
    </Item>
    <Item>
      <PriceUpdateDate>2023-11-05 06:06:24</PriceUpdateDate>
      <ItemCode>7290017142456</ItemCode>
      <ItemType>1</ItemType>
      <ItemName>נתחי טונה בשמן זית 2</ItemName>
      <ManufacturerName>לא ידוע</ManufacturerName>
      <ManufactureCountry>לא ידוע</ManufactureCountry>
      <ManufacturerItemDescription>עץ הזית</ManufacturerItemDescription>
      <UnitQty>גרמים</UnitQty>
      <Quantity>320.00</Quantity>
      <UnitOfMeasure>100 גרם</UnitOfMeasure>
      <bIsWeighted>0</bIsWeighted>
      <QtyInPackage>לא ידוע</QtyInPackage>
      <ItemPrice>27.90</ItemPrice>
      <UnitOfMeasurePrice>0.0872</UnitOfMeasurePrice>
      <AllowDiscount>1</AllowDiscount>
      <ItemStatus>1</ItemStatus>
      <ItemId>30592</ItemId>
    </Item>
    <Item>
      <PriceUpdateDate>2025-06-22 15:56:01</PriceUpdateDate>
      <ItemCode>7290100700020</ItemCode>
      <ItemType>1</ItemType>
      <ItemName>גריסי פנינה 500  גרם</ItemName>
      <ManufacturerName>סוגת תעשיות בע"מ</ManufacturerName>
      <ManufactureCountry>ישראל</ManufactureCountry>
      <ManufacturerItemDescription>סוגת</ManufacturerItemDescription>
      <UnitQty>גרמים</UnitQty>
      <Quantity>500.00</Quantity>
      <UnitOfMeasure>100 גרם</UnitOfMeasure>
      <bIsWeighted>0</bIsWeighted>
      <QtyInPackage>לא ידוע</QtyInPackage>
      <ItemPrice>8.00</ItemPrice>
      <UnitOfMeasurePrice>0.0160</UnitOfMeasurePrice>
      <AllowDiscount>1</AllowDiscount>
      <ItemStatus>1</ItemStatus>
      <ItemId>30598</ItemId>
    </Item>
    <Item>
      <PriceUpdateDate>2025-12-22 19:11:09</PriceUpdateDate>
      <ItemCode>7290100700075</ItemCode>
      <ItemType>1</ItemType>
      <ItemName>פירורי לחם מוזהבים ס</ItemName>
      <ManufacturerName>סוגת תעשיות בע"מ</ManufacturerName>
      <ManufactureCountry>ישראל</ManufactureCountry>
      <ManufacturerItemDescription>סוגת</ManufacturerItemDescription>
      <UnitQty>גרמים</UnitQty>
      <Quantity>200.00</Quantity>
      <UnitOfMeasure>100 גרם</UnitOfMeasure>
      <bIsWeighted>0</bIsWeighted>
      <QtyInPackage>לא ידוע</QtyInPackage>
      <ItemPrice>4.90</ItemPrice>
      <UnitOfMeasurePrice>0.0245</UnitOfMeasurePrice>
      <AllowDiscount>1</AllowDiscount>
      <ItemStatus>1</ItemStatus>
      <ItemId>30600</ItemId>
    </Item>
    <Item>
      <PriceUpdateDate>2025-12-22 19:11:09</PriceUpdateDate>
      <ItemCode>7290100700266</ItemCode>
      <ItemType>1</ItemType>
      <ItemName>פירורי לחם לבנים סוג</ItemName>
      <ManufacturerName>סוגת תעשיות בע"מ</ManufacturerName>
      <ManufactureCountry>ישראל</ManufactureCountry>
      <ManufacturerItemDescription>סוגת</ManufacturerItemDescription>
      <UnitQty>גרמים</UnitQty>
      <Quantity>200.00</Quantity>
      <UnitOfMeasure>100 גרם</UnitOfMeasure>
      <bIsWeighted>0</bIsWeighted>
      <QtyInPackage>לא ידוע</QtyInPackage>
      <ItemPrice>4.90</ItemPrice>
      <UnitOfMeasurePrice>0.0245</UnitOfMeasurePrice>
      <AllowDiscount>1</AllowDiscount>
      <ItemStatus>1</ItemStatus>
      <ItemId>30602</ItemId>
    </Item>
    <Item>
      <PriceUpdateDate>2025-01-01 21:30:19</PriceUpdateDate>
      <ItemCode>7290100700273</ItemCode>
      <ItemType>1</ItemType>
      <ItemName>קינואה 500 גרם</ItemName>
      <ManufacturerName>סוגת תעשיות בע"מ</ManufacturerName>
      <ManufactureCountry>ישראל</ManufactureCountry>
      <ManufacturerItemDescription>סוגת</ManufacturerItemDescription>
      <UnitQty>גרמים</UnitQty>
      <Quantity>500.00</Quantity>
      <UnitOfMeasure>100 גרם</UnitOfMeasure>
      <bIsWeighted>0</bIsWeighted>
      <QtyInPackage>לא ידוע</QtyInPackage>
      <ItemPrice>18.10</ItemPrice>
      <UnitOfMeasurePrice>0.0362</UnitOfMeasurePrice>
      <AllowDiscount>1</AllowDiscount>
      <ItemStatus>1</ItemStatus>
      <ItemId>30603</ItemId>
    </Item>
    <Item>
      <PriceUpdateDate>2025-12-26 12:44:45</PriceUpdateDate>
      <ItemCode>7290100700396</ItemCode>
      <ItemType>1</ItemType>
      <ItemName>אורז יסמין 1 ק"ג</ItemName>
      <ManufacturerName>סוגת תעשיות בעמ</ManufacturerName>
      <ManufactureCountry>ישראל</ManufactureCountry>
      <ManufacturerItemDescription>סוגת</ManufacturerItemDescription>
      <UnitQty>קילוגרמים</UnitQty>
      <Quantity>1.00</Quantity>
      <UnitOfMeasure>ק"ג     </UnitOfMeasure>
      <bIsWeighted>0</bIsWeighted>
      <QtyInPackage>לא ידוע</QtyInPackage>
      <ItemPrice>13.90</ItemPrice>
      <UnitOfMeasurePrice>13.9000</UnitOfMeasurePrice>
      <AllowDiscount>1</AllowDiscount>
      <ItemStatus>1</ItemStatus>
      <ItemId>30610</ItemId>
    </Item>
    <Item>
      <PriceUpdateDate>2025-06-22 15:56:01</PriceUpdateDate>
      <ItemCode>7290100700587</ItemCode>
      <ItemType>1</ItemType>
      <ItemName>בורגול 500 גרם</ItemName>
      <ManufacturerName>סוגת תעשיות בע"מ</ManufacturerName>
      <ManufactureCountry>לא ידוע</ManufactureCountry>
      <ManufacturerItemDescription>סוגת</ManufacturerItemDescription>
      <UnitQty>יחידה   </UnitQty>
      <Quantity>0.00</Quantity>
      <UnitOfMeasure>יחידה   </UnitOfMeasure>
      <bIsWeighted>0</bIsWeighted>
      <QtyInPackage>לא ידוע</QtyInPackage>
      <ItemPrice>8.00</ItemPrice>
      <UnitOfMeasurePrice>0.0000</UnitOfMeasurePrice>
      <AllowDiscount>1</AllowDiscount>
      <ItemStatus>1</ItemStatus>
      <ItemId>30613</ItemId>
    </Item>
    <Item>
      <PriceUpdateDate>2025-01-01 21:30:19</PriceUpdateDate>
      <ItemCode>7290100701300</ItemCode>
      <ItemType>1</ItemType>
      <ItemName>קינואה אדומה 500 גרם</ItemName>
      <ManufacturerName>לא ידוע</ManufacturerName>
      <ManufactureCountry>לא ידוע</ManufactureCountry>
      <ManufacturerItemDescription>קינואה אדומה 500 גרם</ManufacturerItemDescription>
      <UnitQty>גרמים</UnitQty>
      <Quantity>500.00</Quantity>
      <UnitOfMeasure>100 גרם</UnitOfMeasure>
      <bIsWeighted>0</bIsWeighted>
      <QtyInPackage>לא ידוע</QtyInPackage>
      <ItemPrice>18.10</ItemPrice>
      <UnitOfMeasurePrice>0.0362</UnitOfMeasurePrice>
      <AllowDiscount>1</AllowDiscount>
      <ItemStatus>1</ItemStatus>
      <ItemId>30617</ItemId>
    </Item>
    <Item>
      <PriceUpdateDate>2025-01-05 16:22:11</PriceUpdateDate>
      <ItemCode>7290100701577</ItemCode>
      <ItemType>1</ItemType>
      <ItemName>קמח לחם מספר 2</ItemName>
      <ManufacturerName>שטיבל בע"מ</ManufacturerName>
      <ManufactureCountry>ישראל</ManufactureCountry>
      <ManufacturerItemDescription>סוגת</ManufacturerItemDescription>
      <UnitQty>קילוגרמים</UnitQty>
      <Quantity>1.00</Quantity>
      <UnitOfMeasure>ק"ג     </UnitOfMeasure>
      <bIsWeighted>0</bIsWeighted>
      <QtyInPackage>לא ידוע</QtyInPackage>
      <ItemPrice>9.00</ItemPrice>
      <UnitOfMeasurePrice>9.0000</UnitOfMeasurePrice>
      <AllowDiscount>1</AllowDiscount>
      <ItemStatus>1</ItemStatus>
      <ItemId>30627</ItemId>
    </Item>
    <Item>
      <PriceUpdateDate>2025-01-01 21:30:19</PriceUpdateDate>
      <ItemCode>7290100702383</ItemCode>
      <ItemType>1</ItemType>
      <ItemName>קמח תופח סוגת 1 ק"ג</ItemName>
      <ManufacturerName>שטיבל בע"מ</ManufacturerName>
      <ManufactureCountry>לא ידוע</ManufactureCountry>
      <ManufacturerItemDescription>סוגת</ManufacturerItemDescription>
      <UnitQty>יחידה   </UnitQty>
      <Quantity>0.00</Quantity>
      <UnitOfMeasure>יחידה   </UnitOfMeasure>
      <bIsWeighted>0</bIsWeighted>
      <QtyInPackage>לא ידוע</QtyInPackage>
      <ItemPrice>9.00</ItemPrice>
      <UnitOfMeasurePrice>0.0000</UnitOfMeasurePrice>
      <AllowDiscount>1</AllowDiscount>
      <ItemStatus>1</ItemStatus>
      <ItemId>30643</ItemId>
    </Item>
    <Item>
      <PriceUpdateDate>2025-01-01 21:30:19</PriceUpdateDate>
      <ItemCode>7290100702611</ItemCode>
      <ItemType>1</ItemType>
      <ItemName>פתיתים אפויים אורז 5</ItemName>
      <ManufacturerName>אסיף תעשיות מזון בע"</ManufacturerName>
      <ManufactureCountry>ישראל</ManufactureCountry>
      <ManufacturerItemDescription>סוגת</ManufacturerItemDescription>
      <UnitQty>גרמים</UnitQty>
      <Quantity>500.00</Quantity>
      <UnitOfMeasure>100 גרם</UnitOfMeasure>
      <bIsWeighted>0</bIsWeighted>
      <QtyInPackage>לא ידוע</QtyInPackage>
      <ItemPrice>7.00</ItemPrice>
      <UnitOfMeasurePrice>0.0140</UnitOfMeasurePrice>
      <AllowDiscount>1</AllowDiscount>
      <ItemStatus>1</ItemStatus>
      <ItemId>30650</ItemId>
    </Item>
    <Item>
      <PriceUpdateDate>2025-01-05 16:22:11</PriceUpdateDate>
      <ItemCode>7290100702635</ItemCode>
      <ItemType>1</ItemType>
      <ItemName>פתיתים אפויים כוכבים</ItemName>
      <ManufacturerName>אסיף תעשיות מזון בע"</ManufacturerName>
      <ManufactureCountry>ישראל</ManufactureCountry>
      <ManufacturerItemDescription>סוגת</ManufacturerItemDescription>
      <UnitQty>גרמים</UnitQty>
      <Quantity>500.00</Quantity>
      <UnitOfMeasure>100 גרם</UnitOfMeasure>
      <bIsWeighted>0</bIsWeighted>
      <QtyInPackage>לא ידוע</QtyInPackage>
      <ItemPrice>7.00</ItemPrice>
      <UnitOfMeasurePrice>0.0140</UnitOfMeasurePrice>
      <AllowDiscount>1</AllowDiscount>
      <ItemStatus>1</ItemStatus>
      <ItemId>30652</ItemId>
    </Item>
    <Item>
      <PriceUpdateDate>2025-01-01 21:30:19</PriceUpdateDate>
      <ItemCode>7290100703007</ItemCode>
      <ItemType>1</ItemType>
      <ItemName>עדשים שחורות בלוגה 5</ItemName>
      <ManufacturerName>סוגת תעשיות בע"מ</ManufacturerName>
      <ManufactureCountry>ישראל</ManufactureCountry>
      <ManufacturerItemDescription>סוגת</ManufacturerItemDescription>
      <UnitQty>גרמים</UnitQty>
      <Quantity>500.00</Quantity>
      <UnitOfMeasure>100 גרם</UnitOfMeasure>
      <bIsWeighted>0</bIsWeighted>
      <QtyInPackage>לא ידוע</QtyInPackage>
      <ItemPrice>10.00</ItemPrice>
      <UnitOfMeasurePrice>0.0200</UnitOfMeasurePrice>
      <AllowDiscount>1</AllowDiscount>
      <ItemStatus>1</ItemStatus>
      <ItemId>30679</ItemId>
    </Item>
    <Item>
      <PriceUpdateDate>2025-01-01 21:30:19</PriceUpdateDate>
      <ItemCode>7290100703458</ItemCode>
      <ItemType>1</ItemType>
      <ItemName>כוסמת 500 גרם ללא קל</ItemName>
      <ManufacturerName>שטיבל בע"מ</ManufacturerName>
      <ManufactureCountry>ישראל</ManufactureCountry>
      <ManufacturerItemDescription>סוגת</ManufacturerItemDescription>
      <UnitQty>גרמים</UnitQty>
      <Quantity>500.00</Quantity>
      <UnitOfMeasure>100 גרם</UnitOfMeasure>
      <bIsWeighted>0</bIsWeighted>
      <QtyInPackage>לא ידוע</QtyInPackage>
      <ItemPrice>10.00</ItemPrice>
      <UnitOfMeasurePrice>0.0200</UnitOfMeasurePrice>
      <AllowDiscount>1</AllowDiscount>
      <ItemStatus>1</ItemStatus>
      <ItemId>30692</ItemId>
    </Item>
    <Item>
      <PriceUpdateDate>2025-12-02 13:02:41</PriceUpdateDate>
      <ItemCode>3608580109280</ItemCode>
      <ItemType>1</ItemType>
      <ItemName>קונפיטורה תות שדה 37</ItemName>
      <ManufacturerName>אנדרוס</ManufacturerName>
      <ManufactureCountry>צרפת</ManufactureCountry>
      <ManufacturerItemDescription>קונפיטורה תות שדה 37</ManufacturerItemDescription>
      <UnitQty>גרמים</UnitQty>
      <Quantity>370.00</Quantity>
      <UnitOfMeasure>100 גרם</UnitOfMeasure>
      <bIsWeighted>0</bIsWeighted>
      <QtyInPackage>לא ידוע</QtyInPackage>
      <ItemPrice>24.90</ItemPrice>
      <UnitOfMeasurePrice>0.0673</UnitOfMeasurePrice>
      <AllowDiscount>1</AllowDiscount>
      <ItemStatus>1</ItemStatus>
      <ItemId>91481</ItemId>
    </Item>
    <Item>
      <PriceUpdateDate>2025-05-27 15:00:50</PriceUpdateDate>
      <ItemCode>7290116537351</ItemCode>
      <ItemType>1</ItemType>
      <ItemName>כריות נוגט 686 גרם</ItemName>
      <ManufacturerName>אתר שפע - Food</ManufacturerName>
      <ManufactureCountry>לא ידוע</ManufactureCountry>
      <ManufacturerItemDescription>TELMA</ManufacturerItemDescription>
      <UnitQty>יחידה   </UnitQty>
      <Quantity>0.00</Quantity>
      <UnitOfMeasure>יחידה   </UnitOfMeasure>
      <bIsWeighted>0</bIsWeighted>
      <QtyInPackage>לא ידוע</QtyInPackage>
      <ItemPrice>31.90</ItemPrice>
      <UnitOfMeasurePrice>0.0000</UnitOfMeasurePrice>
      <AllowDiscount>1</AllowDiscount>
      <ItemStatus>1</ItemStatus>
      <ItemId>106340</ItemId>
    </Item>
    <Item>
      <PriceUpdateDate>2025-08-31 17:23:02</PriceUpdateDate>
      <ItemCode>8550740072529</ItemCode>
      <ItemType>1</ItemType>
      <ItemName>סלק ישראלי וואקום  5</ItemName>
      <ManufacturerName>לא ידוע</ManufacturerName>
      <ManufactureCountry>ישראל</ManufactureCountry>
      <ManufacturerItemDescription>סלק ישראלי וואקום  5</ManufacturerItemDescription>
      <UnitQty>יח'</UnitQty>
      <Quantity>1.00</Quantity>
      <UnitOfMeasure>יח'</UnitOfMeasure>
      <bIsWeighted>0</bIsWeighted>
      <QtyInPackage>לא ידוע</QtyInPackage>
      <ItemPrice>6.90</ItemPrice>
      <UnitOfMeasurePrice>6.9000</UnitOfMeasurePrice>
      <AllowDiscount>1</AllowDiscount>
      <ItemStatus>1</ItemStatus>
      <ItemId>106361</ItemId>
    </Item>
    <Item>
      <PriceUpdateDate>2025-02-04 14:02:46</PriceUpdateDate>
      <ItemCode>7290110115890</ItemCode>
      <ItemType>1</ItemType>
      <ItemName>מים נביעות 500 מ"ל</ItemName>
      <ManufacturerName>לא ידוע</ManufacturerName>
      <ManufactureCountry>כללי</ManufactureCountry>
      <ManufacturerItemDescription>נביעות 500 מ"ל</ManufacturerItemDescription>
      <UnitQty>מיליליטרים</UnitQty>
      <Quantity>500.00</Quantity>
      <UnitOfMeasure>100 מ"ל</UnitOfMeasure>
      <bIsWeighted>0</bIsWeighted>
      <QtyInPackage>לא ידוע</QtyInPackage>
      <ItemPrice>5.00</ItemPrice>
      <UnitOfMeasurePrice>0.0100</UnitOfMeasurePrice>
      <AllowDiscount>1</AllowDiscount>
      <ItemStatus>1</ItemStatus>
      <ItemId>107711</ItemId>
    </Item>
    <Item>
      <PriceUpdateDate>2025-08-04 08:09:47</PriceUpdateDate>
      <ItemCode>7290000000343</ItemCode>
      <ItemType>1</ItemType>
      <ItemName>גזר  בתפזורת</ItemName>
      <ManufacturerName>משתנה</ManufacturerName>
      <ManufactureCountry>ישראל</ManufactureCountry>
      <ManufacturerItemDescription>גזר בתפזורת</ManufacturerItemDescription>
      <UnitQty>קילוגרמים</UnitQty>
      <Quantity>1.00</Quantity>
      <UnitOfMeasure>ק"ג</UnitOfMeasure>
      <bIsWeighted>1</bIsWeighted>
      <QtyInPackage>לא ידוע</QtyInPackage>
      <ItemPrice>6.90</ItemPrice>
      <UnitOfMeasurePrice>6.9000</UnitOfMeasurePrice>
      <AllowDiscount>1</AllowDiscount>
      <ItemStatus>1</ItemStatus>
      <ItemId>30772</ItemId>
    </Item>
    <Item>
      <PriceUpdateDate>2025-08-04 08:11:13</PriceUpdateDate>
      <ItemCode>7290000000344</ItemCode>
      <ItemType>1</ItemType>
      <ItemName>תפו"א אדום בתפזורת</ItemName>
      <ManufacturerName>משתנה</ManufacturerName>
      <ManufactureCountry>ישראל</ManufactureCountry>
      <ManufacturerItemDescription>תפו"א אדום בתפזורת</ManufacturerItemDescription>
      <UnitQty>קילוגרמים</UnitQty>
      <Quantity>1.00</Quantity>
      <UnitOfMeasure>ק"ג</UnitOfMeasure>
      <bIsWeighted>1</bIsWeighted>
      <QtyInPackage>לא ידוע</QtyInPackage>
      <ItemPrice>6.90</ItemPrice>
      <UnitOfMeasurePrice>6.9000</UnitOfMeasurePrice>
      <AllowDiscount>1</AllowDiscount>
      <ItemStatus>1</ItemStatus>
      <ItemId>30773</ItemId>
    </Item>
    <Item>
      <PriceUpdateDate>2025-03-17 13:38:09</PriceUpdateDate>
      <ItemCode>7290000000345</ItemCode>
      <ItemType>1</ItemType>
      <ItemName>תפו"א לבן בתפזורת</ItemName>
      <ManufacturerName>משתנה</ManufacturerName>
      <ManufactureCountry>ישראל</ManufactureCountry>
      <ManufacturerItemDescription>תפו"א לבן בתפזורת</ManufacturerItemDescription>
      <UnitQty>קילוגרמים</UnitQty>
      <Quantity>1.00</Quantity>
      <UnitOfMeasure>ק"ג</UnitOfMeasure>
      <bIsWeighted>1</bIsWeighted>
      <QtyInPackage>לא ידוע</QtyInPackage>
      <ItemPrice>5.90</ItemPrice>
      <UnitOfMeasurePrice>5.9000</UnitOfMeasurePrice>
      <AllowDiscount>1</AllowDiscount>
      <ItemStatus>1</ItemStatus>
      <ItemId>30774</ItemId>
    </Item>
    <Item>
      <PriceUpdateDate>2025-11-10 17:16:44</PriceUpdateDate>
      <ItemCode>7290020000705</ItemCode>
      <ItemType>1</ItemType>
      <ItemName>תה ירוק לימונית לואי</ItemName>
      <ManufacturerName>לא ידוע</ManufacturerName>
      <ManufactureCountry>ישראל</ManufactureCountry>
      <ManufacturerItemDescription>תה ירוק לימונית לואי</ManufacturerItemDescription>
      <UnitQty>גרמים</UnitQty>
      <Quantity>37.50</Quantity>
      <UnitOfMeasure>100 גרם</UnitOfMeasure>
      <bIsWeighted>0</bIsWeighted>
      <QtyInPackage>לא ידוע</QtyInPackage>
      <ItemPrice>13.90</ItemPrice>
      <UnitOfMeasurePrice>0.3707</UnitOfMeasurePrice>
      <AllowDiscount>1</AllowDiscount>
      <ItemStatus>1</ItemStatus>
      <ItemId>120202</ItemId>
    </Item>
    <Item>
      <PriceUpdateDate>2025-12-22 19:28:37</PriceUpdateDate>
      <ItemCode>7290000000473</ItemCode>
      <ItemType>1</ItemType>
      <ItemName>קישוא זוקיני</ItemName>
      <ManufacturerName>משתנה</ManufacturerName>
      <ManufactureCountry>ישראל</ManufactureCountry>
      <ManufacturerItemDescription>קישוא זוקיני</ManufacturerItemDescription>
      <UnitQty>קילוגרמים</UnitQty>
      <Quantity>1.00</Quantity>
      <UnitOfMeasure>ק"ג</UnitOfMeasure>
      <bIsWeighted>1</bIsWeighted>
      <QtyInPackage>לא ידוע</QtyInPackage>
      <ItemPrice>11.90</ItemPrice>
      <UnitOfMeasurePrice>11.9000</UnitOfMeasurePrice>
      <AllowDiscount>1</AllowDiscount>
      <ItemStatus>1</ItemStatus>
      <ItemId>30776</ItemId>
    </Item>
    <Item>
      <PriceUpdateDate>2025-12-01 14:55:46</PriceUpdateDate>
      <ItemCode>7290000000606</ItemCode>
      <ItemType>1</ItemType>
      <ItemName>אבוקדו</ItemName>
      <ManufacturerName>משתנה</ManufacturerName>
      <ManufactureCountry>ישראל</ManufactureCountry>
      <ManufacturerItemDescription>אבוקדו</ManufacturerItemDescription>
      <UnitQty>קילוגרמים</UnitQty>
      <Quantity>1.00</Quantity>
      <UnitOfMeasure>ק"ג</UnitOfMeasure>
      <bIsWeighted>1</bIsWeighted>
      <QtyInPackage>לא ידוע</QtyInPackage>
      <ItemPrice>10.90</ItemPrice>
      <UnitOfMeasurePrice>10.9000</UnitOfMeasurePrice>
      <AllowDiscount>1</AllowDiscount>
      <ItemStatus>1</ItemStatus>
      <ItemId>30777</ItemId>
    </Item>
    <Item>
      <PriceUpdateDate>2025-06-23 15:42:01</PriceUpdateDate>
      <ItemCode>7290000000619</ItemCode>
      <ItemType>1</ItemType>
      <ItemName>בצל אדום</ItemName>
      <ManufacturerName>משתנה</ManufacturerName>
      <ManufactureCountry>ישראל</ManufactureCountry>
      <ManufacturerItemDescription>בצל אדום</ManufacturerItemDescription>
      <UnitQty>קילוגרמים</UnitQty>
      <Quantity>1.00</Quantity>
      <UnitOfMeasure>ק"ג</UnitOfMeasure>
      <bIsWeighted>1</bIsWeighted>
      <QtyInPackage>לא ידוע</QtyInPackage>
      <ItemPrice>6.90</ItemPrice>
      <UnitOfMeasurePrice>6.9000</UnitOfMeasurePrice>
      <AllowDiscount>1</AllowDiscount>
      <ItemStatus>1</ItemStatus>
      <ItemId>30779</ItemId>
    </Item>
    <Item>
      <PriceUpdateDate>2025-01-01 21:30:19</PriceUpdateDate>
      <ItemCode>7290100704844</ItemCode>
      <ItemType>1</ItemType>
      <ItemName>גריסי שיבולת שועל 50</ItemName>
      <ManufacturerName>סוגת</ManufacturerName>
      <ManufactureCountry>ישראל</ManufactureCountry>
      <ManufacturerItemDescription>גריסי שיבולת שועל 50</ManufacturerItemDescription>
      <UnitQty>גרמים</UnitQty>
      <Quantity>500.00</Quantity>
      <UnitOfMeasure>100 גרם</UnitOfMeasure>
      <bIsWeighted>0</bIsWeighted>
      <QtyInPackage>לא ידוע</QtyInPackage>
      <ItemPrice>13.00</ItemPrice>
      <UnitOfMeasurePrice>0.0260</UnitOfMeasurePrice>
      <AllowDiscount>1</AllowDiscount>
      <ItemStatus>1</ItemStatus>
      <ItemId>98035</ItemId>
    </Item>
    <Item>
      <PriceUpdateDate>2025-11-24 15:12:30</PriceUpdateDate>
      <ItemCode>7290000000620</ItemCode>
      <ItemType>1</ItemType>
      <ItemName>בצל יבש.</ItemName>
      <ManufacturerName>משתנה</ManufacturerName>
      <ManufactureCountry>ישראל</ManufactureCountry>
      <ManufacturerItemDescription>בצל יבש</ManufacturerItemDescription>
      <UnitQty>קילוגרמים</UnitQty>
      <Quantity>1.00</Quantity>
      <UnitOfMeasure>ק"ג</UnitOfMeasure>
      <bIsWeighted>1</bIsWeighted>
      <QtyInPackage>לא ידוע</QtyInPackage>
      <ItemPrice>4.90</ItemPrice>
      <UnitOfMeasurePrice>4.9000</UnitOfMeasurePrice>
      <AllowDiscount>1</AllowDiscount>
      <ItemStatus>1</ItemStatus>
      <ItemId>30780</ItemId>
    </Item>
    <Item>
      <PriceUpdateDate>2025-04-11 15:14:55</PriceUpdateDate>
      <ItemCode>7290000000622</ItemCode>
      <ItemType>1</ItemType>
      <ItemName>בטטה</ItemName>
      <ManufacturerName>משתנה</ManufacturerName>
      <ManufactureCountry>ישראל</ManufactureCountry>
      <ManufacturerItemDescription>בטטה</ManufacturerItemDescription>
      <UnitQty>קילוגרמים</UnitQty>
      <Quantity>1.00</Quantity>
      <UnitOfMeasure>ק"ג</UnitOfMeasure>
      <bIsWeighted>1</bIsWeighted>
      <QtyInPackage>לא ידוע</QtyInPackage>
      <ItemPrice>9.90</ItemPrice>
      <UnitOfMeasurePrice>9.9000</UnitOfMeasurePrice>
      <AllowDiscount>1</AllowDiscount>
      <ItemStatus>1</ItemStatus>
      <ItemId>30781</ItemId>
    </Item>
    <Item>
      <PriceUpdateDate>2025-12-22 19:28:37</PriceUpdateDate>
      <ItemCode>7290000000623</ItemCode>
      <ItemType>1</ItemType>
      <ItemName>בננה</ItemName>
      <ManufacturerName>משתנה</ManufacturerName>
      <ManufactureCountry>ישראל</ManufactureCountry>
      <ManufacturerItemDescription>בננה</ManufacturerItemDescription>
      <UnitQty>קילוגרמים</UnitQty>
      <Quantity>1.00</Quantity>
      <UnitOfMeasure>ק"ג</UnitOfMeasure>
      <bIsWeighted>1</bIsWeighted>
      <QtyInPackage>לא ידוע</QtyInPackage>
      <ItemPrice>9.90</ItemPrice>
      <UnitOfMeasurePrice>9.9000</UnitOfMeasurePrice>
      <AllowDiscount>1</AllowDiscount>
      <ItemStatus>1</ItemStatus>
      <ItemId>30782</ItemId>
    </Item>
    <Item>
      <PriceUpdateDate>2025-08-11 18:54:22</PriceUpdateDate>
      <ItemCode>7290000000625</ItemCode>
      <ItemType>1</ItemType>
      <ItemName>דלורית</ItemName>
      <ManufacturerName>משתנה</ManufacturerName>
      <ManufactureCountry>ישראל</ManufactureCountry>
      <ManufacturerItemDescription>דלורית</ManufacturerItemDescription>
      <UnitQty>קילוגרמים</UnitQty>
      <Quantity>1.00</Quantity>
      <UnitOfMeasure>ק"ג</UnitOfMeasure>
      <bIsWeighted>1</bIsWeighted>
      <QtyInPackage>לא ידוע</QtyInPackage>
      <ItemPrice>6.90</ItemPrice>
      <UnitOfMeasurePrice>6.9000</UnitOfMeasurePrice>
      <AllowDiscount>1</AllowDiscount>
      <ItemStatus>1</ItemStatus>
      <ItemId>30783</ItemId>
    </Item>
    <Item>
      <PriceUpdateDate>2025-08-04 08:11:13</PriceUpdateDate>
      <ItemCode>7290000000635</ItemCode>
      <ItemType>1</ItemType>
      <ItemName>גזר ארוז</ItemName>
      <ManufacturerName>משתנה</ManufacturerName>
      <ManufactureCountry>ישראל</ManufactureCountry>
      <ManufacturerItemDescription>גזר ארוז</ManufacturerItemDescription>
      <UnitQty>קילוגרמים</UnitQty>
      <Quantity>1.00</Quantity>
      <UnitOfMeasure>ק"ג</UnitOfMeasure>
      <bIsWeighted>1</bIsWeighted>
      <QtyInPackage>לא ידוע</QtyInPackage>
      <ItemPrice>5.90</ItemPrice>
      <UnitOfMeasurePrice>5.9000</UnitOfMeasurePrice>
      <AllowDiscount>1</AllowDiscount>
      <ItemStatus>1</ItemStatus>
      <ItemId>30785</ItemId>
    </Item>
    <Item>
      <PriceUpdateDate>2025-12-01 15:34:56</PriceUpdateDate>
      <ItemCode>7290000000661</ItemCode>
      <ItemType>1</ItemType>
      <ItemName>חציל</ItemName>
      <ManufacturerName>משתנה</ManufacturerName>
      <ManufactureCountry>ישראל</ManufactureCountry>
      <ManufacturerItemDescription>חציל</ManufacturerItemDescription>
      <UnitQty>קילוגרמים</UnitQty>
      <Quantity>1.00</Quantity>
      <UnitOfMeasure>ק"ג</UnitOfMeasure>
      <bIsWeighted>1</bIsWeighted>
      <QtyInPackage>לא ידוע</QtyInPackage>
      <ItemPrice>6.90</ItemPrice>
      <UnitOfMeasurePrice>6.9000</UnitOfMeasurePrice>
      <AllowDiscount>1</AllowDiscount>
      <ItemStatus>1</ItemStatus>
      <ItemId>30789</ItemId>
    </Item>
    <Item>
      <PriceUpdateDate>2025-11-10 18:46:47</PriceUpdateDate>
      <ItemCode>7290000000681</ItemCode>
      <ItemType>1</ItemType>
      <ItemName>כרוב לבן</ItemName>
      <ManufacturerName>משתנה</ManufacturerName>
      <ManufactureCountry>ישראל</ManufactureCountry>
      <ManufacturerItemDescription>כרוב לבן</ManufacturerItemDescription>
      <UnitQty>קילוגרמים</UnitQty>
      <Quantity>1.00</Quantity>
      <UnitOfMeasure>ק"ג</UnitOfMeasure>
      <bIsWeighted>1</bIsWeighted>
      <QtyInPackage>לא ידוע</QtyInPackage>
      <ItemPrice>5.90</ItemPrice>
      <UnitOfMeasurePrice>5.9000</UnitOfMeasurePrice>
      <AllowDiscount>1</AllowDiscount>
      <ItemStatus>1</ItemStatus>
      <ItemId>30791</ItemId>
    </Item>
    <Item>
      <PriceUpdateDate>2025-04-11 15:14:55</PriceUpdateDate>
      <ItemCode>7290000000682</ItemCode>
      <ItemType>1</ItemType>
      <ItemName>כרוב אדום</ItemName>
      <ManufacturerName>משתנה</ManufacturerName>
      <ManufactureCountry>ישראל</ManufactureCountry>
      <ManufacturerItemDescription>כרוב אדום</ManufacturerItemDescription>
      <UnitQty>קילוגרמים</UnitQty>
      <Quantity>1.00</Quantity>
      <UnitOfMeasure>ק"ג</UnitOfMeasure>
      <bIsWeighted>1</bIsWeighted>
      <QtyInPackage>לא ידוע</QtyInPackage>
      <ItemPrice>6.90</ItemPrice>
      <UnitOfMeasurePrice>6.9000</UnitOfMeasurePrice>
      <AllowDiscount>1</AllowDiscount>
      <ItemStatus>1</ItemStatus>
      <ItemId>30792</ItemId>
    </Item>
    <Item>
      <PriceUpdateDate>2025-12-22 19:30:27</PriceUpdateDate>
      <ItemCode>7290000000691</ItemCode>
      <ItemType>1</ItemType>
      <ItemName>לימון</ItemName>
      <ManufacturerName>משתנה</ManufacturerName>
      <ManufactureCountry>ישראל</ManufactureCountry>
      <ManufacturerItemDescription>לימון</ManufacturerItemDescription>
      <UnitQty>קילוגרמים</UnitQty>
      <Quantity>1.00</Quantity>
      <UnitOfMeasure>ק"ג</UnitOfMeasure>
      <bIsWeighted>1</bIsWeighted>
      <QtyInPackage>לא ידוע</QtyInPackage>
      <ItemPrice>7.90</ItemPrice>
      <UnitOfMeasurePrice>7.9000</UnitOfMeasurePrice>
      <AllowDiscount>1</AllowDiscount>
      <ItemStatus>1</ItemStatus>
      <ItemId>30793</ItemId>
    </Item>
    <Item>
      <PriceUpdateDate>2025-12-22 19:28:37</PriceUpdateDate>
      <ItemCode>7290000000695</ItemCode>
      <ItemType>1</ItemType>
      <ItemName>מלפפון</ItemName>
      <ManufacturerName>משתנה</ManufacturerName>
      <ManufactureCountry>ישראל</ManufactureCountry>
      <ManufacturerItemDescription>מלפפון</ManufacturerItemDescription>
      <UnitQty>קילוגרמים</UnitQty>
      <Quantity>1.00</Quantity>
      <UnitOfMeasure>ק"ג</UnitOfMeasure>
      <bIsWeighted>1</bIsWeighted>
      <QtyInPackage>לא ידוע</QtyInPackage>
      <ItemPrice>9.90</ItemPrice>
      <UnitOfMeasurePrice>9.9000</UnitOfMeasurePrice>
      <AllowDiscount>1</AllowDiscount>
      <ItemStatus>1</ItemStatus>
      <ItemId>30794</ItemId>
    </Item>
    <Item>
      <PriceUpdateDate>2025-10-12 08:15:27</PriceUpdateDate>
      <ItemCode>7290000000715</ItemCode>
      <ItemType>1</ItemType>
      <ItemName>סלק</ItemName>
      <ManufacturerName>משתנה</ManufacturerName>
      <ManufactureCountry>ישראל</ManufactureCountry>
      <ManufacturerItemDescription>סלק</ManufacturerItemDescription>
      <UnitQty>קילוגרמים</UnitQty>
      <Quantity>1.00</Quantity>
      <UnitOfMeasure>ק"ג</UnitOfMeasure>
      <bIsWeighted>1</bIsWeighted>
      <QtyInPackage>לא ידוע</QtyInPackage>
      <ItemPrice>5.90</ItemPrice>
      <UnitOfMeasurePrice>5.9000</UnitOfMeasurePrice>
      <AllowDiscount>1</AllowDiscount>
      <ItemStatus>1</ItemStatus>
      <ItemId>30798</ItemId>
    </Item>
    <Item>
      <PriceUpdateDate>2025-10-01 08:19:33</PriceUpdateDate>
      <ItemCode>7290000000725</ItemCode>
      <ItemType>1</ItemType>
      <ItemName>עגבניה</ItemName>
      <ManufacturerName>משתנה</ManufacturerName>
      <ManufactureCountry>ישראל</ManufactureCountry>
      <ManufacturerItemDescription>עגבניה</ManufacturerItemDescription>
      <UnitQty>קילוגרמים</UnitQty>
      <Quantity>1.00</Quantity>
      <UnitOfMeasure>ק"ג</UnitOfMeasure>
      <bIsWeighted>1</bIsWeighted>
      <QtyInPackage>לא ידוע</QtyInPackage>
      <ItemPrice>9.90</ItemPrice>
      <UnitOfMeasurePrice>9.9000</UnitOfMeasurePrice>
      <AllowDiscount>1</AllowDiscount>
      <ItemStatus>1</ItemStatus>
      <ItemId>30800</ItemId>
    </Item>
    <Item>
      <PriceUpdateDate>2025-12-08 18:08:57</PriceUpdateDate>
      <ItemCode>7290000000734</ItemCode>
      <ItemType>1</ItemType>
      <ItemName>פלפל צהוב</ItemName>
      <ManufacturerName>משתנה</ManufacturerName>
      <ManufactureCountry>ישראל</ManufactureCountry>
      <ManufacturerItemDescription>פלפל צהוב</ManufacturerItemDescription>
      <UnitQty>קילוגרמים</UnitQty>
      <Quantity>1.00</Quantity>
      <UnitOfMeasure>ק"ג</UnitOfMeasure>
      <bIsWeighted>1</bIsWeighted>
      <QtyInPackage>לא ידוע</QtyInPackage>
      <ItemPrice>9.90</ItemPrice>
      <UnitOfMeasurePrice>9.9000</UnitOfMeasurePrice>
      <AllowDiscount>1</AllowDiscount>
      <ItemStatus>1</ItemStatus>
      <ItemId>30803</ItemId>
    </Item>
    <Item>
      <PriceUpdateDate>2025-03-31 16:41:54</PriceUpdateDate>
      <ItemCode>7290000000735</ItemCode>
      <ItemType>1</ItemType>
      <ItemName>פלפל ירוק</ItemName>
      <ManufacturerName>משתנה</ManufacturerName>
      <ManufactureCountry>ישראל</ManufactureCountry>
      <ManufacturerItemDescription>פלפל ירוק</ManufacturerItemDescription>
      <UnitQty>קילוגרמים</UnitQty>
      <Quantity>1.00</Quantity>
      <UnitOfMeasure>ק"ג</UnitOfMeasure>
      <bIsWeighted>1</bIsWeighted>
      <QtyInPackage>לא ידוע</QtyInPackage>
      <ItemPrice>9.90</ItemPrice>
      <UnitOfMeasurePrice>9.9000</UnitOfMeasurePrice>
      <AllowDiscount>1</AllowDiscount>
      <ItemStatus>1</ItemStatus>
      <ItemId>30804</ItemId>
    </Item>
    <Item>
      <PriceUpdateDate>2025-03-31 16:41:54</PriceUpdateDate>
      <ItemCode>7290000000737</ItemCode>
      <ItemType>1</ItemType>
      <ItemName>פלפל בהיר</ItemName>
      <ManufacturerName>משתנה</ManufacturerName>
      <ManufactureCountry>ישראל</ManufactureCountry>
      <ManufacturerItemDescription>פלפל בהיר</ManufacturerItemDescription>
      <UnitQty>קילוגרמים</UnitQty>
      <Quantity>1.00</Quantity>
      <UnitOfMeasure>ק"ג</UnitOfMeasure>
      <bIsWeighted>1</bIsWeighted>
      <QtyInPackage>לא ידוע</QtyInPackage>
      <ItemPrice>9.90</ItemPrice>
      <UnitOfMeasurePrice>9.9000</UnitOfMeasurePrice>
      <AllowDiscount>1</AllowDiscount>
      <ItemStatus>1</ItemStatus>
      <ItemId>30805</ItemId>
    </Item>
    <Item>
      <PriceUpdateDate>2025-12-18 17:03:02</PriceUpdateDate>
      <ItemCode>7290000000739</ItemCode>
      <ItemType>1</ItemType>
      <ItemName>פלפל חריף</ItemName>
      <ManufacturerName>משתנה</ManufacturerName>
      <ManufactureCountry>ישראל</ManufactureCountry>
      <ManufacturerItemDescription>פלפל חריף</ManufacturerItemDescription>
      <UnitQty>קילוגרמים</UnitQty>
      <Quantity>1.00</Quantity>
      <UnitOfMeasure>ק"ג</UnitOfMeasure>
      <bIsWeighted>1</bIsWeighted>
      <QtyInPackage>לא ידוע</QtyInPackage>
      <ItemPrice>9.90</ItemPrice>
      <UnitOfMeasurePrice>9.9000</UnitOfMeasurePrice>
      <AllowDiscount>1</AllowDiscount>
      <ItemStatus>1</ItemStatus>
      <ItemId>30806</ItemId>
    </Item>
    <Item>
      <PriceUpdateDate>2025-11-24 14:40:20</PriceUpdateDate>
      <ItemCode>7290000000742</ItemCode>
      <ItemType>1</ItemType>
      <ItemName>פלפל אדום</ItemName>
      <ManufacturerName>משתנה</ManufacturerName>
      <ManufactureCountry>ישראל</ManufactureCountry>
      <ManufacturerItemDescription>פלפל אדום</ManufacturerItemDescription>
      <UnitQty>קילוגרמים</UnitQty>
      <Quantity>1.00</Quantity>
      <UnitOfMeasure>ק"ג</UnitOfMeasure>
      <bIsWeighted>1</bIsWeighted>
      <QtyInPackage>לא ידוע</QtyInPackage>
      <ItemPrice>9.90</ItemPrice>
      <UnitOfMeasurePrice>9.9000</UnitOfMeasurePrice>
      <AllowDiscount>1</AllowDiscount>
      <ItemStatus>1</ItemStatus>
      <ItemId>30809</ItemId>
    </Item>
    <Item>
      <PriceUpdateDate>2025-07-16 14:01:57</PriceUpdateDate>
      <ItemCode>7290000000746</ItemCode>
      <ItemType>1</ItemType>
      <ItemName>תאנים יחי כ- 500 גרם</ItemName>
      <ManufacturerName>נסטי</ManufacturerName>
      <ManufactureCountry>ישראל</ManufactureCountry>
      <ManufacturerItemDescription>תאנים</ManufacturerItemDescription>
      <UnitQty>גרמים</UnitQty>
      <Quantity>500.00</Quantity>
      <UnitOfMeasure>100 גרם</UnitOfMeasure>
      <bIsWeighted>0</bIsWeighted>
      <QtyInPackage>לא ידוע</QtyInPackage>
      <ItemPrice>14.90</ItemPrice>
      <UnitOfMeasurePrice>0.0298</UnitOfMeasurePrice>
      <AllowDiscount>1</AllowDiscount>
      <ItemStatus>1</ItemStatus>
      <ItemId>30810</ItemId>
    </Item>
    <Item>
      <PriceUpdateDate>2025-12-08 18:08:57</PriceUpdateDate>
      <ItemCode>7290000000755</ItemCode>
      <ItemType>1</ItemType>
      <ItemName>קישואים</ItemName>
      <ManufacturerName>משתנה</ManufacturerName>
      <ManufactureCountry>ישראל</ManufactureCountry>
      <ManufacturerItemDescription>קישואים</ManufacturerItemDescription>
      <UnitQty>קילוגרמים</UnitQty>
      <Quantity>1.00</Quantity>
      <UnitOfMeasure>ק"ג</UnitOfMeasure>
      <bIsWeighted>1</bIsWeighted>
      <QtyInPackage>לא ידוע</QtyInPackage>
      <ItemPrice>9.90</ItemPrice>
      <UnitOfMeasurePrice>9.9000</UnitOfMeasurePrice>
      <AllowDiscount>1</AllowDiscount>
      <ItemStatus>1</ItemStatus>
      <ItemId>30812</ItemId>
    </Item>
    <Item>
      <PriceUpdateDate>2025-12-08 18:08:57</PriceUpdateDate>
      <ItemCode>7290000000756</ItemCode>
      <ItemType>1</ItemType>
      <ItemName>קולורבי</ItemName>
      <ManufacturerName>משתנה</ManufacturerName>
      <ManufactureCountry>ישראל</ManufactureCountry>
      <ManufacturerItemDescription>קולורבי</ManufacturerItemDescription>
      <UnitQty>קילוגרמים</UnitQty>
      <Quantity>1.00</Quantity>
      <UnitOfMeasure>ק"ג</UnitOfMeasure>
      <bIsWeighted>1</bIsWeighted>
      <QtyInPackage>לא ידוע</QtyInPackage>
      <ItemPrice>9.90</ItemPrice>
      <UnitOfMeasurePrice>9.9000</UnitOfMeasurePrice>
      <AllowDiscount>1</AllowDiscount>
      <ItemStatus>1</ItemStatus>
      <ItemId>30813</ItemId>
    </Item>
    <Item>
      <PriceUpdateDate>2025-12-08 18:08:57</PriceUpdateDate>
      <ItemCode>7290000000775</ItemCode>
      <ItemType>1</ItemType>
      <ItemName>שומר</ItemName>
      <ManufacturerName>משתנה</ManufacturerName>
      <ManufactureCountry>ישראל</ManufactureCountry>
      <ManufacturerItemDescription>שומר</ManufacturerItemDescription>
      <UnitQty>קילוגרמים</UnitQty>
      <Quantity>1.00</Quantity>
      <UnitOfMeasure>ק"ג</UnitOfMeasure>
      <bIsWeighted>1</bIsWeighted>
      <QtyInPackage>לא ידוע</QtyInPackage>
      <ItemPrice>9.90</ItemPrice>
      <UnitOfMeasurePrice>9.9000</UnitOfMeasurePrice>
      <AllowDiscount>1</AllowDiscount>
      <ItemStatus>1</ItemStatus>
      <ItemId>30815</ItemId>
    </Item>
    <Item>
      <PriceUpdateDate>2025-08-04 08:11:13</PriceUpdateDate>
      <ItemCode>7290000000783</ItemCode>
      <ItemType>1</ItemType>
      <ItemName>תפו"א אדום ארוז</ItemName>
      <ManufacturerName>משתנה</ManufacturerName>
      <ManufactureCountry>ישראל</ManufactureCountry>
      <ManufacturerItemDescription>תפו"א אדום ארוז</ManufacturerItemDescription>
      <UnitQty>קילוגרמים</UnitQty>
      <Quantity>1.00</Quantity>
      <UnitOfMeasure>ק"ג</UnitOfMeasure>
      <bIsWeighted>1</bIsWeighted>
      <QtyInPackage>לא ידוע</QtyInPackage>
      <ItemPrice>5.90</ItemPrice>
      <UnitOfMeasurePrice>5.9000</UnitOfMeasurePrice>
      <AllowDiscount>1</AllowDiscount>
      <ItemStatus>1</ItemStatus>
      <ItemId>30817</ItemId>
    </Item>
    <Item>
      <PriceUpdateDate>2025-03-17 13:38:09</PriceUpdateDate>
      <ItemCode>7290000000785</ItemCode>
      <ItemType>1</ItemType>
      <ItemName>תפו"א לבן ארוז</ItemName>
      <ManufacturerName>משתנה</ManufacturerName>
      <ManufactureCountry>ישראל</ManufactureCountry>
      <ManufacturerItemDescription>תפו"א לבן ארוז</ManufacturerItemDescription>
      <UnitQty>קילוגרמים</UnitQty>
      <Quantity>1.00</Quantity>
      <UnitOfMeasure>ק"ג</UnitOfMeasure>
      <bIsWeighted>1</bIsWeighted>
      <QtyInPackage>לא ידוע</QtyInPackage>
      <ItemPrice>4.90</ItemPrice>
      <UnitOfMeasurePrice>4.9000</UnitOfMeasurePrice>
      <AllowDiscount>1</AllowDiscount>
      <ItemStatus>1</ItemStatus>
      <ItemId>30818</ItemId>
    </Item>
    <Item>
      <PriceUpdateDate>2025-11-24 15:12:30</PriceUpdateDate>
      <ItemCode>7290000000789</ItemCode>
      <ItemType>1</ItemType>
      <ItemName>תירס</ItemName>
      <ManufacturerName>משתנה</ManufacturerName>
      <ManufactureCountry>ישראל</ManufactureCountry>
      <ManufacturerItemDescription>תירס</ManufacturerItemDescription>
      <UnitQty>קילוגרמים</UnitQty>
      <Quantity>1.00</Quantity>
      <UnitOfMeasure>ק"ג</UnitOfMeasure>
      <bIsWeighted>1</bIsWeighted>
      <QtyInPackage>לא ידוע</QtyInPackage>
      <ItemPrice>11.90</ItemPrice>
      <UnitOfMeasurePrice>11.9000</UnitOfMeasurePrice>
      <AllowDiscount>1</AllowDiscount>
      <ItemStatus>1</ItemStatus>
      <ItemId>30819</ItemId>
    </Item>
    <Item>
      <PriceUpdateDate>2025-11-17 13:05:14</PriceUpdateDate>
      <ItemCode>7290000000797</ItemCode>
      <ItemType>1</ItemType>
      <ItemName>תפוז</ItemName>
      <ManufacturerName>משתנה</ManufacturerName>
      <ManufactureCountry>ישראל</ManufactureCountry>
      <ManufacturerItemDescription>תפוז גדול</ManufacturerItemDescription>
      <UnitQty>קילוגרמים</UnitQty>
      <Quantity>1.00</Quantity>
      <UnitOfMeasure>ק"ג</UnitOfMeasure>
      <bIsWeighted>1</bIsWeighted>
      <QtyInPackage>לא ידוע</QtyInPackage>
      <ItemPrice>6.90</ItemPrice>
      <UnitOfMeasurePrice>6.9000</UnitOfMeasurePrice>
      <AllowDiscount>1</AllowDiscount>
      <ItemStatus>1</ItemStatus>
      <ItemId>30820</ItemId>
    </Item>
    <Item>
      <PriceUpdateDate>2025-10-12 08:15:27</PriceUpdateDate>
      <ItemCode>7290000000896</ItemCode>
      <ItemType>1</ItemType>
      <ItemName>פלפל  שושקה</ItemName>
      <ManufacturerName>נסטלה פולין ברים</ManufacturerName>
      <ManufactureCountry>לא ידוע</ManufactureCountry>
      <ManufacturerItemDescription>פלפל רומרו שושקה</ManufacturerItemDescription>
      <UnitQty>קילוגרמים</UnitQty>
      <Quantity>1.00</Quantity>
      <UnitOfMeasure>ק"ג</UnitOfMeasure>
      <bIsWeighted>1</bIsWeighted>
      <QtyInPackage>לא ידוע</QtyInPackage>
      <ItemPrice>15.90</ItemPrice>
      <UnitOfMeasurePrice>15.9000</UnitOfMeasurePrice>
      <AllowDiscount>1</AllowDiscount>
      <ItemStatus>1</ItemStatus>
      <ItemId>30822</ItemId>
    </Item>
    <Item>
      <PriceUpdateDate>2025-11-04 18:55:38</PriceUpdateDate>
      <ItemCode>7290000000503</ItemCode>
      <ItemType>1</ItemType>
      <ItemName>תפו"א אדום ארוז קטן</ItemName>
      <ManufacturerName>לא ידוע</ManufacturerName>
      <ManufactureCountry>ישראל</ManufactureCountry>
      <ManufacturerItemDescription>תפו"א אדום ארוז קטן</ManufacturerItemDescription>
      <UnitQty>קילוגרמים</UnitQty>
      <Quantity>1.00</Quantity>
      <UnitOfMeasure>ק"ג</UnitOfMeasure>
      <bIsWeighted>1</bIsWeighted>
      <QtyInPackage>לא ידוע</QtyInPackage>
      <ItemPrice>5.90</ItemPrice>
      <UnitOfMeasurePrice>5.9000</UnitOfMeasurePrice>
      <AllowDiscount>1</AllowDiscount>
      <ItemStatus>1</ItemStatus>
      <ItemId>30844</ItemId>
    </Item>
    <Item>
      <PriceUpdateDate>2025-06-23 15:30:54</PriceUpdateDate>
      <ItemCode>7290015766005</ItemCode>
      <ItemType>1</ItemType>
      <ItemName>שרי תמר וויטני ארוז</ItemName>
      <ManufacturerName>לא ידוע</ManufacturerName>
      <ManufactureCountry>ישראל</ManufactureCountry>
      <ManufacturerItemDescription>שרי תמר וויטני ארוז</ManufacturerItemDescription>
      <UnitQty>יח'</UnitQty>
      <Quantity>1.00</Quantity>
      <UnitOfMeasure>יח'</UnitOfMeasure>
      <bIsWeighted>0</bIsWeighted>
      <QtyInPackage>לא ידוע</QtyInPackage>
      <ItemPrice>9.90</ItemPrice>
      <UnitOfMeasurePrice>9.9000</UnitOfMeasurePrice>
      <AllowDiscount>1</AllowDiscount>
      <ItemStatus>1</ItemStatus>
      <ItemId>30861</ItemId>
    </Item>
    <Item>
      <PriceUpdateDate>2025-10-20 14:54:57</PriceUpdateDate>
      <ItemCode>7290015766012</ItemCode>
      <ItemType>1</ItemType>
      <ItemName>שרי ליקופן ארוז</ItemName>
      <ManufacturerName>לא ידוע</ManufacturerName>
      <ManufactureCountry>לא ידוע</ManufactureCountry>
      <ManufacturerItemDescription>שרי ליקופן ארוז</ManufacturerItemDescription>
      <UnitQty>יחידה   </UnitQty>
      <Quantity>0.00</Quantity>
      <UnitOfMeasure>יחידה   </UnitOfMeasure>
      <bIsWeighted>0</bIsWeighted>
      <QtyInPackage>לא ידוע</QtyInPackage>
      <ItemPrice>9.90</ItemPrice>
      <UnitOfMeasurePrice>0.0000</UnitOfMeasurePrice>
      <AllowDiscount>1</AllowDiscount>
      <ItemStatus>1</ItemStatus>
      <ItemId>30862</ItemId>
    </Item>
    <Item>
      <PriceUpdateDate>2024-11-07 15:11:40</PriceUpdateDate>
      <ItemCode>7290016150117</ItemCode>
      <ItemType>1</ItemType>
      <ItemName>סלק וואקום 500 גרם</ItemName>
      <ManufacturerName>לא ידוע</ManufacturerName>
      <ManufactureCountry>לא ידוע</ManufactureCountry>
      <ManufacturerItemDescription>סלק וואקום 500 גרם</ManufacturerItemDescription>
      <UnitQty>יח'</UnitQty>
      <Quantity>1.00</Quantity>
      <UnitOfMeasure>יח'</UnitOfMeasure>
      <bIsWeighted>0</bIsWeighted>
      <QtyInPackage>לא ידוע</QtyInPackage>
      <ItemPrice>5.90</ItemPrice>
      <UnitOfMeasurePrice>5.9000</UnitOfMeasurePrice>
      <AllowDiscount>1</AllowDiscount>
      <ItemStatus>1</ItemStatus>
      <ItemId>30867</ItemId>
    </Item>
    <Item>
      <PriceUpdateDate>2022-09-20 13:05:49</PriceUpdateDate>
      <ItemCode>7290016980103</ItemCode>
      <ItemType>1</ItemType>
      <ItemName>בייבי בטטה</ItemName>
      <ManufacturerName>משתנה</ManufacturerName>
      <ManufactureCountry>ישראל</ManufactureCountry>
      <ManufacturerItemDescription>בייבי בטטה</ManufacturerItemDescription>
      <UnitQty>יח'</UnitQty>
      <Quantity>1.00</Quantity>
      <UnitOfMeasure>יח'</UnitOfMeasure>
      <bIsWeighted>0</bIsWeighted>
      <QtyInPackage>לא ידוע</QtyInPackage>
      <ItemPrice>5.90</ItemPrice>
      <UnitOfMeasurePrice>5.9000</UnitOfMeasurePrice>
      <AllowDiscount>1</AllowDiscount>
      <ItemStatus>1</ItemStatus>
      <ItemId>30870</ItemId>
    </Item>
    <Item>
      <PriceUpdateDate>2025-11-05 21:18:32</PriceUpdateDate>
      <ItemCode>7290101501138</ItemCode>
      <ItemType>1</ItemType>
      <ItemName>כרובית ארוזה יחידה</ItemName>
      <ManufacturerName>לא ידוע</ManufacturerName>
      <ManufactureCountry>ישראל</ManufactureCountry>
      <ManufacturerItemDescription>כרובית ארוזה יחידה</ManufacturerItemDescription>
      <UnitQty>יח'</UnitQty>
      <Quantity>1.00</Quantity>
      <UnitOfMeasure>יח'</UnitOfMeasure>
      <bIsWeighted>0</bIsWeighted>
      <QtyInPackage>לא ידוע</QtyInPackage>
      <ItemPrice>9.90</ItemPrice>
      <UnitOfMeasurePrice>9.9000</UnitOfMeasurePrice>
      <AllowDiscount>1</AllowDiscount>
      <ItemStatus>1</ItemStatus>
      <ItemId>30879</ItemId>
    </Item>
    <Item>
      <PriceUpdateDate>2025-10-15 15:50:54</PriceUpdateDate>
      <ItemCode>7290101501237</ItemCode>
      <ItemType>1</ItemType>
      <ItemName>עגבניה מגי</ItemName>
      <ManufacturerName>משתנה</ManufacturerName>
      <ManufactureCountry>לא ידוע</ManufactureCountry>
      <ManufacturerItemDescription>עגבניה</ManufacturerItemDescription>
      <UnitQty>קילוגרמים</UnitQty>
      <Quantity>1.00</Quantity>
      <UnitOfMeasure>ק"ג</UnitOfMeasure>
      <bIsWeighted>1</bIsWeighted>
      <QtyInPackage>לא ידוע</QtyInPackage>
      <ItemPrice>15.90</ItemPrice>
      <UnitOfMeasurePrice>15.9000</UnitOfMeasurePrice>
      <AllowDiscount>1</AllowDiscount>
      <ItemStatus>1</ItemStatus>
      <ItemId>30880</ItemId>
    </Item>
    <Item>
      <PriceUpdateDate>2025-06-03 12:43:31</PriceUpdateDate>
      <ItemCode>7290107649858</ItemCode>
      <ItemType>1</ItemType>
      <ItemName>טילון מגנום לבן</ItemName>
      <ManufacturerName>גלידות שטראוס</ManufacturerName>
      <ManufactureCountry>לא ידוע</ManufactureCountry>
      <ManufacturerItemDescription>טילון מגנום לבן</ManufacturerItemDescription>
      <UnitQty>יח</UnitQty>
      <Quantity>1.00</Quantity>
      <UnitOfMeasure>יח</UnitOfMeasure>
      <bIsWeighted>0</bIsWeighted>
      <QtyInPackage>לא ידוע</QtyInPackage>
      <ItemPrice>12.90</ItemPrice>
      <UnitOfMeasurePrice>12.9000</UnitOfMeasurePrice>
      <AllowDiscount>1</AllowDiscount>
      <ItemStatus>1</ItemStatus>
      <ItemId>91764</ItemId>
    </Item>
    <Item>
      <PriceUpdateDate>2025-06-23 17:03:12</PriceUpdateDate>
      <ItemCode>7290114313018</ItemCode>
      <ItemType>1</ItemType>
      <ItemName>משקה חלב נטול לקטוז</ItemName>
      <ManufacturerName>מילקו</ManufacturerName>
      <ManufactureCountry>ישראל</ManufactureCountry>
      <ManufacturerItemDescription>משקה חלב נטול לקטוז</ManufacturerItemDescription>
      <UnitQty>ליטרים</UnitQty>
      <Quantity>1.00</Quantity>
      <UnitOfMeasure>ליטר    </UnitOfMeasure>
      <bIsWeighted>0</bIsWeighted>
      <QtyInPackage>לא ידוע</QtyInPackage>
      <ItemPrice>13.00</ItemPrice>
      <UnitOfMeasurePrice>13.0000</UnitOfMeasurePrice>
      <AllowDiscount>1</AllowDiscount>
      <ItemStatus>1</ItemStatus>
      <ItemId>102347</ItemId>
    </Item>
    <Item>
      <PriceUpdateDate>2025-09-01 13:02:17</PriceUpdateDate>
      <ItemCode>8445291638839</ItemCode>
      <ItemType>1</ItemType>
      <ItemName>צ'יריוס האני נאט פרו</ItemName>
      <ManufacturerName>סי.פי צרפת</ManufacturerName>
      <ManufactureCountry>צרפת</ManufactureCountry>
      <ManufacturerItemDescription>צ'יריוס האני נאט פרו</ManufacturerItemDescription>
      <UnitQty>גרמים</UnitQty>
      <Quantity>500.00</Quantity>
      <UnitOfMeasure>100 גרם</UnitOfMeasure>
      <bIsWeighted>0</bIsWeighted>
      <QtyInPackage>לא ידוע</QtyInPackage>
      <ItemPrice>22.90</ItemPrice>
      <UnitOfMeasurePrice>0.0458</UnitOfMeasurePrice>
      <AllowDiscount>1</AllowDiscount>
      <ItemStatus>1</ItemStatus>
      <ItemId>107768</ItemId>
    </Item>
    <Item>
      <PriceUpdateDate>2025-06-25 11:50:49</PriceUpdateDate>
      <ItemCode>7290119370955</ItemCode>
      <ItemType>1</ItemType>
      <ItemName>דנונה פרו 20 גר ללא</ItemName>
      <ManufacturerName>שטראוס גרופ</ManufacturerName>
      <ManufactureCountry>ישראל</ManufactureCountry>
      <ManufacturerItemDescription>דנונה פרו</ManufacturerItemDescription>
      <UnitQty>גרמים</UnitQty>
      <Quantity>200.00</Quantity>
      <UnitOfMeasure>100 גרם</UnitOfMeasure>
      <bIsWeighted>0</bIsWeighted>
      <QtyInPackage>לא ידוע</QtyInPackage>
      <ItemPrice>6.50</ItemPrice>
      <UnitOfMeasurePrice>0.0325</UnitOfMeasurePrice>
      <AllowDiscount>1</AllowDiscount>
      <ItemStatus>1</ItemStatus>
      <ItemId>75184</ItemId>
    </Item>
    <Item>
      <PriceUpdateDate>2025-06-24 16:38:19</PriceUpdateDate>
      <ItemCode>8003520012906</ItemCode>
      <ItemType>1</ItemType>
      <ItemName>פלמוליב סבון ידיים ל</ItemName>
      <ManufacturerName>Colgate -ITALY</ManufacturerName>
      <ManufactureCountry>איטליה</ManufactureCountry>
      <ManufacturerItemDescription>פלמוליב</ManufacturerItemDescription>
      <UnitQty>מיליליטרים</UnitQty>
      <Quantity>300.00</Quantity>
      <UnitOfMeasure>100 מ"ל</UnitOfMeasure>
      <bIsWeighted>0</bIsWeighted>
      <QtyInPackage>לא ידוע</QtyInPackage>
      <ItemPrice>12.00</ItemPrice>
      <UnitOfMeasurePrice>0.0400</UnitOfMeasurePrice>
      <AllowDiscount>1</AllowDiscount>
      <ItemStatus>1</ItemStatus>
      <ItemId>114442</ItemId>
    </Item>
    <Item>
      <PriceUpdateDate>2015-01-01 00:00:00</PriceUpdateDate>
      <ItemCode>88888111</ItemCode>
      <ItemType>0</ItemType>
      <ItemName>פירות וירקות</ItemName>
      <ManufacturerName>לא ידוע</ManufacturerName>
      <ManufactureCountry>לא ידוע</ManufactureCountry>
      <ManufacturerItemDescription>פירות וירקות</ManufacturerItemDescription>
      <UnitQty>לא ידוע</UnitQty>
      <Quantity>0.00</Quantity>
      <UnitOfMeasure>לא ידוע</UnitOfMeasure>
      <bIsWeighted>0</bIsWeighted>
      <QtyInPackage>לא ידוע</QtyInPackage>
      <ItemPrice>0.00</ItemPrice>
      <UnitOfMeasurePrice>0.0000</UnitOfMeasurePrice>
      <AllowDiscount>1</AllowDiscount>
      <ItemStatus>1</ItemStatus>
      <ItemId>97677</ItemId>
    </Item>
    <Item>
      <PriceUpdateDate>2015-01-01 00:00:00</PriceUpdateDate>
      <ItemCode>88888114</ItemCode>
      <ItemType>0</ItemType>
      <ItemName>קצביה</ItemName>
      <ManufacturerName>לא ידוע</ManufacturerName>
      <ManufactureCountry>לא ידוע</ManufactureCountry>
      <ManufacturerItemDescription>קצביה</ManufacturerItemDescription>
      <UnitQty>לא ידוע</UnitQty>
      <Quantity>0.00</Quantity>
      <UnitOfMeasure>לא ידוע</UnitOfMeasure>
      <bIsWeighted>0</bIsWeighted>
      <QtyInPackage>לא ידוע</QtyInPackage>
      <ItemPrice>0.00</ItemPrice>
      <UnitOfMeasurePrice>0.0000</UnitOfMeasurePrice>
      <AllowDiscount>1</AllowDiscount>
      <ItemStatus>1</ItemStatus>
      <ItemId>97678</ItemId>
    </Item>
    <Item>
      <PriceUpdateDate>2024-05-23 13:12:49</PriceUpdateDate>
      <ItemCode>6973497851186</ItemCode>
      <ItemType>1</ItemType>
      <ItemName>ממחטות נייר תלת שכבת</ItemName>
      <ManufacturerName>לא ידוע</ManufacturerName>
      <ManufactureCountry>סין</ManufactureCountry>
      <ManufacturerItemDescription>ממחטות נייר תלת שכבת</ManufacturerItemDescription>
      <UnitQty>יח'</UnitQty>
      <Quantity>120.00</Quantity>
      <UnitOfMeasure>יח'</UnitOfMeasure>
      <bIsWeighted>0</bIsWeighted>
      <QtyInPackage>לא ידוע</QtyInPackage>
      <ItemPrice>9.90</ItemPrice>
      <UnitOfMeasurePrice>0.0825</UnitOfMeasurePrice>
      <AllowDiscount>1</AllowDiscount>
      <ItemStatus>1</ItemStatus>
      <ItemId>91291</ItemId>
    </Item>
    <Item>
      <PriceUpdateDate>2024-01-03 10:22:26</PriceUpdateDate>
      <ItemCode>7290006265500</ItemCode>
      <ItemType>1</ItemType>
      <ItemName>פטריות שמפניון</ItemName>
      <ManufacturerName>סודות המזרח</ManufacturerName>
      <ManufactureCountry>ישראל</ManufactureCountry>
      <ManufacturerItemDescription>פטריות שמפניון</ManufacturerItemDescription>
      <UnitQty>יח'</UnitQty>
      <Quantity>1.00</Quantity>
      <UnitOfMeasure>יח'</UnitOfMeasure>
      <bIsWeighted>0</bIsWeighted>
      <QtyInPackage>לא ידוע</QtyInPackage>
      <ItemPrice>9.90</ItemPrice>
      <UnitOfMeasurePrice>9.9000</UnitOfMeasurePrice>
      <AllowDiscount>1</AllowDiscount>
      <ItemStatus>1</ItemStatus>
      <ItemId>80940</ItemId>
    </Item>
    <Item>
      <PriceUpdateDate>2022-09-20 13:02:57</PriceUpdateDate>
      <ItemCode>7290015514866</ItemCode>
      <ItemType>1</ItemType>
      <ItemName>שקית גופיה בודד.</ItemName>
      <ManufacturerName>לא ידוע</ManufacturerName>
      <ManufactureCountry>לא ידוע</ManufactureCountry>
      <ManufacturerItemDescription>שקית גופיה בודד.</ManufacturerItemDescription>
      <UnitQty>יח'</UnitQty>
      <Quantity>1.00</Quantity>
      <UnitOfMeasure>יח'</UnitOfMeasure>
      <bIsWeighted>0</bIsWeighted>
      <QtyInPackage>לא ידוע</QtyInPackage>
      <ItemPrice>0.10</ItemPrice>
      <UnitOfMeasurePrice>0.1000</UnitOfMeasurePrice>
      <AllowDiscount>1</AllowDiscount>
      <ItemStatus>1</ItemStatus>
      <ItemId>32760</ItemId>
    </Item>
    <Item>
      <PriceUpdateDate>2025-10-20 14:54:57</PriceUpdateDate>
      <ItemCode>7290000000722</ItemCode>
      <ItemType>1</ItemType>
      <ItemName>אפרסמון  קרמבו</ItemName>
      <ManufacturerName>לא ידוע</ManufacturerName>
      <ManufactureCountry>לא ידוע</ManufactureCountry>
      <ManufacturerItemDescription>אפרסמון  קרמבו</ManufacturerItemDescription>
      <UnitQty>קילוגרמים</UnitQty>
      <Quantity>1.00</Quantity>
      <UnitOfMeasure>ק"ג</UnitOfMeasure>
      <bIsWeighted>1</bIsWeighted>
      <QtyInPackage>לא ידוע</QtyInPackage>
      <ItemPrice>18.90</ItemPrice>
      <UnitOfMeasurePrice>18.9000</UnitOfMeasurePrice>
      <AllowDiscount>1</AllowDiscount>
      <ItemStatus>1</ItemStatus>
      <ItemId>69494</ItemId>
    </Item>
    <Item>
      <PriceUpdateDate>2025-01-01 21:29:19</PriceUpdateDate>
      <ItemCode>7290019635130</ItemCode>
      <ItemType>1</ItemType>
      <ItemName>חמאה איטלקית מלוחה</ItemName>
      <ManufacturerName>בורו די פאולי</ManufacturerName>
      <ManufactureCountry>איטליה</ManufactureCountry>
      <ManufacturerItemDescription>חמאה איטלקית מלוחה</ManufacturerItemDescription>
      <UnitQty>גרמים</UnitQty>
      <Quantity>100.00</Quantity>
      <UnitOfMeasure>100 גרם</UnitOfMeasure>
      <bIsWeighted>0</bIsWeighted>
      <QtyInPackage>לא ידוע</QtyInPackage>
      <ItemPrice>10.00</ItemPrice>
      <UnitOfMeasurePrice>0.1000</UnitOfMeasurePrice>
      <AllowDiscount>1</AllowDiscount>
      <ItemStatus>1</ItemStatus>
      <ItemId>87290</ItemId>
    </Item>
    <Item>
      <PriceUpdateDate>2025-01-02 08:51:01</PriceUpdateDate>
      <ItemCode>7290002618263</ItemCode>
      <ItemType>1</ItemType>
      <ItemName>טבעות בצל</ItemName>
      <ManufacturerName>טופ שף</ManufacturerName>
      <ManufactureCountry>ישראל</ManufactureCountry>
      <ManufacturerItemDescription>טבעות בצל</ManufacturerItemDescription>
      <UnitQty>גרמים</UnitQty>
      <Quantity>600.00</Quantity>
      <UnitOfMeasure>100 גרם</UnitOfMeasure>
      <bIsWeighted>0</bIsWeighted>
      <QtyInPackage>לא ידוע</QtyInPackage>
      <ItemPrice>17.00</ItemPrice>
      <UnitOfMeasurePrice>0.0283</UnitOfMeasurePrice>
      <AllowDiscount>1</AllowDiscount>
      <ItemStatus>1</ItemStatus>
      <ItemId>84348</ItemId>
    </Item>
    <Item>
      <PriceUpdateDate>2025-08-03 13:21:34</PriceUpdateDate>
      <ItemCode>7290119377404</ItemCode>
      <ItemType>1</ItemType>
      <ItemName>דנונה  פרו 25 לל"ס ב</ItemName>
      <ManufacturerName>שטראוס</ManufacturerName>
      <ManufactureCountry>ישראל</ManufactureCountry>
      <ManufacturerItemDescription>דנונה  פרו 25 לל"ס ב</ManufacturerItemDescription>
      <UnitQty>גרמים</UnitQty>
      <Quantity>215.00</Quantity>
      <UnitOfMeasure>100 גרם</UnitOfMeasure>
      <bIsWeighted>0</bIsWeighted>
      <QtyInPackage>לא ידוע</QtyInPackage>
      <ItemPrice>7.50</ItemPrice>
      <UnitOfMeasurePrice>0.0349</UnitOfMeasurePrice>
      <AllowDiscount>1</AllowDiscount>
      <ItemStatus>1</ItemStatus>
      <ItemId>116509</ItemId>
    </Item>
    <Item>
      <PriceUpdateDate>2015-01-01 00:00:00</PriceUpdateDate>
      <ItemCode>88888117</ItemCode>
      <ItemType>0</ItemType>
      <ItemName>מעדניה</ItemName>
      <ManufacturerName>לא ידוע</ManufacturerName>
      <ManufactureCountry>לא ידוע</ManufactureCountry>
      <ManufacturerItemDescription>מעדניה</ManufacturerItemDescription>
      <UnitQty>לא ידוע</UnitQty>
      <Quantity>0.00</Quantity>
      <UnitOfMeasure>לא ידוע</UnitOfMeasure>
      <bIsWeighted>0</bIsWeighted>
      <QtyInPackage>לא ידוע</QtyInPackage>
      <ItemPrice>0.00</ItemPrice>
      <UnitOfMeasurePrice>0.0000</UnitOfMeasurePrice>
      <AllowDiscount>1</AllowDiscount>
      <ItemStatus>1</ItemStatus>
      <ItemId>97679</ItemId>
    </Item>
    <Item>
      <PriceUpdateDate>2015-01-01 00:00:00</PriceUpdateDate>
      <ItemCode>88888080</ItemCode>
      <ItemType>0</ItemType>
      <ItemName>דגים טריים גורמה</ItemName>
      <ManufacturerName>לא ידוע</ManufacturerName>
      <ManufactureCountry>לא ידוע</ManufactureCountry>
      <ManufacturerItemDescription>דגים טריים גורמה</ManufacturerItemDescription>
      <UnitQty>לא ידוע</UnitQty>
      <Quantity>0.00</Quantity>
      <UnitOfMeasure>לא ידוע</UnitOfMeasure>
      <bIsWeighted>0</bIsWeighted>
      <QtyInPackage>לא ידוע</QtyInPackage>
      <ItemPrice>0.00</ItemPrice>
      <UnitOfMeasurePrice>0.0000</UnitOfMeasurePrice>
      <AllowDiscount>1</AllowDiscount>
      <ItemStatus>1</ItemStatus>
      <ItemId>97680</ItemId>
    </Item>
    <Item>
      <PriceUpdateDate>2025-11-11 17:24:38</PriceUpdateDate>
      <ItemCode>7290116932033</ItemCode>
      <ItemType>1</ItemType>
      <ItemName>חמאה 200 גרם  מהדרין</ItemName>
      <ManufacturerName>תנובה</ManufacturerName>
      <ManufactureCountry>ישראל</ManufactureCountry>
      <ManufacturerItemDescription>תנובה</ManufacturerItemDescription>
      <UnitQty>גרמים</UnitQty>
      <Quantity>200.00</Quantity>
      <UnitOfMeasure>100 גרם</UnitOfMeasure>
      <bIsWeighted>0</bIsWeighted>
      <QtyInPackage>לא ידוע</QtyInPackage>
      <ItemPrice>10.90</ItemPrice>
      <UnitOfMeasurePrice>0.0545</UnitOfMeasurePrice>
      <AllowDiscount>1</AllowDiscount>
      <ItemStatus>1</ItemStatus>
      <ItemId>77996</ItemId>
    </Item>
    <Item>
      <PriceUpdateDate>2024-05-23 13:12:39</PriceUpdateDate>
      <ItemCode>7290117035290</ItemCode>
      <ItemType>1</ItemType>
      <ItemName>שמן חמניות 1 ליטר יו</ItemName>
      <ManufacturerName>לא ידוע</ManufacturerName>
      <ManufactureCountry>אסטוניה</ManufactureCountry>
      <ManufacturerItemDescription>שמן חמניות 1 ליטר יו</ManufacturerItemDescription>
      <UnitQty>ליטרים</UnitQty>
      <Quantity>1.00</Quantity>
      <UnitOfMeasure>ליטר    </UnitOfMeasure>
      <bIsWeighted>0</bIsWeighted>
      <QtyInPackage>לא ידוע</QtyInPackage>
      <ItemPrice>9.50</ItemPrice>
      <UnitOfMeasurePrice>9.5000</UnitOfMeasurePrice>
      <AllowDiscount>1</AllowDiscount>
      <ItemStatus>1</ItemStatus>
      <ItemId>91292</ItemId>
    </Item>
    <Item>
      <PriceUpdateDate>2025-02-02 13:31:57</PriceUpdateDate>
      <ItemCode>7290117389300</ItemCode>
      <ItemType>1</ItemType>
      <ItemName>מאסטר שף תבשיל אישי</ItemName>
      <ManufacturerName>קולוסה מיליקט</ManufacturerName>
      <ManufactureCountry>ויטנאם</ManufactureCountry>
      <ManufacturerItemDescription>מאסטר שף תבשיל אישי</ManufacturerItemDescription>
      <UnitQty>גרמים</UnitQty>
      <Quantity>60.00</Quantity>
      <UnitOfMeasure>100 גרם</UnitOfMeasure>
      <bIsWeighted>0</bIsWeighted>
      <QtyInPackage>לא ידוע</QtyInPackage>
      <ItemPrice>8.00</ItemPrice>
      <UnitOfMeasurePrice>0.1333</UnitOfMeasurePrice>
      <AllowDiscount>1</AllowDiscount>
      <ItemStatus>1</ItemStatus>
      <ItemId>97659</ItemId>
    </Item>
    <Item>
      <PriceUpdateDate>2024-05-19 12:05:39</PriceUpdateDate>
      <ItemCode>7290019039266</ItemCode>
      <ItemType>1</ItemType>
      <ItemName>נר נשמה 24 שעות יוחנ</ItemName>
      <ManufacturerName>מנורה שי נר בע"מ</ManufacturerName>
      <ManufactureCountry>ישראל</ManufactureCountry>
      <ManufacturerItemDescription>מנורה</ManufacturerItemDescription>
      <UnitQty>יח'</UnitQty>
      <Quantity>1.00</Quantity>
      <UnitOfMeasure>יח'</UnitOfMeasure>
      <bIsWeighted>0</bIsWeighted>
      <QtyInPackage>לא ידוע</QtyInPackage>
      <ItemPrice>1.70</ItemPrice>
      <UnitOfMeasurePrice>1.7000</UnitOfMeasurePrice>
      <AllowDiscount>1</AllowDiscount>
      <ItemStatus>1</ItemStatus>
      <ItemId>88940</ItemId>
    </Item>
    <Item>
      <PriceUpdateDate>2025-11-03 15:38:24</PriceUpdateDate>
      <ItemCode>7290001900031</ItemCode>
      <ItemType>1</ItemType>
      <ItemName>פילה אמנון ללא עור 5</ItemName>
      <ManufacturerName>מאומינג בגאנגדונג</ManufacturerName>
      <ManufactureCountry>סין</ManufactureCountry>
      <ManufacturerItemDescription>פילה אמנון ללא עור 5</ManufacturerItemDescription>
      <UnitQty>קילוגרמים</UnitQty>
      <Quantity>1.00</Quantity>
      <UnitOfMeasure>ק"ג</UnitOfMeasure>
      <bIsWeighted>1</bIsWeighted>
      <QtyInPackage>לא ידוע</QtyInPackage>
      <ItemPrice>29.90</ItemPrice>
      <UnitOfMeasurePrice>29.9000</UnitOfMeasurePrice>
      <AllowDiscount>1</AllowDiscount>
      <ItemStatus>1</ItemStatus>
      <ItemId>119160</ItemId>
    </Item>
    <Item>
      <PriceUpdateDate>2025-10-01 08:20:28</PriceUpdateDate>
      <ItemCode>7290020423054</ItemCode>
      <ItemType>1</ItemType>
      <ItemName>סלק ישראלי וואקום  5</ItemName>
      <ManufacturerName>לא ידוע</ManufacturerName>
      <ManufactureCountry>ישראל</ManufactureCountry>
      <ManufacturerItemDescription>סלק ישראלי וואקום  5</ManufacturerItemDescription>
      <UnitQty>יח'</UnitQty>
      <Quantity>1.00</Quantity>
      <UnitOfMeasure>יח'</UnitOfMeasure>
      <bIsWeighted>0</bIsWeighted>
      <QtyInPackage>לא ידוע</QtyInPackage>
      <ItemPrice>6.90</ItemPrice>
      <UnitOfMeasurePrice>6.9000</UnitOfMeasurePrice>
      <AllowDiscount>1</AllowDiscount>
      <ItemStatus>1</ItemStatus>
      <ItemId>118843</ItemId>
    </Item>
    <Item>
      <PriceUpdateDate>2024-09-24 15:06:16</PriceUpdateDate>
      <ItemCode>835811006053</ItemCode>
      <ItemType>1</ItemType>
      <ItemName>קורנפלור 200 גרם הנמ</ItemName>
      <ManufacturerName>הנמל</ManufacturerName>
      <ManufactureCountry>ישראל</ManufactureCountry>
      <ManufacturerItemDescription>קורנפלור 200 גרם הנמ</ManufacturerItemDescription>
      <UnitQty>גרמים</UnitQty>
      <Quantity>200.00</Quantity>
      <UnitOfMeasure>100 גרם</UnitOfMeasure>
      <bIsWeighted>0</bIsWeighted>
      <QtyInPackage>לא ידוע</QtyInPackage>
      <ItemPrice>3.30</ItemPrice>
      <UnitOfMeasurePrice>0.0165</UnitOfMeasurePrice>
      <AllowDiscount>1</AllowDiscount>
      <ItemStatus>1</ItemStatus>
      <ItemId>100773</ItemId>
    </Item>
    <Item>
      <PriceUpdateDate>2024-01-30 13:24:07</PriceUpdateDate>
      <ItemCode>7290117035122</ItemCode>
      <ItemType>1</ItemType>
      <ItemName>רדיד אלומיניום יוחננ</ItemName>
      <ManufacturerName>לא ידוע</ManufacturerName>
      <ManufactureCountry>סין</ManufactureCountry>
      <ManufacturerItemDescription>רדיד אלומיניום יוחננ</ManufacturerItemDescription>
      <UnitQty>מטרים</UnitQty>
      <Quantity>61.00</Quantity>
      <UnitOfMeasure>מטר</UnitOfMeasure>
      <bIsWeighted>0</bIsWeighted>
      <QtyInPackage>לא ידוע</QtyInPackage>
      <ItemPrice>29.90</ItemPrice>
      <UnitOfMeasurePrice>0.4902</UnitOfMeasurePrice>
      <AllowDiscount>1</AllowDiscount>
      <ItemStatus>1</ItemStatus>
      <ItemId>82542</ItemId>
    </Item>
    <Item>
      <PriceUpdateDate>2015-01-01 00:00:00</PriceUpdateDate>
      <ItemCode>88888201</ItemCode>
      <ItemType>0</ItemType>
      <ItemName>דגת הארץ קונסיגנציה</ItemName>
      <ManufacturerName>לא ידוע</ManufacturerName>
      <ManufactureCountry>לא ידוע</ManufactureCountry>
      <ManufacturerItemDescription>דגת הארץ קונסיגנציה</ManufacturerItemDescription>
      <UnitQty>לא ידוע</UnitQty>
      <Quantity>0.00</Quantity>
      <UnitOfMeasure>לא ידוע</UnitOfMeasure>
      <bIsWeighted>0</bIsWeighted>
      <QtyInPackage>לא ידוע</QtyInPackage>
      <ItemPrice>0.00</ItemPrice>
      <UnitOfMeasurePrice>0.0000</UnitOfMeasurePrice>
      <AllowDiscount>1</AllowDiscount>
      <ItemStatus>1</ItemStatus>
      <ItemId>97681</ItemId>
    </Item>
    <Item>
      <PriceUpdateDate>2025-03-10 15:45:26</PriceUpdateDate>
      <ItemCode>7290000000692</ItemCode>
      <ItemType>1</ItemType>
      <ItemName>לפת</ItemName>
      <ManufacturerName>משתנה</ManufacturerName>
      <ManufactureCountry>ישראל</ManufactureCountry>
      <ManufacturerItemDescription>לפת</ManufacturerItemDescription>
      <UnitQty>קילוגרמים</UnitQty>
      <Quantity>1.00</Quantity>
      <UnitOfMeasure>ק"ג</UnitOfMeasure>
      <bIsWeighted>1</bIsWeighted>
      <QtyInPackage>לא ידוע</QtyInPackage>
      <ItemPrice>7.90</ItemPrice>
      <UnitOfMeasurePrice>7.9000</UnitOfMeasurePrice>
      <AllowDiscount>1</AllowDiscount>
      <ItemStatus>1</ItemStatus>
      <ItemId>72542</ItemId>
    </Item>
    <Item>
      <PriceUpdateDate>2025-12-10 18:47:18</PriceUpdateDate>
      <ItemCode>4014071687172</ItemCode>
      <ItemType>1</ItemType>
      <ItemName>ענבים שחורים  יחידה</ItemName>
      <ManufacturerName>לא ידוע</ManufacturerName>
      <ManufactureCountry>פרו</ManufactureCountry>
      <ManufacturerItemDescription>ענבים שחורים  יחידה</ManufacturerItemDescription>
      <UnitQty>יח'</UnitQty>
      <Quantity>1.00</Quantity>
      <UnitOfMeasure>יח'</UnitOfMeasure>
      <bIsWeighted>0</bIsWeighted>
      <QtyInPackage>לא ידוע</QtyInPackage>
      <ItemPrice>18.90</ItemPrice>
      <UnitOfMeasurePrice>18.9000</UnitOfMeasurePrice>
      <AllowDiscount>1</AllowDiscount>
      <ItemStatus>1</ItemStatus>
      <ItemId>121419</ItemId>
    </Item>
    <Item>
      <PriceUpdateDate>2025-01-02 15:56:57</PriceUpdateDate>
      <ItemCode>7290002587200</ItemCode>
      <ItemType>1</ItemType>
      <ItemName>חטיפי כרובית 450 גרם</ItemName>
      <ManufacturerName>שלושת האופים</ManufacturerName>
      <ManufactureCountry>ישראל</ManufactureCountry>
      <ManufacturerItemDescription>חטיפי כרובית 450 גרם</ManufacturerItemDescription>
      <UnitQty>גרמים</UnitQty>
      <Quantity>450.00</Quantity>
      <UnitOfMeasure>100 גרם</UnitOfMeasure>
      <bIsWeighted>0</bIsWeighted>
      <QtyInPackage>לא ידוע</QtyInPackage>
      <ItemPrice>25.10</ItemPrice>
      <UnitOfMeasurePrice>0.0558</UnitOfMeasurePrice>
      <AllowDiscount>1</AllowDiscount>
      <ItemStatus>1</ItemStatus>
      <ItemId>75194</ItemId>
    </Item>
    <Item>
      <PriceUpdateDate>2023-04-16 15:05:36</PriceUpdateDate>
      <ItemCode>7290019337003</ItemCode>
      <ItemType>1</ItemType>
      <ItemName>ברזלית יוחננוף 6 יח'</ItemName>
      <ManufacturerName>סדובסקי</ManufacturerName>
      <ManufactureCountry>סין</ManufactureCountry>
      <ManufacturerItemDescription>ברזלית יוחננוף 6 יח'</ManufacturerItemDescription>
      <UnitQty>יח'</UnitQty>
      <Quantity>6.00</Quantity>
      <UnitOfMeasure>יח'</UnitOfMeasure>
      <bIsWeighted>0</bIsWeighted>
      <QtyInPackage>לא ידוע</QtyInPackage>
      <ItemPrice>9.90</ItemPrice>
      <UnitOfMeasurePrice>1.6500</UnitOfMeasurePrice>
      <AllowDiscount>1</AllowDiscount>
      <ItemStatus>1</ItemStatus>
      <ItemId>73697</ItemId>
    </Item>
    <Item>
      <PriceUpdateDate>2015-01-01 00:00:00</PriceUpdateDate>
      <ItemCode>88888162</ItemCode>
      <ItemType>0</ItemType>
      <ItemName>לחמים ומאפים</ItemName>
      <ManufacturerName>לא ידוע</ManufacturerName>
      <ManufactureCountry>לא ידוע</ManufactureCountry>
      <ManufacturerItemDescription>לחמים ומאפים</ManufacturerItemDescription>
      <UnitQty>לא ידוע</UnitQty>
      <Quantity>0.00</Quantity>
      <UnitOfMeasure>לא ידוע</UnitOfMeasure>
      <bIsWeighted>0</bIsWeighted>
      <QtyInPackage>לא ידוע</QtyInPackage>
      <ItemPrice>0.00</ItemPrice>
      <UnitOfMeasurePrice>0.0000</UnitOfMeasurePrice>
      <AllowDiscount>1</AllowDiscount>
      <ItemStatus>1</ItemStatus>
      <ItemId>97682</ItemId>
    </Item>
    <Item>
      <PriceUpdateDate>2015-01-01 00:00:00</PriceUpdateDate>
      <ItemCode>88888282</ItemCode>
      <ItemType>0</ItemType>
      <ItemName>בעלי חיים</ItemName>
      <ManufacturerName>לא ידוע</ManufacturerName>
      <ManufactureCountry>לא ידוע</ManufactureCountry>
      <ManufacturerItemDescription>בעלי חיים</ManufacturerItemDescription>
      <UnitQty>לא ידוע</UnitQty>
      <Quantity>0.00</Quantity>
      <UnitOfMeasure>לא ידוע</UnitOfMeasure>
      <bIsWeighted>0</bIsWeighted>
      <QtyInPackage>לא ידוע</QtyInPackage>
      <ItemPrice>0.00</ItemPrice>
      <UnitOfMeasurePrice>0.0000</UnitOfMeasurePrice>
      <AllowDiscount>1</AllowDiscount>
      <ItemStatus>1</ItemStatus>
      <ItemId>97684</ItemId>
    </Item>
    <Item>
      <PriceUpdateDate>2015-01-01 00:00:00</PriceUpdateDate>
      <ItemCode>88888500</ItemCode>
      <ItemType>0</ItemType>
      <ItemName>זול סטוק</ItemName>
      <ManufacturerName>לא ידוע</ManufacturerName>
      <ManufactureCountry>לא ידוע</ManufactureCountry>
      <ManufacturerItemDescription>זול סטוק</ManufacturerItemDescription>
      <UnitQty>לא ידוע</UnitQty>
      <Quantity>0.00</Quantity>
      <UnitOfMeasure>לא ידוע</UnitOfMeasure>
      <bIsWeighted>0</bIsWeighted>
      <QtyInPackage>לא ידוע</QtyInPackage>
      <ItemPrice>0.00</ItemPrice>
      <UnitOfMeasurePrice>0.0000</UnitOfMeasurePrice>
      <AllowDiscount>1</AllowDiscount>
      <ItemStatus>1</ItemStatus>
      <ItemId>97685</ItemId>
    </Item>
    <Item>
      <PriceUpdateDate>2015-01-01 00:00:00</PriceUpdateDate>
      <ItemCode>88888561</ItemCode>
      <ItemType>0</ItemType>
      <ItemName>שיווק</ItemName>
      <ManufacturerName>לא ידוע</ManufacturerName>
      <ManufactureCountry>לא ידוע</ManufactureCountry>
      <ManufacturerItemDescription>שיווק</ManufacturerItemDescription>
      <UnitQty>לא ידוע</UnitQty>
      <Quantity>0.00</Quantity>
      <UnitOfMeasure>לא ידוע</UnitOfMeasure>
      <bIsWeighted>0</bIsWeighted>
      <QtyInPackage>לא ידוע</QtyInPackage>
      <ItemPrice>0.00</ItemPrice>
      <UnitOfMeasurePrice>0.0000</UnitOfMeasurePrice>
      <AllowDiscount>1</AllowDiscount>
      <ItemStatus>1</ItemStatus>
      <ItemId>97686</ItemId>
    </Item>
    <Item>
      <PriceUpdateDate>2015-01-01 00:00:00</PriceUpdateDate>
      <ItemCode>88888790</ItemCode>
      <ItemType>0</ItemType>
      <ItemName>מרלוג שימוש פנימי</ItemName>
      <ManufacturerName>לא ידוע</ManufacturerName>
      <ManufactureCountry>לא ידוע</ManufactureCountry>
      <ManufacturerItemDescription>מרלוג שימוש פנימי</ManufacturerItemDescription>
      <UnitQty>לא ידוע</UnitQty>
      <Quantity>0.00</Quantity>
      <UnitOfMeasure>לא ידוע</UnitOfMeasure>
      <bIsWeighted>0</bIsWeighted>
      <QtyInPackage>לא ידוע</QtyInPackage>
      <ItemPrice>0.00</ItemPrice>
      <UnitOfMeasurePrice>0.0000</UnitOfMeasurePrice>
      <AllowDiscount>1</AllowDiscount>
      <ItemStatus>1</ItemStatus>
      <ItemId>97688</ItemId>
    </Item>
    <Item>
      <PriceUpdateDate>2025-12-07 17:51:11</PriceUpdateDate>
      <ItemCode>7290000060200</ItemCode>
      <ItemType>1</ItemType>
      <ItemName>פתיתים אפויים קוסקוס</ItemName>
      <ManufacturerName>אסם</ManufacturerName>
      <ManufactureCountry>ישראל</ManufactureCountry>
      <ManufacturerItemDescription>אסם</ManufacturerItemDescription>
      <UnitQty>גרמים</UnitQty>
      <Quantity>500.00</Quantity>
      <UnitOfMeasure>100 גרם</UnitOfMeasure>
      <bIsWeighted>0</bIsWeighted>
      <QtyInPackage>לא ידוע</QtyInPackage>
      <ItemPrice>7.90</ItemPrice>
      <UnitOfMeasurePrice>0.0158</UnitOfMeasurePrice>
      <AllowDiscount>1</AllowDiscount>
      <ItemStatus>1</ItemStatus>
      <ItemId>33316</ItemId>
    </Item>
    <Item>
      <PriceUpdateDate>2025-12-15 08:56:39</PriceUpdateDate>
      <ItemCode>7290000060248</ItemCode>
      <ItemType>1</ItemType>
      <ItemName>פסטה תלתלים 500 גרם.</ItemName>
      <ManufacturerName>זארה</ManufacturerName>
      <ManufactureCountry>איטליה</ManufactureCountry>
      <ManufacturerItemDescription>אסם</ManufacturerItemDescription>
      <UnitQty>גרמים</UnitQty>
      <Quantity>500.00</Quantity>
      <UnitOfMeasure>100 גרם</UnitOfMeasure>
      <bIsWeighted>0</bIsWeighted>
      <QtyInPackage>לא ידוע</QtyInPackage>
      <ItemPrice>6.90</ItemPrice>
      <UnitOfMeasurePrice>0.0138</UnitOfMeasurePrice>
      <AllowDiscount>1</AllowDiscount>
      <ItemStatus>1</ItemStatus>
      <ItemId>33318</ItemId>
    </Item>
    <Item>
      <PriceUpdateDate>2025-12-15 08:56:39</PriceUpdateDate>
      <ItemCode>7290000060842</ItemCode>
      <ItemType>1</ItemType>
      <ItemName>פסטה צדפים גדולים 50</ItemName>
      <ManufacturerName>זארה</ManufacturerName>
      <ManufactureCountry>איטליה</ManufactureCountry>
      <ManufacturerItemDescription>אסם</ManufacturerItemDescription>
      <UnitQty>גרמים</UnitQty>
      <Quantity>500.00</Quantity>
      <UnitOfMeasure>100 גרם</UnitOfMeasure>
      <bIsWeighted>0</bIsWeighted>
      <QtyInPackage>לא ידוע</QtyInPackage>
      <ItemPrice>6.90</ItemPrice>
      <UnitOfMeasurePrice>0.0138</UnitOfMeasurePrice>
      <AllowDiscount>1</AllowDiscount>
      <ItemStatus>1</ItemStatus>
      <ItemId>33330</ItemId>
    </Item>
    <Item>
      <PriceUpdateDate>2025-12-15 08:56:39</PriceUpdateDate>
      <ItemCode>7290000060859</ItemCode>
      <ItemType>1</ItemType>
      <ItemName>פסטה צדפים קטנים 24</ItemName>
      <ManufacturerName>זארה</ManufacturerName>
      <ManufactureCountry>איטליה</ManufactureCountry>
      <ManufacturerItemDescription>אסם</ManufacturerItemDescription>
      <UnitQty>גרמים</UnitQty>
      <Quantity>500.00</Quantity>
      <UnitOfMeasure>100 גרם</UnitOfMeasure>
      <bIsWeighted>0</bIsWeighted>
      <QtyInPackage>לא ידוע</QtyInPackage>
      <ItemPrice>6.90</ItemPrice>
      <UnitOfMeasurePrice>0.0138</UnitOfMeasurePrice>
      <AllowDiscount>1</AllowDiscount>
      <ItemStatus>1</ItemStatus>
      <ItemId>33331</ItemId>
    </Item>
    <Item>
      <PriceUpdateDate>2025-12-15 08:56:39</PriceUpdateDate>
      <ItemCode>7290000060880</ItemCode>
      <ItemType>1</ItemType>
      <ItemName>ספגטי אסם 500 גרם</ItemName>
      <ManufacturerName>זארה</ManufacturerName>
      <ManufactureCountry>איטליה</ManufactureCountry>
      <ManufacturerItemDescription>אסם</ManufacturerItemDescription>
      <UnitQty>גרמים</UnitQty>
      <Quantity>500.00</Quantity>
      <UnitOfMeasure>100 גרם</UnitOfMeasure>
      <bIsWeighted>0</bIsWeighted>
      <QtyInPackage>לא ידוע</QtyInPackage>
      <ItemPrice>6.90</ItemPrice>
      <UnitOfMeasurePrice>0.0138</UnitOfMeasurePrice>
      <AllowDiscount>1</AllowDiscount>
      <ItemStatus>1</ItemStatus>
      <ItemId>33332</ItemId>
    </Item>
    <Item>
      <PriceUpdateDate>2025-12-07 17:51:11</PriceUpdateDate>
      <ItemCode>7290000060903</ItemCode>
      <ItemType>1</ItemType>
      <ItemName>פתיתים אורז אסם 500</ItemName>
      <ManufacturerName>אסם</ManufacturerName>
      <ManufactureCountry>ישראל</ManufactureCountry>
      <ManufacturerItemDescription>אסם</ManufacturerItemDescription>
      <UnitQty>גרמים</UnitQty>
      <Quantity>500.00</Quantity>
      <UnitOfMeasure>100 גרם</UnitOfMeasure>
      <bIsWeighted>0</bIsWeighted>
      <QtyInPackage>לא ידוע</QtyInPackage>
      <ItemPrice>7.90</ItemPrice>
      <UnitOfMeasurePrice>0.0158</UnitOfMeasurePrice>
      <AllowDiscount>1</AllowDiscount>
      <ItemStatus>1</ItemStatus>
      <ItemId>33333</ItemId>
    </Item>
    <Item>
      <PriceUpdateDate>2025-08-11 17:58:53</PriceUpdateDate>
      <ItemCode>7290000060965</ItemCode>
      <ItemType>1</ItemType>
      <ItemName>אטריות רחבות 400 ג'.</ItemName>
      <ManufacturerName>אסם</ManufacturerName>
      <ManufactureCountry>ישראל</ManufactureCountry>
      <ManufacturerItemDescription>אסם</ManufacturerItemDescription>
      <UnitQty>גרמים</UnitQty>
      <Quantity>400.00</Quantity>
      <UnitOfMeasure>100 גרם</UnitOfMeasure>
      <bIsWeighted>0</bIsWeighted>
      <QtyInPackage>לא ידוע</QtyInPackage>
      <ItemPrice>8.00</ItemPrice>
      <UnitOfMeasurePrice>0.0200</UnitOfMeasurePrice>
      <AllowDiscount>1</AllowDiscount>
      <ItemStatus>1</ItemStatus>
      <ItemId>33335</ItemId>
    </Item>
    <Item>
      <PriceUpdateDate>2025-08-12 14:17:51</PriceUpdateDate>
      <ItemCode>7290000062952</ItemCode>
      <ItemType>1</ItemType>
      <ItemName>מיני קרוטונים למרק ו</ItemName>
      <ManufacturerName>עינת תעשיות מזון אגו</ManufacturerName>
      <ManufactureCountry>ישראל</ManufactureCountry>
      <ManufacturerItemDescription>אסם</ManufacturerItemDescription>
      <UnitQty>גרמים</UnitQty>
      <Quantity>250.00</Quantity>
      <UnitOfMeasure>100 גרם</UnitOfMeasure>
      <bIsWeighted>0</bIsWeighted>
      <QtyInPackage>לא ידוע</QtyInPackage>
      <ItemPrice>15.90</ItemPrice>
      <UnitOfMeasurePrice>0.0636</UnitOfMeasurePrice>
      <AllowDiscount>1</AllowDiscount>
      <ItemStatus>1</ItemStatus>
      <ItemId>33349</ItemId>
    </Item>
    <Item>
      <PriceUpdateDate>2025-05-06 13:14:12</PriceUpdateDate>
      <ItemCode>7290019105114</ItemCode>
      <ItemType>1</ItemType>
      <ItemName>מגבונים לתינוק יוחננ</ItemName>
      <ManufacturerName>טרופיקל</ManufacturerName>
      <ManufactureCountry>ישראל</ManufactureCountry>
      <ManufacturerItemDescription>מגבונים לתינוק יוחננ</ManufacturerItemDescription>
      <UnitQty>יח'</UnitQty>
      <Quantity>4.00</Quantity>
      <UnitOfMeasure>יח'</UnitOfMeasure>
      <bIsWeighted>0</bIsWeighted>
      <QtyInPackage>לא ידוע</QtyInPackage>
      <ItemPrice>14.90</ItemPrice>
      <UnitOfMeasurePrice>3.7250</UnitOfMeasurePrice>
      <AllowDiscount>1</AllowDiscount>
      <ItemStatus>1</ItemStatus>
      <ItemId>79412</ItemId>
    </Item>
    <Item>
      <PriceUpdateDate>2025-12-15 08:56:39</PriceUpdateDate>
      <ItemCode>7290000066141</ItemCode>
      <ItemType>1</ItemType>
      <ItemName>ביסלי גריל 70 גרם</ItemName>
      <ManufacturerName>אסם</ManufacturerName>
      <ManufactureCountry>ישראל</ManufactureCountry>
      <ManufacturerItemDescription>ביסלי</ManufacturerItemDescription>
      <UnitQty>גרמים</UnitQty>
      <Quantity>70.00</Quantity>
      <UnitOfMeasure>100 גרם</UnitOfMeasure>
      <bIsWeighted>0</bIsWeighted>
      <QtyInPackage>לא ידוע</QtyInPackage>
      <ItemPrice>5.50</ItemPrice>
      <UnitOfMeasurePrice>0.0786</UnitOfMeasurePrice>
      <AllowDiscount>1</AllowDiscount>
      <ItemStatus>1</ItemStatus>
      <ItemId>33374</ItemId>
    </Item>
    <Item>
      <PriceUpdateDate>2024-02-28 08:41:24</PriceUpdateDate>
      <ItemCode>7290000066264</ItemCode>
      <ItemType>1</ItemType>
      <ItemName>דובונים 40 גרם</ItemName>
      <ManufacturerName>אסם</ManufacturerName>
      <ManufactureCountry>ישראל</ManufactureCountry>
      <ManufacturerItemDescription>דובונים</ManufacturerItemDescription>
      <UnitQty>גרמים</UnitQty>
      <Quantity>40.00</Quantity>
      <UnitOfMeasure>100 גרם</UnitOfMeasure>
      <bIsWeighted>0</bIsWeighted>
      <QtyInPackage>לא ידוע</QtyInPackage>
      <ItemPrice>5.30</ItemPrice>
      <UnitOfMeasurePrice>0.1325</UnitOfMeasurePrice>
      <AllowDiscount>1</AllowDiscount>
      <ItemStatus>1</ItemStatus>
      <ItemId>33383</ItemId>
    </Item>
    <Item>
      <PriceUpdateDate>2025-09-01 13:02:16</PriceUpdateDate>
      <ItemCode>7290000066332</ItemCode>
      <ItemType>1</ItemType>
      <ItemName>אפרופו 50 ג'</ItemName>
      <ManufacturerName>אסם</ManufacturerName>
      <ManufactureCountry>ישראל</ManufactureCountry>
      <ManufacturerItemDescription>אפרופו</ManufacturerItemDescription>
      <UnitQty>גרמים</UnitQty>
      <Quantity>50.00</Quantity>
      <UnitOfMeasure>100 גרם</UnitOfMeasure>
      <bIsWeighted>0</bIsWeighted>
      <QtyInPackage>לא ידוע</QtyInPackage>
      <ItemPrice>4.90</ItemPrice>
      <UnitOfMeasurePrice>0.0980</UnitOfMeasurePrice>
      <AllowDiscount>1</AllowDiscount>
      <ItemStatus>1</ItemStatus>
      <ItemId>33387</ItemId>
    </Item>
    <Item>
      <PriceUpdateDate>2024-06-16 08:55:39</PriceUpdateDate>
      <ItemCode>7290000068138</ItemCode>
      <ItemType>1</ItemType>
      <ItemName>אינסטנט פודינג וניל</ItemName>
      <ManufacturerName>אסם</ManufacturerName>
      <ManufactureCountry>לא ידוע</ManufactureCountry>
      <ManufacturerItemDescription>אסם</ManufacturerItemDescription>
      <UnitQty>יחידה   </UnitQty>
      <Quantity>0.00</Quantity>
      <UnitOfMeasure>יחידה   </UnitOfMeasure>
      <bIsWeighted>0</bIsWeighted>
      <QtyInPackage>לא ידוע</QtyInPackage>
      <ItemPrice>6.00</ItemPrice>
      <UnitOfMeasurePrice>0.0000</UnitOfMeasurePrice>
      <AllowDiscount>1</AllowDiscount>
      <ItemStatus>1</ItemStatus>
      <ItemId>33406</ItemId>
    </Item>
    <Item>
      <PriceUpdateDate>2025-08-24 14:17:34</PriceUpdateDate>
      <ItemCode>7290109581538</ItemCode>
      <ItemType>1</ItemType>
      <ItemName>פסטרמה פרגית דק דק ד</ItemName>
      <ManufacturerName>זוגלובק</ManufacturerName>
      <ManufactureCountry>ישראל</ManufactureCountry>
      <ManufacturerItemDescription>זוגלובק</ManufacturerItemDescription>
      <UnitQty>גרמים</UnitQty>
      <Quantity>120.00</Quantity>
      <UnitOfMeasure>100 גרם</UnitOfMeasure>
      <bIsWeighted>0</bIsWeighted>
      <QtyInPackage>לא ידוע</QtyInPackage>
      <ItemPrice>16.00</ItemPrice>
      <UnitOfMeasurePrice>0.1333</UnitOfMeasurePrice>
      <AllowDiscount>1</AllowDiscount>
      <ItemStatus>1</ItemStatus>
      <ItemId>117586</ItemId>
    </Item>
    <Item>
      <PriceUpdateDate>2025-12-10 18:58:34</PriceUpdateDate>
      <ItemCode>7290000070308</ItemCode>
      <ItemType>1</ItemType>
      <ItemName>מרק עוף אמיתי 400 גר</ItemName>
      <ManufacturerName>אסם</ManufacturerName>
      <ManufactureCountry>ישראל</ManufactureCountry>
      <ManufacturerItemDescription>אסם</ManufacturerItemDescription>
      <UnitQty>גרמים</UnitQty>
      <Quantity>400.00</Quantity>
      <UnitOfMeasure>100 גרם</UnitOfMeasure>
      <bIsWeighted>0</bIsWeighted>
      <QtyInPackage>לא ידוע</QtyInPackage>
      <ItemPrice>22.90</ItemPrice>
      <UnitOfMeasurePrice>0.0572</UnitOfMeasurePrice>
      <AllowDiscount>1</AllowDiscount>
      <ItemStatus>1</ItemStatus>
      <ItemId>33430</ItemId>
    </Item>
    <Item>
      <PriceUpdateDate>2025-09-02 17:16:44</PriceUpdateDate>
      <ItemCode>7290017065977</ItemCode>
      <ItemType>1</ItemType>
      <ItemName>פרוסות צ'דר 150 גרם</ItemName>
      <ManufacturerName>מחלבות גד</ManufacturerName>
      <ManufactureCountry>בריטניה</ManufactureCountry>
      <ManufacturerItemDescription>פרוסות צ'דר 150 גרם</ManufacturerItemDescription>
      <UnitQty>גרמים</UnitQty>
      <Quantity>150.00</Quantity>
      <UnitOfMeasure>100 גרם</UnitOfMeasure>
      <bIsWeighted>0</bIsWeighted>
      <QtyInPackage>לא ידוע</QtyInPackage>
      <ItemPrice>23.90</ItemPrice>
      <UnitOfMeasurePrice>0.1593</UnitOfMeasurePrice>
      <AllowDiscount>1</AllowDiscount>
      <ItemStatus>1</ItemStatus>
      <ItemId>73306</ItemId>
    </Item>
    <Item>
      <PriceUpdateDate>2024-09-01 06:47:23</PriceUpdateDate>
      <ItemCode>7290019105343</ItemCode>
      <ItemType>1</ItemType>
      <ItemName>מארז מטליות לחות לני</ItemName>
      <ManufacturerName>טרופיקל</ManufacturerName>
      <ManufactureCountry>ישראל</ManufactureCountry>
      <ManufacturerItemDescription>מארז מטליות לחות לני</ManufacturerItemDescription>
      <UnitQty>יח'</UnitQty>
      <Quantity>3.00</Quantity>
      <UnitOfMeasure>יח'</UnitOfMeasure>
      <bIsWeighted>0</bIsWeighted>
      <QtyInPackage>לא ידוע</QtyInPackage>
      <ItemPrice>19.90</ItemPrice>
      <UnitOfMeasurePrice>6.6333</UnitOfMeasurePrice>
      <AllowDiscount>1</AllowDiscount>
      <ItemStatus>1</ItemStatus>
      <ItemId>73837</ItemId>
    </Item>
    <Item>
      <PriceUpdateDate>2025-01-01 21:29:29</PriceUpdateDate>
      <ItemCode>7290116934402</ItemCode>
      <ItemType>1</ItemType>
      <ItemName>יוגורט חלבון גו 20 ג</ItemName>
      <ManufacturerName>תנובה</ManufacturerName>
      <ManufactureCountry>ישראל</ManufactureCountry>
      <ManufacturerItemDescription>יוגורט חלבון גו 20 ג</ManufacturerItemDescription>
      <UnitQty>גרמים</UnitQty>
      <Quantity>200.00</Quantity>
      <UnitOfMeasure>100 גרם</UnitOfMeasure>
      <bIsWeighted>0</bIsWeighted>
      <QtyInPackage>לא ידוע</QtyInPackage>
      <ItemPrice>6.40</ItemPrice>
      <UnitOfMeasurePrice>0.0320</UnitOfMeasurePrice>
      <AllowDiscount>1</AllowDiscount>
      <ItemStatus>1</ItemStatus>
      <ItemId>105064</ItemId>
    </Item>
    <Item>
      <PriceUpdateDate>2025-01-21 16:44:57</PriceUpdateDate>
      <ItemCode>7290000072623</ItemCode>
      <ItemType>1</ItemType>
      <ItemName>קטשופ אסם 750 גרם</ItemName>
      <ManufacturerName>אסם</ManufacturerName>
      <ManufactureCountry>ישראל</ManufactureCountry>
      <ManufacturerItemDescription>אסם</ManufacturerItemDescription>
      <UnitQty>גרמים</UnitQty>
      <Quantity>750.00</Quantity>
      <UnitOfMeasure>100 גרם</UnitOfMeasure>
      <bIsWeighted>0</bIsWeighted>
      <QtyInPackage>לא ידוע</QtyInPackage>
      <ItemPrice>13.90</ItemPrice>
      <UnitOfMeasurePrice>0.0185</UnitOfMeasurePrice>
      <AllowDiscount>1</AllowDiscount>
      <ItemStatus>1</ItemStatus>
      <ItemId>33441</ItemId>
    </Item>
    <Item>
      <PriceUpdateDate>2025-06-10 14:46:16</PriceUpdateDate>
      <ItemCode>7290002771388</ItemCode>
      <ItemType>1</ItemType>
      <ItemName>קפה שחור עם הל 100 ג</ItemName>
      <ManufacturerName>סוגת</ManufacturerName>
      <ManufactureCountry>ישראל</ManufactureCountry>
      <ManufacturerItemDescription>קפה שחור עם הל 100 ג</ManufacturerItemDescription>
      <UnitQty>גרמים</UnitQty>
      <Quantity>100.00</Quantity>
      <UnitOfMeasure>100 גרם</UnitOfMeasure>
      <bIsWeighted>0</bIsWeighted>
      <QtyInPackage>לא ידוע</QtyInPackage>
      <ItemPrice>10.90</ItemPrice>
      <UnitOfMeasurePrice>0.1090</UnitOfMeasurePrice>
      <AllowDiscount>1</AllowDiscount>
      <ItemStatus>1</ItemStatus>
      <ItemId>113670</ItemId>
    </Item>
    <Item>
      <PriceUpdateDate>2025-06-16 13:38:23</PriceUpdateDate>
      <ItemCode>7290000072753</ItemCode>
      <ItemType>1</ItemType>
      <ItemName>טסטר צ'ויס 200 גרם</ItemName>
      <ManufacturerName>נסטלה קוריאה - קפה</ManufacturerName>
      <ManufactureCountry>דרום קוריאה</ManufactureCountry>
      <ManufacturerItemDescription>TASTER'S CHOICE</ManufacturerItemDescription>
      <UnitQty>גרמים</UnitQty>
      <Quantity>200.00</Quantity>
      <UnitOfMeasure>100 גרם</UnitOfMeasure>
      <bIsWeighted>0</bIsWeighted>
      <QtyInPackage>לא ידוע</QtyInPackage>
      <ItemPrice>37.90</ItemPrice>
      <UnitOfMeasurePrice>0.1895</UnitOfMeasurePrice>
      <AllowDiscount>1</AllowDiscount>
      <ItemStatus>1</ItemStatus>
      <ItemId>33444</ItemId>
    </Item>
    <Item>
      <PriceUpdateDate>2025-03-02 15:07:53</PriceUpdateDate>
      <ItemCode>7290119380213</ItemCode>
      <ItemType>1</ItemType>
      <ItemName>קפסולות רומא 08</ItemName>
      <ManufacturerName>שטראוס קפה בי.וי</ManufacturerName>
      <ManufactureCountry>ישראל</ManufactureCountry>
      <ManufacturerItemDescription>עלית</ManufacturerItemDescription>
      <UnitQty>גרמים</UnitQty>
      <Quantity>50.00</Quantity>
      <UnitOfMeasure>100 גרם</UnitOfMeasure>
      <bIsWeighted>0</bIsWeighted>
      <QtyInPackage>לא ידוע</QtyInPackage>
      <ItemPrice>19.90</ItemPrice>
      <UnitOfMeasurePrice>0.3980</UnitOfMeasurePrice>
      <AllowDiscount>1</AllowDiscount>
      <ItemStatus>1</ItemStatus>
      <ItemId>108967</ItemId>
    </Item>
    <Item>
      <PriceUpdateDate>2025-12-15 08:56:39</PriceUpdateDate>
      <ItemCode>7290000072968</ItemCode>
      <ItemType>1</ItemType>
      <ItemName>סיני מיניס 500 גרם</ItemName>
      <ManufacturerName>נסטלה פולין דגני בוק</ManufacturerName>
      <ManufactureCountry>פולין</ManufactureCountry>
      <ManufacturerItemDescription>CINI-MINIS</ManufacturerItemDescription>
      <UnitQty>גרמים</UnitQty>
      <Quantity>500.00</Quantity>
      <UnitOfMeasure>100 גרם</UnitOfMeasure>
      <bIsWeighted>0</bIsWeighted>
      <QtyInPackage>לא ידוע</QtyInPackage>
      <ItemPrice>22.90</ItemPrice>
      <UnitOfMeasurePrice>0.0458</UnitOfMeasurePrice>
      <AllowDiscount>1</AllowDiscount>
      <ItemStatus>1</ItemStatus>
      <ItemId>33448</ItemId>
    </Item>
    <Item>
      <PriceUpdateDate>2025-02-03 15:07:38</PriceUpdateDate>
      <ItemCode>7290020000071</ItemCode>
      <ItemType>1</ItemType>
      <ItemName>תה שחור קלאסי יוחננו</ItemName>
      <ManufacturerName>לא ידוע</ManufacturerName>
      <ManufactureCountry>סרי לנקה</ManufactureCountry>
      <ManufacturerItemDescription>תה שחור קלאסי יוחננו</ManufacturerItemDescription>
      <UnitQty>יח'</UnitQty>
      <Quantity>100.00</Quantity>
      <UnitOfMeasure>יח'</UnitOfMeasure>
      <bIsWeighted>0</bIsWeighted>
      <QtyInPackage>לא ידוע</QtyInPackage>
      <ItemPrice>11.90</ItemPrice>
      <UnitOfMeasurePrice>0.1190</UnitOfMeasurePrice>
      <AllowDiscount>1</AllowDiscount>
      <ItemStatus>1</ItemStatus>
      <ItemId>107678</ItemId>
    </Item>
    <Item>
      <PriceUpdateDate>2024-02-29 14:32:28</PriceUpdateDate>
      <ItemCode>7290000073750</ItemCode>
      <ItemType>1</ItemType>
      <ItemName>מנה חמה נודלס בטעם ע</ItemName>
      <ManufacturerName>טאי רזידנט</ManufacturerName>
      <ManufactureCountry>תאילנד</ManufactureCountry>
      <ManufacturerItemDescription>מנה חמה</ManufacturerItemDescription>
      <UnitQty>גרמים</UnitQty>
      <Quantity>71.00</Quantity>
      <UnitOfMeasure>100 גרם</UnitOfMeasure>
      <bIsWeighted>0</bIsWeighted>
      <QtyInPackage>לא ידוע</QtyInPackage>
      <ItemPrice>7.70</ItemPrice>
      <UnitOfMeasurePrice>0.1085</UnitOfMeasurePrice>
      <AllowDiscount>1</AllowDiscount>
      <ItemStatus>1</ItemStatus>
      <ItemId>33452</ItemId>
    </Item>
    <Item>
      <PriceUpdateDate>2025-01-23 14:41:30</PriceUpdateDate>
      <ItemCode>7290000074153</ItemCode>
      <ItemType>1</ItemType>
      <ItemName>פתי בר שוקו 500 גרם</ItemName>
      <ManufacturerName>אסם</ManufacturerName>
      <ManufactureCountry>ישראל</ManufactureCountry>
      <ManufacturerItemDescription>אסם</ManufacturerItemDescription>
      <UnitQty>גרמים</UnitQty>
      <Quantity>500.00</Quantity>
      <UnitOfMeasure>100 גרם</UnitOfMeasure>
      <bIsWeighted>0</bIsWeighted>
      <QtyInPackage>לא ידוע</QtyInPackage>
      <ItemPrice>13.90</ItemPrice>
      <UnitOfMeasurePrice>0.0278</UnitOfMeasurePrice>
      <AllowDiscount>1</AllowDiscount>
      <ItemStatus>1</ItemStatus>
      <ItemId>33458</ItemId>
    </Item>
    <Item>
      <PriceUpdateDate>2024-03-19 14:20:55</PriceUpdateDate>
      <ItemCode>7290000074184</ItemCode>
      <ItemType>1</ItemType>
      <ItemName>פתי בר אוסם 500 גרם</ItemName>
      <ManufacturerName>אסם</ManufacturerName>
      <ManufactureCountry>ישראל</ManufactureCountry>
      <ManufacturerItemDescription>אסם</ManufacturerItemDescription>
      <UnitQty>גרמים</UnitQty>
      <Quantity>500.00</Quantity>
      <UnitOfMeasure>100 גרם</UnitOfMeasure>
      <bIsWeighted>0</bIsWeighted>
      <QtyInPackage>לא ידוע</QtyInPackage>
      <ItemPrice>12.90</ItemPrice>
      <UnitOfMeasurePrice>0.0258</UnitOfMeasurePrice>
      <AllowDiscount>1</AllowDiscount>
      <ItemStatus>1</ItemStatus>
      <ItemId>33459</ItemId>
    </Item>
    <Item>
      <PriceUpdateDate>2024-02-28 08:41:24</PriceUpdateDate>
      <ItemCode>7290000075693</ItemCode>
      <ItemType>1</ItemType>
      <ItemName>עוגת הבית שמרים בריו</ItemName>
      <ManufacturerName>אסם</ManufacturerName>
      <ManufactureCountry>ישראל</ManufactureCountry>
      <ManufacturerItemDescription>הבית</ManufacturerItemDescription>
      <UnitQty>גרמים</UnitQty>
      <Quantity>350.00</Quantity>
      <UnitOfMeasure>100 גרם</UnitOfMeasure>
      <bIsWeighted>0</bIsWeighted>
      <QtyInPackage>לא ידוע</QtyInPackage>
      <ItemPrice>18.90</ItemPrice>
      <UnitOfMeasurePrice>0.0540</UnitOfMeasurePrice>
      <AllowDiscount>1</AllowDiscount>
      <ItemStatus>1</ItemStatus>
      <ItemId>33476</ItemId>
    </Item>
    <Item>
      <PriceUpdateDate>2025-01-01 21:30:05</PriceUpdateDate>
      <ItemCode>7290000078212</ItemCode>
      <ItemType>1</ItemType>
      <ItemName>קרוטונים מתובלים 250</ItemName>
      <ManufacturerName>עינת תעשיות מזון אגו</ManufacturerName>
      <ManufactureCountry>ישראל</ManufactureCountry>
      <ManufacturerItemDescription>אסם</ManufacturerItemDescription>
      <UnitQty>גרמים</UnitQty>
      <Quantity>250.00</Quantity>
      <UnitOfMeasure>100 גרם</UnitOfMeasure>
      <bIsWeighted>0</bIsWeighted>
      <QtyInPackage>לא ידוע</QtyInPackage>
      <ItemPrice>15.00</ItemPrice>
      <UnitOfMeasurePrice>0.0600</UnitOfMeasurePrice>
      <AllowDiscount>1</AllowDiscount>
      <ItemStatus>1</ItemStatus>
      <ItemId>33484</ItemId>
    </Item>
    <Item>
      <PriceUpdateDate>2015-01-01 00:00:00</PriceUpdateDate>
      <ItemCode>88888161</ItemCode>
      <ItemType>0</ItemType>
      <ItemName>אוכל מוכן</ItemName>
      <ManufacturerName>לא ידוע</ManufacturerName>
      <ManufactureCountry>לא ידוע</ManufactureCountry>
      <ManufacturerItemDescription>אוכל מוכן</ManufacturerItemDescription>
      <UnitQty>לא ידוע</UnitQty>
      <Quantity>0.00</Quantity>
      <UnitOfMeasure>לא ידוע</UnitOfMeasure>
      <bIsWeighted>0</bIsWeighted>
      <QtyInPackage>לא ידוע</QtyInPackage>
      <ItemPrice>0.00</ItemPrice>
      <UnitOfMeasurePrice>0.0000</UnitOfMeasurePrice>
      <AllowDiscount>1</AllowDiscount>
      <ItemStatus>1</ItemStatus>
      <ItemId>98092</ItemId>
    </Item>
    <Item>
      <PriceUpdateDate>2025-11-05 22:47:03</PriceUpdateDate>
      <ItemCode>7290000112220</ItemCode>
      <ItemType>1</ItemType>
      <ItemName>טחינה בארכה 500 גרם</ItemName>
      <ManufacturerName>לא ידוע</ManufacturerName>
      <ManufactureCountry>כללי</ManufactureCountry>
      <ManufacturerItemDescription>טחינה בארכה 500 גרם</ManufacturerItemDescription>
      <UnitQty>גרמים</UnitQty>
      <Quantity>500.00</Quantity>
      <UnitOfMeasure>100 גרם</UnitOfMeasure>
      <bIsWeighted>0</bIsWeighted>
      <QtyInPackage>לא ידוע</QtyInPackage>
      <ItemPrice>16.90</ItemPrice>
      <UnitOfMeasurePrice>0.0338</UnitOfMeasurePrice>
      <AllowDiscount>1</AllowDiscount>
      <ItemStatus>1</ItemStatus>
      <ItemId>33496</ItemId>
    </Item>
    <Item>
      <PriceUpdateDate>2024-04-16 18:38:16</PriceUpdateDate>
      <ItemCode>7290018790489</ItemCode>
      <ItemType>1</ItemType>
      <ItemName>קרקר דק עם קינואה שו</ItemName>
      <ManufacturerName>לא ידוע</ManufacturerName>
      <ManufactureCountry>ישראל</ManufactureCountry>
      <ManufacturerItemDescription>קרקר דק עם קינואה שו</ManufacturerItemDescription>
      <UnitQty>גרמים</UnitQty>
      <Quantity>140.00</Quantity>
      <UnitOfMeasure>100 גרם</UnitOfMeasure>
      <bIsWeighted>0</bIsWeighted>
      <QtyInPackage>לא ידוע</QtyInPackage>
      <ItemPrice>8.90</ItemPrice>
      <UnitOfMeasurePrice>0.0636</UnitOfMeasurePrice>
      <AllowDiscount>1</AllowDiscount>
      <ItemStatus>1</ItemStatus>
      <ItemId>88567</ItemId>
    </Item>
    <Item>
      <PriceUpdateDate>2025-11-10 18:39:12</PriceUpdateDate>
      <ItemCode>7290000272696</ItemCode>
      <ItemType>1</ItemType>
      <ItemName>מיץ לימון משומר עסיס</ItemName>
      <ManufacturerName>בית השיטה עסיס תעשיו</ManufacturerName>
      <ManufactureCountry>ישראל</ManufactureCountry>
      <ManufacturerItemDescription>עסיס</ManufacturerItemDescription>
      <UnitQty>ליטרים</UnitQty>
      <Quantity>1.00</Quantity>
      <UnitOfMeasure>ליטר    </UnitOfMeasure>
      <bIsWeighted>0</bIsWeighted>
      <QtyInPackage>לא ידוע</QtyInPackage>
      <ItemPrice>11.90</ItemPrice>
      <UnitOfMeasurePrice>11.9000</UnitOfMeasurePrice>
      <AllowDiscount>1</AllowDiscount>
      <ItemStatus>1</ItemStatus>
      <ItemId>33532</ItemId>
    </Item>
    <Item>
      <PriceUpdateDate>2024-06-27 15:56:49</PriceUpdateDate>
      <ItemCode>7290018790502</ItemCode>
      <ItemType>1</ItemType>
      <ItemName>קרקר מלוח יוחננוף 25</ItemName>
      <ManufacturerName>לא ידוע</ManufacturerName>
      <ManufactureCountry>לא ידוע</ManufactureCountry>
      <ManufacturerItemDescription>קרקר מלוח יוחננוף 25</ManufacturerItemDescription>
      <UnitQty>יחידה   </UnitQty>
      <Quantity>0.00</Quantity>
      <UnitOfMeasure>יחידה   </UnitOfMeasure>
      <bIsWeighted>0</bIsWeighted>
      <QtyInPackage>לא ידוע</QtyInPackage>
      <ItemPrice>7.90</ItemPrice>
      <UnitOfMeasurePrice>0.0000</UnitOfMeasurePrice>
      <AllowDiscount>1</AllowDiscount>
      <ItemStatus>1</ItemStatus>
      <ItemId>94195</ItemId>
    </Item>
    <Item>
      <PriceUpdateDate>2025-08-21 16:45:07</PriceUpdateDate>
      <ItemCode>8700216965668</ItemCode>
      <ItemType>1</ItemType>
      <ItemName>אריאל שושן צחור 4.5</ItemName>
      <ManufacturerName>פרוקטר אנד גמבל</ManufacturerName>
      <ManufactureCountry>צכיה</ManufactureCountry>
      <ManufacturerItemDescription>Ariel</ManufacturerItemDescription>
      <UnitQty>קילוגרמים</UnitQty>
      <Quantity>4.50</Quantity>
      <UnitOfMeasure>ק"ג     </UnitOfMeasure>
      <bIsWeighted>0</bIsWeighted>
      <QtyInPackage>לא ידוע</QtyInPackage>
      <ItemPrice>41.90</ItemPrice>
      <UnitOfMeasurePrice>9.3111</UnitOfMeasurePrice>
      <AllowDiscount>1</AllowDiscount>
      <ItemStatus>1</ItemStatus>
      <ItemId>117534</ItemId>
    </Item>
    <Item>
      <PriceUpdateDate>2025-05-06 13:14:13</PriceUpdateDate>
      <ItemCode>7290019105312</ItemCode>
      <ItemType>1</ItemType>
      <ItemName>מגבונים לתינוק יוחננ</ItemName>
      <ManufacturerName>טרופיקל</ManufacturerName>
      <ManufactureCountry>ישראל</ManufactureCountry>
      <ManufacturerItemDescription>מגבונים לתינוק יוחננ</ManufacturerItemDescription>
      <UnitQty>יח'</UnitQty>
      <Quantity>4.00</Quantity>
      <UnitOfMeasure>יח'</UnitOfMeasure>
      <bIsWeighted>0</bIsWeighted>
      <QtyInPackage>לא ידוע</QtyInPackage>
      <ItemPrice>14.90</ItemPrice>
      <UnitOfMeasurePrice>3.7250</UnitOfMeasurePrice>
      <AllowDiscount>1</AllowDiscount>
      <ItemStatus>1</ItemStatus>
      <ItemId>79413</ItemId>
    </Item>
    <Item>
      <PriceUpdateDate>2024-06-27 15:56:49</PriceUpdateDate>
      <ItemCode>7290018790519</ItemCode>
      <ItemType>1</ItemType>
      <ItemName>קרקר עם שומשום יוחננ</ItemName>
      <ManufacturerName>לא ידוע</ManufacturerName>
      <ManufactureCountry>ישראל</ManufactureCountry>
      <ManufacturerItemDescription>קרקר עם שומשום יוחננ</ManufacturerItemDescription>
      <UnitQty>גרמים</UnitQty>
      <Quantity>250.00</Quantity>
      <UnitOfMeasure>100 גרם</UnitOfMeasure>
      <bIsWeighted>0</bIsWeighted>
      <QtyInPackage>לא ידוע</QtyInPackage>
      <ItemPrice>7.90</ItemPrice>
      <UnitOfMeasurePrice>0.0316</UnitOfMeasurePrice>
      <AllowDiscount>1</AllowDiscount>
      <ItemStatus>1</ItemStatus>
      <ItemId>94196</ItemId>
    </Item>
    <Item>
      <PriceUpdateDate>2015-01-01 00:00:00</PriceUpdateDate>
      <ItemCode>88888073</ItemCode>
      <ItemType>0</ItemType>
      <ItemName>סנדביצים טליה</ItemName>
      <ManufacturerName>לא ידוע</ManufacturerName>
      <ManufactureCountry>לא ידוע</ManufactureCountry>
      <ManufacturerItemDescription>סנדביצים טליה</ManufacturerItemDescription>
      <UnitQty>לא ידוע</UnitQty>
      <Quantity>0.00</Quantity>
      <UnitOfMeasure>לא ידוע</UnitOfMeasure>
      <bIsWeighted>0</bIsWeighted>
      <QtyInPackage>לא ידוע</QtyInPackage>
      <ItemPrice>0.00</ItemPrice>
      <UnitOfMeasurePrice>0.0000</UnitOfMeasurePrice>
      <AllowDiscount>1</AllowDiscount>
      <ItemStatus>1</ItemStatus>
      <ItemId>98093</ItemId>
    </Item>
    <Item>
      <PriceUpdateDate>2025-01-02 15:56:56</PriceUpdateDate>
      <ItemCode>7290002253235</ItemCode>
      <ItemType>1</ItemType>
      <ItemName>רוטב פסטו דורות 160</ItemName>
      <ManufacturerName>דורות</ManufacturerName>
      <ManufactureCountry>ישראל</ManufactureCountry>
      <ManufacturerItemDescription>דורות</ManufacturerItemDescription>
      <UnitQty>גרמים</UnitQty>
      <Quantity>160.00</Quantity>
      <UnitOfMeasure>100 גרם</UnitOfMeasure>
      <bIsWeighted>0</bIsWeighted>
      <QtyInPackage>לא ידוע</QtyInPackage>
      <ItemPrice>12.00</ItemPrice>
      <UnitOfMeasurePrice>0.0750</UnitOfMeasurePrice>
      <AllowDiscount>1</AllowDiscount>
      <ItemStatus>1</ItemStatus>
      <ItemId>33631</ItemId>
    </Item>
    <Item>
      <PriceUpdateDate>2025-05-06 13:14:13</PriceUpdateDate>
      <ItemCode>7290019105909</ItemCode>
      <ItemType>1</ItemType>
      <ItemName>מגבונים לתינוק יוחננ</ItemName>
      <ManufacturerName>טרופיקל</ManufacturerName>
      <ManufactureCountry>ישראל</ManufactureCountry>
      <ManufacturerItemDescription>מגבונים לתינוק יוחננ</ManufacturerItemDescription>
      <UnitQty>יח'</UnitQty>
      <Quantity>4.00</Quantity>
      <UnitOfMeasure>יח'</UnitOfMeasure>
      <bIsWeighted>0</bIsWeighted>
      <QtyInPackage>לא ידוע</QtyInPackage>
      <ItemPrice>14.90</ItemPrice>
      <UnitOfMeasurePrice>3.7250</UnitOfMeasurePrice>
      <AllowDiscount>1</AllowDiscount>
      <ItemStatus>1</ItemStatus>
      <ItemId>79414</ItemId>
    </Item>
    <Item>
      <PriceUpdateDate>2025-12-07 17:51:12</PriceUpdateDate>
      <ItemCode>7290119383634</ItemCode>
      <ItemType>1</ItemType>
      <ItemName>שוקולד  חלב נוסטלגיה</ItemName>
      <ManufacturerName>שטראוס גרופ</ManufacturerName>
      <ManufactureCountry>ישראל</ManufactureCountry>
      <ManufacturerItemDescription>עלית</ManufacturerItemDescription>
      <UnitQty>גרמים</UnitQty>
      <Quantity>100.00</Quantity>
      <UnitOfMeasure>100 גרם</UnitOfMeasure>
      <bIsWeighted>0</bIsWeighted>
      <QtyInPackage>לא ידוע</QtyInPackage>
      <ItemPrice>9.90</ItemPrice>
      <UnitOfMeasurePrice>0.0990</UnitOfMeasurePrice>
      <AllowDiscount>1</AllowDiscount>
      <ItemStatus>1</ItemStatus>
      <ItemId>119503</ItemId>
    </Item>
    <Item>
      <PriceUpdateDate>2025-12-15 08:56:39</PriceUpdateDate>
      <ItemCode>7290008775816</ItemCode>
      <ItemType>1</ItemType>
      <ItemName>ערגליות שוקולד 300 ג</ItemName>
      <ManufacturerName>אסם</ManufacturerName>
      <ManufactureCountry>ישראל</ManufactureCountry>
      <ManufacturerItemDescription>ערגליות</ManufacturerItemDescription>
      <UnitQty>גרמים</UnitQty>
      <Quantity>300.00</Quantity>
      <UnitOfMeasure>100 גרם</UnitOfMeasure>
      <bIsWeighted>0</bIsWeighted>
      <QtyInPackage>לא ידוע</QtyInPackage>
      <ItemPrice>12.90</ItemPrice>
      <UnitOfMeasurePrice>0.0430</UnitOfMeasurePrice>
      <AllowDiscount>1</AllowDiscount>
      <ItemStatus>1</ItemStatus>
      <ItemId>33671</ItemId>
    </Item>
    <Item>
      <PriceUpdateDate>2025-12-15 08:56:39</PriceUpdateDate>
      <ItemCode>7290008775823</ItemCode>
      <ItemType>1</ItemType>
      <ItemName>ערגליות תות שדה 300</ItemName>
      <ManufacturerName>אסם</ManufacturerName>
      <ManufactureCountry>ישראל</ManufactureCountry>
      <ManufacturerItemDescription>ערגליות</ManufacturerItemDescription>
      <UnitQty>גרמים</UnitQty>
      <Quantity>300.00</Quantity>
      <UnitOfMeasure>100 גרם</UnitOfMeasure>
      <bIsWeighted>0</bIsWeighted>
      <QtyInPackage>לא ידוע</QtyInPackage>
      <ItemPrice>12.90</ItemPrice>
      <UnitOfMeasurePrice>0.0430</UnitOfMeasurePrice>
      <AllowDiscount>1</AllowDiscount>
      <ItemStatus>1</ItemStatus>
      <ItemId>33672</ItemId>
    </Item>
    <Item>
      <PriceUpdateDate>2025-07-09 15:32:39</PriceUpdateDate>
      <ItemCode>7290019337850</ItemCode>
      <ItemType>1</ItemType>
      <ItemName>מטליות מיקרופייבר בג</ItemName>
      <ManufacturerName>לא ידוע</ManufacturerName>
      <ManufactureCountry>ישראל</ManufactureCountry>
      <ManufacturerItemDescription>מטליות מיקרופייבר בג</ManufacturerItemDescription>
      <UnitQty>יח'</UnitQty>
      <Quantity>30.00</Quantity>
      <UnitOfMeasure>יח'</UnitOfMeasure>
      <bIsWeighted>0</bIsWeighted>
      <QtyInPackage>לא ידוע</QtyInPackage>
      <ItemPrice>24.90</ItemPrice>
      <UnitOfMeasurePrice>0.8300</UnitOfMeasurePrice>
      <AllowDiscount>1</AllowDiscount>
      <ItemStatus>1</ItemStatus>
      <ItemId>115330</ItemId>
    </Item>
    <Item>
      <PriceUpdateDate>2025-04-27 16:58:24</PriceUpdateDate>
      <ItemCode>5208049015343</ItemCode>
      <ItemType>1</ItemType>
      <ItemName>פאל מאל כחול ארוך פי</ItemName>
      <ManufacturerName>BAT</ManufacturerName>
      <ManufactureCountry>תורכיה</ManufactureCountry>
      <ManufacturerItemDescription>פאל מאל</ManufacturerItemDescription>
      <UnitQty>יח'</UnitQty>
      <Quantity>20.00</Quantity>
      <UnitOfMeasure>יח'</UnitOfMeasure>
      <bIsWeighted>0</bIsWeighted>
      <QtyInPackage>לא ידוע</QtyInPackage>
      <ItemPrice>38.00</ItemPrice>
      <UnitOfMeasurePrice>1.9000</UnitOfMeasurePrice>
      <AllowDiscount>1</AllowDiscount>
      <ItemStatus>1</ItemStatus>
      <ItemId>111668</ItemId>
    </Item>
    <Item>
      <PriceUpdateDate>2025-11-30 19:02:16</PriceUpdateDate>
      <ItemCode>8718951650855</ItemCode>
      <ItemType>1</ItemType>
      <ItemName>ג'ל עם אקונומיקה אג'</ItemName>
      <ManufacturerName>פלמוליב</ManufacturerName>
      <ManufactureCountry>צרפת</ManufactureCountry>
      <ManufacturerItemDescription>אג'קס</ManufacturerItemDescription>
      <UnitQty>מיליליטרים</UnitQty>
      <Quantity>750.00</Quantity>
      <UnitOfMeasure>100 מ"ל</UnitOfMeasure>
      <bIsWeighted>0</bIsWeighted>
      <QtyInPackage>לא ידוע</QtyInPackage>
      <ItemPrice>16.70</ItemPrice>
      <UnitOfMeasurePrice>0.0223</UnitOfMeasurePrice>
      <AllowDiscount>1</AllowDiscount>
      <ItemStatus>1</ItemStatus>
      <ItemId>102864</ItemId>
    </Item>
    <Item>
      <PriceUpdateDate>2024-04-21 20:35:49</PriceUpdateDate>
      <ItemCode>7290019039273</ItemCode>
      <ItemType>1</ItemType>
      <ItemName>נרות חימום 50 יח יוח</ItemName>
      <ManufacturerName>מנורה שי נר בע"מ</ManufacturerName>
      <ManufactureCountry>ישראל</ManufactureCountry>
      <ManufacturerItemDescription>מנורה</ManufacturerItemDescription>
      <UnitQty>יח'</UnitQty>
      <Quantity>50.00</Quantity>
      <UnitOfMeasure>יח'</UnitOfMeasure>
      <bIsWeighted>0</bIsWeighted>
      <QtyInPackage>לא ידוע</QtyInPackage>
      <ItemPrice>10.90</ItemPrice>
      <UnitOfMeasurePrice>0.2180</UnitOfMeasurePrice>
      <AllowDiscount>1</AllowDiscount>
      <ItemStatus>1</ItemStatus>
      <ItemId>88941</ItemId>
    </Item>
    <Item>
      <PriceUpdateDate>2025-01-05 16:22:14</PriceUpdateDate>
      <ItemCode>7290117385593</ItemCode>
      <ItemType>1</ItemType>
      <ItemName>מאסטר שף אטריות שעוע</ItemName>
      <ManufacturerName>יאנטאי סאנג'יה</ManufacturerName>
      <ManufactureCountry>סין</ManufactureCountry>
      <ManufacturerItemDescription>מאסטר שף אטריות שעוע</ManufacturerItemDescription>
      <UnitQty>גרמים</UnitQty>
      <Quantity>300.00</Quantity>
      <UnitOfMeasure>100 גרם</UnitOfMeasure>
      <bIsWeighted>0</bIsWeighted>
      <QtyInPackage>לא ידוע</QtyInPackage>
      <ItemPrice>11.00</ItemPrice>
      <UnitOfMeasurePrice>0.0367</UnitOfMeasurePrice>
      <AllowDiscount>1</AllowDiscount>
      <ItemStatus>1</ItemStatus>
      <ItemId>80822</ItemId>
    </Item>
    <Item>
      <PriceUpdateDate>2025-08-04 15:50:24</PriceUpdateDate>
      <ItemCode>7290119373925</ItemCode>
      <ItemType>1</ItemType>
      <ItemName>מטבוחה חריפה אש 250</ItemName>
      <ManufacturerName>שטראוס גרופ בע"מ</ManufacturerName>
      <ManufactureCountry>ישראל</ManufactureCountry>
      <ManufacturerItemDescription>מטבוחה חריפה אש 250</ManufacturerItemDescription>
      <UnitQty>גרמים</UnitQty>
      <Quantity>250.00</Quantity>
      <UnitOfMeasure>100 גרם</UnitOfMeasure>
      <bIsWeighted>0</bIsWeighted>
      <QtyInPackage>לא ידוע</QtyInPackage>
      <ItemPrice>11.30</ItemPrice>
      <UnitOfMeasurePrice>0.0452</UnitOfMeasurePrice>
      <AllowDiscount>1</AllowDiscount>
      <ItemStatus>1</ItemStatus>
      <ItemId>113053</ItemId>
    </Item>
    <Item>
      <PriceUpdateDate>2025-01-01 21:29:19</PriceUpdateDate>
      <ItemCode>7290019635222</ItemCode>
      <ItemType>1</ItemType>
      <ItemName>קוביות בולגרית מעודנ</ItemName>
      <ManufacturerName>מחלבות גד</ManufacturerName>
      <ManufactureCountry>ישראל</ManufactureCountry>
      <ManufacturerItemDescription>מחלבות גד</ManufacturerItemDescription>
      <UnitQty>גרמים</UnitQty>
      <Quantity>200.00</Quantity>
      <UnitOfMeasure>100 גרם</UnitOfMeasure>
      <bIsWeighted>0</bIsWeighted>
      <QtyInPackage>לא ידוע</QtyInPackage>
      <ItemPrice>25.10</ItemPrice>
      <UnitOfMeasurePrice>0.1255</UnitOfMeasurePrice>
      <AllowDiscount>1</AllowDiscount>
      <ItemStatus>1</ItemStatus>
      <ItemId>90260</ItemId>
    </Item>
    <Item>
      <PriceUpdateDate>2015-01-01 00:00:00</PriceUpdateDate>
      <ItemCode>88888221</ItemCode>
      <ItemType>0</ItemType>
      <ItemName>תינוקות</ItemName>
      <ManufacturerName>לא ידוע</ManufacturerName>
      <ManufactureCountry>לא ידוע</ManufactureCountry>
      <ManufacturerItemDescription>תינוקות</ManufacturerItemDescription>
      <UnitQty>לא ידוע</UnitQty>
      <Quantity>0.00</Quantity>
      <UnitOfMeasure>לא ידוע</UnitOfMeasure>
      <bIsWeighted>0</bIsWeighted>
      <QtyInPackage>לא ידוע</QtyInPackage>
      <ItemPrice>0.00</ItemPrice>
      <UnitOfMeasurePrice>0.0000</UnitOfMeasurePrice>
      <AllowDiscount>1</AllowDiscount>
      <ItemStatus>1</ItemStatus>
      <ItemId>97692</ItemId>
    </Item>
    <Item>
      <PriceUpdateDate>2015-01-01 00:00:00</PriceUpdateDate>
      <ItemCode>88888086</ItemCode>
      <ItemType>0</ItemType>
      <ItemName>לא מזון</ItemName>
      <ManufacturerName>לא ידוע</ManufacturerName>
      <ManufactureCountry>לא ידוע</ManufactureCountry>
      <ManufacturerItemDescription>לא מזון</ManufacturerItemDescription>
      <UnitQty>לא ידוע</UnitQty>
      <Quantity>0.00</Quantity>
      <UnitOfMeasure>לא ידוע</UnitOfMeasure>
      <bIsWeighted>0</bIsWeighted>
      <QtyInPackage>לא ידוע</QtyInPackage>
      <ItemPrice>0.00</ItemPrice>
      <UnitOfMeasurePrice>0.0000</UnitOfMeasurePrice>
      <AllowDiscount>1</AllowDiscount>
      <ItemStatus>1</ItemStatus>
      <ItemId>97693</ItemId>
    </Item>
    <Item>
      <PriceUpdateDate>2025-01-02 15:56:59</PriceUpdateDate>
      <ItemCode>7290014748651</ItemCode>
      <ItemType>1</ItemType>
      <ItemName>דג טוב פילה אמנון מצ</ItemName>
      <ManufacturerName>עוף טוב</ManufacturerName>
      <ManufactureCountry>ישראל</ManufactureCountry>
      <ManufacturerItemDescription>דג טוב פילה אמנון מצ</ManufacturerItemDescription>
      <UnitQty>גרמים</UnitQty>
      <Quantity>360.00</Quantity>
      <UnitOfMeasure>100 גרם</UnitOfMeasure>
      <bIsWeighted>0</bIsWeighted>
      <QtyInPackage>לא ידוע</QtyInPackage>
      <ItemPrice>42.30</ItemPrice>
      <UnitOfMeasurePrice>0.1175</UnitOfMeasurePrice>
      <AllowDiscount>1</AllowDiscount>
      <ItemStatus>1</ItemStatus>
      <ItemId>33764</ItemId>
    </Item>
    <Item>
      <PriceUpdateDate>2025-07-21 15:38:48</PriceUpdateDate>
      <ItemCode>7290014749887</ItemCode>
      <ItemType>1</ItemType>
      <ItemName>עוף טוב שניצל דק ענק</ItemName>
      <ManufacturerName>עוף טוב</ManufacturerName>
      <ManufactureCountry>ישראל</ManufactureCountry>
      <ManufacturerItemDescription>עוף טוב</ManufacturerItemDescription>
      <UnitQty>גרמים</UnitQty>
      <Quantity>720.00</Quantity>
      <UnitOfMeasure>100 גרם</UnitOfMeasure>
      <bIsWeighted>0</bIsWeighted>
      <QtyInPackage>לא ידוע</QtyInPackage>
      <ItemPrice>39.90</ItemPrice>
      <UnitOfMeasurePrice>0.0554</UnitOfMeasurePrice>
      <AllowDiscount>1</AllowDiscount>
      <ItemStatus>1</ItemStatus>
      <ItemId>33790</ItemId>
    </Item>
    <Item>
      <PriceUpdateDate>2025-01-01 21:29:28</PriceUpdateDate>
      <ItemCode>7290116931241</ItemCode>
      <ItemType>1</ItemType>
      <ItemName>קוטג תנובה 12% 250 ג</ItemName>
      <ManufacturerName>תנובה</ManufacturerName>
      <ManufactureCountry>ישראל</ManufactureCountry>
      <ManufacturerItemDescription>תנובה</ManufacturerItemDescription>
      <UnitQty>גרמים</UnitQty>
      <Quantity>250.00</Quantity>
      <UnitOfMeasure>100 גרם</UnitOfMeasure>
      <bIsWeighted>0</bIsWeighted>
      <QtyInPackage>לא ידוע</QtyInPackage>
      <ItemPrice>6.80</ItemPrice>
      <UnitOfMeasurePrice>0.0272</UnitOfMeasurePrice>
      <AllowDiscount>1</AllowDiscount>
      <ItemStatus>1</ItemStatus>
      <ItemId>71266</ItemId>
    </Item>
    <Item>
      <PriceUpdateDate>2024-01-15 09:08:01</PriceUpdateDate>
      <ItemCode>7290000529073</ItemCode>
      <ItemType>1</ItemType>
      <ItemName>תה ירוק סיני יוחננוף</ItemName>
      <ManufacturerName>תה עדנים</ManufacturerName>
      <ManufactureCountry>ישראל</ManufactureCountry>
      <ManufacturerItemDescription>תה ירוק סיני יוחננוף</ManufacturerItemDescription>
      <UnitQty>יח'</UnitQty>
      <Quantity>50.00</Quantity>
      <UnitOfMeasure>יח'</UnitOfMeasure>
      <bIsWeighted>0</bIsWeighted>
      <QtyInPackage>לא ידוע</QtyInPackage>
      <ItemPrice>24.90</ItemPrice>
      <UnitOfMeasurePrice>0.4980</UnitOfMeasurePrice>
      <AllowDiscount>1</AllowDiscount>
      <ItemStatus>1</ItemStatus>
      <ItemId>79069</ItemId>
    </Item>
    <Item>
      <PriceUpdateDate>2015-01-01 00:00:00</PriceUpdateDate>
      <ItemCode>88888095</ItemCode>
      <ItemType>0</ItemType>
      <ItemName>סחר שונות</ItemName>
      <ManufacturerName>לא ידוע</ManufacturerName>
      <ManufactureCountry>לא ידוע</ManufactureCountry>
      <ManufacturerItemDescription>סחר שונות</ManufacturerItemDescription>
      <UnitQty>לא ידוע</UnitQty>
      <Quantity>0.00</Quantity>
      <UnitOfMeasure>לא ידוע</UnitOfMeasure>
      <bIsWeighted>0</bIsWeighted>
      <QtyInPackage>לא ידוע</QtyInPackage>
      <ItemPrice>0.00</ItemPrice>
      <UnitOfMeasurePrice>0.0000</UnitOfMeasurePrice>
      <AllowDiscount>1</AllowDiscount>
      <ItemStatus>1</ItemStatus>
      <ItemId>98099</ItemId>
    </Item>
    <Item>
      <PriceUpdateDate>2025-12-15 08:56:39</PriceUpdateDate>
      <ItemCode>7290100687109</ItemCode>
      <ItemType>1</ItemType>
      <ItemName>במבה במילוי קרם נוגט</ItemName>
      <ManufacturerName>אסם</ManufacturerName>
      <ManufactureCountry>ישראל</ManufactureCountry>
      <ManufacturerItemDescription>במבה</ManufacturerItemDescription>
      <UnitQty>גרמים</UnitQty>
      <Quantity>60.00</Quantity>
      <UnitOfMeasure>100 גרם</UnitOfMeasure>
      <bIsWeighted>0</bIsWeighted>
      <QtyInPackage>לא ידוע</QtyInPackage>
      <ItemPrice>5.50</ItemPrice>
      <UnitOfMeasurePrice>0.0917</UnitOfMeasurePrice>
      <AllowDiscount>1</AllowDiscount>
      <ItemStatus>1</ItemStatus>
      <ItemId>33907</ItemId>
    </Item>
    <Item>
      <PriceUpdateDate>2025-05-26 14:45:36</PriceUpdateDate>
      <ItemCode>7290100689301</ItemCode>
      <ItemType>1</ItemType>
      <ItemName>מרק בטעם עוף זך 400</ItemName>
      <ManufacturerName>אסם</ManufacturerName>
      <ManufactureCountry>ישראל</ManufactureCountry>
      <ManufacturerItemDescription>אסם</ManufacturerItemDescription>
      <UnitQty>גרמים</UnitQty>
      <Quantity>400.00</Quantity>
      <UnitOfMeasure>100 גרם</UnitOfMeasure>
      <bIsWeighted>0</bIsWeighted>
      <QtyInPackage>לא ידוע</QtyInPackage>
      <ItemPrice>17.90</ItemPrice>
      <UnitOfMeasurePrice>0.0447</UnitOfMeasurePrice>
      <AllowDiscount>1</AllowDiscount>
      <ItemStatus>1</ItemStatus>
      <ItemId>33910</ItemId>
    </Item>
    <Item>
      <PriceUpdateDate>2025-07-22 14:57:27</PriceUpdateDate>
      <ItemCode>7290103705633</ItemCode>
      <ItemType>1</ItemType>
      <ItemName>נייר טואלט דו שכבתי</ItemName>
      <ManufacturerName>שניב תעשיות נייר בע"</ManufacturerName>
      <ManufactureCountry>ישראל</ManufactureCountry>
      <ManufacturerItemDescription>נייר טואלט דו שכבתי</ManufacturerItemDescription>
      <UnitQty>מטרים</UnitQty>
      <Quantity>528.00</Quantity>
      <UnitOfMeasure>מטר</UnitOfMeasure>
      <bIsWeighted>0</bIsWeighted>
      <QtyInPackage>לא ידוע</QtyInPackage>
      <ItemPrice>29.90</ItemPrice>
      <UnitOfMeasurePrice>0.0566</UnitOfMeasurePrice>
      <AllowDiscount>1</AllowDiscount>
      <ItemStatus>1</ItemStatus>
      <ItemId>75357</ItemId>
    </Item>
    <Item>
      <PriceUpdateDate>2015-01-01 00:00:00</PriceUpdateDate>
      <ItemCode>88888900</ItemCode>
      <ItemType>0</ItemType>
      <ItemName>עגלות לקוחות ומחסן</ItemName>
      <ManufacturerName>לא ידוע</ManufacturerName>
      <ManufactureCountry>לא ידוע</ManufactureCountry>
      <ManufacturerItemDescription>עגלות לקוחות ומחסן</ManufacturerItemDescription>
      <UnitQty>לא ידוע</UnitQty>
      <Quantity>0.00</Quantity>
      <UnitOfMeasure>לא ידוע</UnitOfMeasure>
      <bIsWeighted>0</bIsWeighted>
      <QtyInPackage>לא ידוע</QtyInPackage>
      <ItemPrice>0.00</ItemPrice>
      <UnitOfMeasurePrice>0.0000</UnitOfMeasurePrice>
      <AllowDiscount>1</AllowDiscount>
      <ItemStatus>1</ItemStatus>
      <ItemId>97694</ItemId>
    </Item>
    <Item>
      <PriceUpdateDate>2023-07-16 13:02:28</PriceUpdateDate>
      <ItemCode>7290103705640</ItemCode>
      <ItemType>1</ItemType>
      <ItemName>מגבות נייר דו שכבתי</ItemName>
      <ManufacturerName>שניב תעשיות נייר בע"</ManufacturerName>
      <ManufactureCountry>ישראל</ManufactureCountry>
      <ManufacturerItemDescription>מגבות נייר דו שכבתי</ManufacturerItemDescription>
      <UnitQty>מטרים</UnitQty>
      <Quantity>63.48</Quantity>
      <UnitOfMeasure>מטר</UnitOfMeasure>
      <bIsWeighted>0</bIsWeighted>
      <QtyInPackage>לא ידוע</QtyInPackage>
      <ItemPrice>9.90</ItemPrice>
      <UnitOfMeasurePrice>0.1560</UnitOfMeasurePrice>
      <AllowDiscount>1</AllowDiscount>
      <ItemStatus>1</ItemStatus>
      <ItemId>75358</ItemId>
    </Item>
    <Item>
      <PriceUpdateDate>2025-06-16 14:25:03</PriceUpdateDate>
      <ItemCode>7290105693341</ItemCode>
      <ItemType>1</ItemType>
      <ItemName>במבה מארז 10*25 גרם</ItemName>
      <ManufacturerName>אסם</ManufacturerName>
      <ManufactureCountry>ישראל</ManufactureCountry>
      <ManufacturerItemDescription>במבה</ManufacturerItemDescription>
      <UnitQty>גרמים</UnitQty>
      <Quantity>250.00</Quantity>
      <UnitOfMeasure>100 גרם</UnitOfMeasure>
      <bIsWeighted>0</bIsWeighted>
      <QtyInPackage>לא ידוע</QtyInPackage>
      <ItemPrice>18.90</ItemPrice>
      <UnitOfMeasurePrice>0.0756</UnitOfMeasurePrice>
      <AllowDiscount>1</AllowDiscount>
      <ItemStatus>1</ItemStatus>
      <ItemId>33948</ItemId>
    </Item>
    <Item>
      <PriceUpdateDate>2025-12-18 16:46:19</PriceUpdateDate>
      <ItemCode>7290105694614</ItemCode>
      <ItemType>1</ItemType>
      <ItemName>ספגטי מהיר הכנה 500</ItemName>
      <ManufacturerName>זארה</ManufacturerName>
      <ManufactureCountry>איטליה</ManufactureCountry>
      <ManufacturerItemDescription>אסם</ManufacturerItemDescription>
      <UnitQty>גרמים</UnitQty>
      <Quantity>500.00</Quantity>
      <UnitOfMeasure>100 גרם</UnitOfMeasure>
      <bIsWeighted>0</bIsWeighted>
      <QtyInPackage>לא ידוע</QtyInPackage>
      <ItemPrice>6.90</ItemPrice>
      <UnitOfMeasurePrice>0.0138</UnitOfMeasurePrice>
      <AllowDiscount>1</AllowDiscount>
      <ItemStatus>1</ItemStatus>
      <ItemId>33952</ItemId>
    </Item>
    <Item>
      <PriceUpdateDate>2023-12-04 16:20:32</PriceUpdateDate>
      <ItemCode>7290000529080</ItemCode>
      <ItemType>1</ItemType>
      <ItemName>תה צ'אי מסאלה יוחננו</ItemName>
      <ManufacturerName>תה עדנים</ManufacturerName>
      <ManufactureCountry>ישראל</ManufactureCountry>
      <ManufacturerItemDescription>תה צ'אי מסאלה יוחננו</ManufacturerItemDescription>
      <UnitQty>יח'</UnitQty>
      <Quantity>50.00</Quantity>
      <UnitOfMeasure>יח'</UnitOfMeasure>
      <bIsWeighted>0</bIsWeighted>
      <QtyInPackage>לא ידוע</QtyInPackage>
      <ItemPrice>24.90</ItemPrice>
      <UnitOfMeasurePrice>0.4980</UnitOfMeasurePrice>
      <AllowDiscount>1</AllowDiscount>
      <ItemStatus>1</ItemStatus>
      <ItemId>79070</ItemId>
    </Item>
    <Item>
      <PriceUpdateDate>2025-01-09 15:58:46</PriceUpdateDate>
      <ItemCode>7290119379200</ItemCode>
      <ItemType>1</ItemType>
      <ItemName>שמן זית לחיץ 280 מ"ל</ItemName>
      <ManufacturerName>מכוורת יד מרדכי</ManufacturerName>
      <ManufactureCountry>ישראל</ManufactureCountry>
      <ManufacturerItemDescription>שמן זית לחיץ 280 מ"ל</ManufacturerItemDescription>
      <UnitQty>מיליליטרים</UnitQty>
      <Quantity>280.00</Quantity>
      <UnitOfMeasure>100 מ"ל</UnitOfMeasure>
      <bIsWeighted>0</bIsWeighted>
      <QtyInPackage>לא ידוע</QtyInPackage>
      <ItemPrice>17.90</ItemPrice>
      <UnitOfMeasurePrice>0.0639</UnitOfMeasurePrice>
      <AllowDiscount>1</AllowDiscount>
      <ItemStatus>1</ItemStatus>
      <ItemId>75625</ItemId>
    </Item>
    <Item>
      <PriceUpdateDate>2024-02-28 16:33:11</PriceUpdateDate>
      <ItemCode>7290106578821</ItemCode>
      <ItemType>1</ItemType>
      <ItemName>עוגת הבית שמרים שוקו</ItemName>
      <ManufacturerName>אסם</ManufacturerName>
      <ManufactureCountry>ישראל</ManufactureCountry>
      <ManufacturerItemDescription>הבית</ManufacturerItemDescription>
      <UnitQty>גרמים</UnitQty>
      <Quantity>350.00</Quantity>
      <UnitOfMeasure>100 גרם</UnitOfMeasure>
      <bIsWeighted>0</bIsWeighted>
      <QtyInPackage>לא ידוע</QtyInPackage>
      <ItemPrice>18.90</ItemPrice>
      <UnitOfMeasurePrice>0.0540</UnitOfMeasurePrice>
      <AllowDiscount>1</AllowDiscount>
      <ItemStatus>1</ItemStatus>
      <ItemId>34043</ItemId>
    </Item>
    <Item>
      <PriceUpdateDate>2025-12-15 08:56:39</PriceUpdateDate>
      <ItemCode>7290107871990</ItemCode>
      <ItemType>1</ItemType>
      <ItemName>פסטה צינורות 500 גרם</ItemName>
      <ManufacturerName>זארה</ManufacturerName>
      <ManufactureCountry>איטליה</ManufactureCountry>
      <ManufacturerItemDescription>אסם</ManufacturerItemDescription>
      <UnitQty>גרמים</UnitQty>
      <Quantity>500.00</Quantity>
      <UnitOfMeasure>100 גרם</UnitOfMeasure>
      <bIsWeighted>0</bIsWeighted>
      <QtyInPackage>לא ידוע</QtyInPackage>
      <ItemPrice>6.90</ItemPrice>
      <UnitOfMeasurePrice>0.0138</UnitOfMeasurePrice>
      <AllowDiscount>1</AllowDiscount>
      <ItemStatus>1</ItemStatus>
      <ItemId>34060</ItemId>
    </Item>
    <Item>
      <PriceUpdateDate>2024-12-03 13:13:50</PriceUpdateDate>
      <ItemCode>7290019039464</ItemCode>
      <ItemType>1</ItemType>
      <ItemName>נר נשמה שבועי יוחננו</ItemName>
      <ManufacturerName>לא ידוע</ManufacturerName>
      <ManufactureCountry>ישראל</ManufactureCountry>
      <ManufacturerItemDescription>נר נשמה שבועי יוחננו</ManufacturerItemDescription>
      <UnitQty>יח'</UnitQty>
      <Quantity>1.00</Quantity>
      <UnitOfMeasure>יח'</UnitOfMeasure>
      <bIsWeighted>0</bIsWeighted>
      <QtyInPackage>לא ידוע</QtyInPackage>
      <ItemPrice>9.90</ItemPrice>
      <UnitOfMeasurePrice>9.9000</UnitOfMeasurePrice>
      <AllowDiscount>1</AllowDiscount>
      <ItemStatus>1</ItemStatus>
      <ItemId>104739</ItemId>
    </Item>
    <Item>
      <PriceUpdateDate>2015-01-01 00:00:00</PriceUpdateDate>
      <ItemCode>88888056</ItemCode>
      <ItemType>0</ItemType>
      <ItemName>שיווק</ItemName>
      <ManufacturerName>לא ידוע</ManufacturerName>
      <ManufactureCountry>לא ידוע</ManufactureCountry>
      <ManufacturerItemDescription>שיווק</ManufacturerItemDescription>
      <UnitQty>לא ידוע</UnitQty>
      <Quantity>0.00</Quantity>
      <UnitOfMeasure>לא ידוע</UnitOfMeasure>
      <bIsWeighted>0</bIsWeighted>
      <QtyInPackage>לא ידוע</QtyInPackage>
      <ItemPrice>0.00</ItemPrice>
      <UnitOfMeasurePrice>0.0000</UnitOfMeasurePrice>
      <AllowDiscount>1</AllowDiscount>
      <ItemStatus>1</ItemStatus>
      <ItemId>80200</ItemId>
    </Item>
    <Item>
      <PriceUpdateDate>2023-12-04 16:20:32</PriceUpdateDate>
      <ItemCode>7290000529127</ItemCode>
      <ItemType>1</ItemType>
      <ItemName>חליטת לימונית לואיזה</ItemName>
      <ManufacturerName>תה עדנים</ManufacturerName>
      <ManufactureCountry>ישראל</ManufactureCountry>
      <ManufacturerItemDescription>חליטת לימונית לואיזה</ManufacturerItemDescription>
      <UnitQty>יח'</UnitQty>
      <Quantity>50.00</Quantity>
      <UnitOfMeasure>יח'</UnitOfMeasure>
      <bIsWeighted>0</bIsWeighted>
      <QtyInPackage>לא ידוע</QtyInPackage>
      <ItemPrice>24.90</ItemPrice>
      <UnitOfMeasurePrice>0.4980</UnitOfMeasurePrice>
      <AllowDiscount>1</AllowDiscount>
      <ItemStatus>1</ItemStatus>
      <ItemId>79072</ItemId>
    </Item>
    <Item>
      <PriceUpdateDate>2025-11-30 18:57:06</PriceUpdateDate>
      <ItemCode>8011780000922</ItemCode>
      <ItemType>1</ItemType>
      <ItemName>פסטה ספגטי ריסקוסה 5</ItemName>
      <ManufacturerName>לא ידוע</ManufacturerName>
      <ManufactureCountry>איטליה</ManufactureCountry>
      <ManufacturerItemDescription>פסטה ספגטי ריסקוסה 5</ManufacturerItemDescription>
      <UnitQty>גרמים</UnitQty>
      <Quantity>500.00</Quantity>
      <UnitOfMeasure>100 גרם</UnitOfMeasure>
      <bIsWeighted>0</bIsWeighted>
      <QtyInPackage>לא ידוע</QtyInPackage>
      <ItemPrice>5.90</ItemPrice>
      <UnitOfMeasurePrice>0.0118</UnitOfMeasurePrice>
      <AllowDiscount>1</AllowDiscount>
      <ItemStatus>1</ItemStatus>
      <ItemId>79963</ItemId>
    </Item>
    <Item>
      <PriceUpdateDate>2015-01-01 00:00:00</PriceUpdateDate>
      <ItemCode>88888045</ItemCode>
      <ItemType>0</ItemType>
      <ItemName>משקאות</ItemName>
      <ManufacturerName>לא ידוע</ManufacturerName>
      <ManufactureCountry>לא ידוע</ManufactureCountry>
      <ManufacturerItemDescription>משקאות</ManufacturerItemDescription>
      <UnitQty>לא ידוע</UnitQty>
      <Quantity>0.00</Quantity>
      <UnitOfMeasure>לא ידוע</UnitOfMeasure>
      <bIsWeighted>0</bIsWeighted>
      <QtyInPackage>לא ידוע</QtyInPackage>
      <ItemPrice>0.00</ItemPrice>
      <UnitOfMeasurePrice>0.0000</UnitOfMeasurePrice>
      <AllowDiscount>1</AllowDiscount>
      <ItemStatus>1</ItemStatus>
      <ItemId>97699</ItemId>
    </Item>
    <Item>
      <PriceUpdateDate>2025-08-21 16:46:09</PriceUpdateDate>
      <ItemCode>7394376621703</ItemCode>
      <ItemType>1</ItemType>
      <ItemName>אוטלי בריסטה מופחת ש</ItemName>
      <ManufacturerName>אוטלי איי.בי</ManufacturerName>
      <ManufactureCountry>הולנד</ManufactureCountry>
      <ManufacturerItemDescription>אוטלי</ManufacturerItemDescription>
      <UnitQty>ליטרים</UnitQty>
      <Quantity>1.00</Quantity>
      <UnitOfMeasure>ליטר    </UnitOfMeasure>
      <bIsWeighted>0</bIsWeighted>
      <QtyInPackage>לא ידוע</QtyInPackage>
      <ItemPrice>17.90</ItemPrice>
      <UnitOfMeasurePrice>17.9000</UnitOfMeasurePrice>
      <AllowDiscount>1</AllowDiscount>
      <ItemStatus>1</ItemStatus>
      <ItemId>117550</ItemId>
    </Item>
    <Item>
      <PriceUpdateDate>2015-01-01 00:00:00</PriceUpdateDate>
      <ItemCode>88888131</ItemCode>
      <ItemType>0</ItemType>
      <ItemName>חומרי ניקוי</ItemName>
      <ManufacturerName>לא ידוע</ManufacturerName>
      <ManufactureCountry>לא ידוע</ManufactureCountry>
      <ManufacturerItemDescription>חומרי ניקוי</ManufacturerItemDescription>
      <UnitQty>לא ידוע</UnitQty>
      <Quantity>0.00</Quantity>
      <UnitOfMeasure>לא ידוע</UnitOfMeasure>
      <bIsWeighted>0</bIsWeighted>
      <QtyInPackage>לא ידוע</QtyInPackage>
      <ItemPrice>0.00</ItemPrice>
      <UnitOfMeasurePrice>0.0000</UnitOfMeasurePrice>
      <AllowDiscount>1</AllowDiscount>
      <ItemStatus>1</ItemStatus>
      <ItemId>97700</ItemId>
    </Item>
    <Item>
      <PriceUpdateDate>2023-11-26 14:20:29</PriceUpdateDate>
      <ItemCode>7290117034910</ItemCode>
      <ItemType>1</ItemType>
      <ItemName>אטריות נודלס רחבות ל</ItemName>
      <ManufacturerName>לא ידוע</ManufacturerName>
      <ManufactureCountry>סין</ManufactureCountry>
      <ManufacturerItemDescription>אטריות נודלס רחבות ל</ManufacturerItemDescription>
      <UnitQty>גרמים</UnitQty>
      <Quantity>200.00</Quantity>
      <UnitOfMeasure>100 גרם</UnitOfMeasure>
      <bIsWeighted>0</bIsWeighted>
      <QtyInPackage>לא ידוע</QtyInPackage>
      <ItemPrice>3.90</ItemPrice>
      <UnitOfMeasurePrice>0.0195</UnitOfMeasurePrice>
      <AllowDiscount>1</AllowDiscount>
      <ItemStatus>1</ItemStatus>
      <ItemId>79734</ItemId>
    </Item>
    <Item>
      <PriceUpdateDate>2015-01-01 00:00:00</PriceUpdateDate>
      <ItemCode>88888113</ItemCode>
      <ItemType>0</ItemType>
      <ItemName>טיפוח והגינה</ItemName>
      <ManufacturerName>לא ידוע</ManufacturerName>
      <ManufactureCountry>לא ידוע</ManufactureCountry>
      <ManufacturerItemDescription>טיפוח והגינה</ManufacturerItemDescription>
      <UnitQty>לא ידוע</UnitQty>
      <Quantity>0.00</Quantity>
      <UnitOfMeasure>לא ידוע</UnitOfMeasure>
      <bIsWeighted>0</bIsWeighted>
      <QtyInPackage>לא ידוע</QtyInPackage>
      <ItemPrice>0.00</ItemPrice>
      <UnitOfMeasurePrice>0.0000</UnitOfMeasurePrice>
      <AllowDiscount>1</AllowDiscount>
      <ItemStatus>1</ItemStatus>
      <ItemId>97701</ItemId>
    </Item>
    <Item>
      <PriceUpdateDate>2025-01-02 16:15:33</PriceUpdateDate>
      <ItemCode>7290018703076</ItemCode>
      <ItemType>1</ItemType>
      <ItemName>אול אין חטיף חלבון ד</ItemName>
      <ManufacturerName>Hearhtside food solu</ManufacturerName>
      <ManufactureCountry>הולנד</ManufactureCountry>
      <ManufacturerItemDescription>אול אין חטיף חלבון ד</ManufacturerItemDescription>
      <UnitQty>גרמים</UnitQty>
      <Quantity>60.00</Quantity>
      <UnitOfMeasure>100 גרם</UnitOfMeasure>
      <bIsWeighted>0</bIsWeighted>
      <QtyInPackage>לא ידוע</QtyInPackage>
      <ItemPrice>14.90</ItemPrice>
      <UnitOfMeasurePrice>0.2483</UnitOfMeasurePrice>
      <AllowDiscount>1</AllowDiscount>
      <ItemStatus>1</ItemStatus>
      <ItemId>75817</ItemId>
    </Item>
    <Item>
      <PriceUpdateDate>2015-01-01 00:00:00</PriceUpdateDate>
      <ItemCode>88888060</ItemCode>
      <ItemType>0</ItemType>
      <ItemName>אוכל מוכן - חדש</ItemName>
      <ManufacturerName>לא ידוע</ManufacturerName>
      <ManufactureCountry>לא ידוע</ManufactureCountry>
      <ManufacturerItemDescription>אוכל מוכן - חדש</ManufacturerItemDescription>
      <UnitQty>לא ידוע</UnitQty>
      <Quantity>0.00</Quantity>
      <UnitOfMeasure>לא ידוע</UnitOfMeasure>
      <bIsWeighted>0</bIsWeighted>
      <QtyInPackage>לא ידוע</QtyInPackage>
      <ItemPrice>0.00</ItemPrice>
      <UnitOfMeasurePrice>0.0000</UnitOfMeasurePrice>
      <AllowDiscount>1</AllowDiscount>
      <ItemStatus>1</ItemStatus>
      <ItemId>97707</ItemId>
    </Item>
    <Item>
      <PriceUpdateDate>2025-06-24 16:38:19</PriceUpdateDate>
      <ItemCode>8850006536322</ItemCode>
      <ItemType>1</ItemType>
      <ItemName>פלמוליב ארומה לבנדר</ItemName>
      <ManufacturerName>CP - Turkey+60</ManufacturerName>
      <ManufactureCountry>תורכיה</ManufactureCountry>
      <ManufacturerItemDescription>פלמוליב ארומה לבנדר</ManufacturerItemDescription>
      <UnitQty>מיליליטרים</UnitQty>
      <Quantity>750.00</Quantity>
      <UnitOfMeasure>100 מ"ל</UnitOfMeasure>
      <bIsWeighted>0</bIsWeighted>
      <QtyInPackage>לא ידוע</QtyInPackage>
      <ItemPrice>24.10</ItemPrice>
      <UnitOfMeasurePrice>0.0321</UnitOfMeasurePrice>
      <AllowDiscount>1</AllowDiscount>
      <ItemStatus>1</ItemStatus>
      <ItemId>114452</ItemId>
    </Item>
    <Item>
      <PriceUpdateDate>2025-06-24 16:42:30</PriceUpdateDate>
      <ItemCode>8714789733289</ItemCode>
      <ItemType>1</ItemType>
      <ItemName>פלמוליב חלב ודבש 750</ItemName>
      <ManufacturerName>CP - Turkey+60</ManufacturerName>
      <ManufactureCountry>תורכיה</ManufactureCountry>
      <ManufacturerItemDescription>פלמוליב חלב ודבש 750</ManufacturerItemDescription>
      <UnitQty>מיליליטרים</UnitQty>
      <Quantity>750.00</Quantity>
      <UnitOfMeasure>100 מ"ל</UnitOfMeasure>
      <bIsWeighted>0</bIsWeighted>
      <QtyInPackage>לא ידוע</QtyInPackage>
      <ItemPrice>24.10</ItemPrice>
      <UnitOfMeasurePrice>0.0321</UnitOfMeasurePrice>
      <AllowDiscount>1</AllowDiscount>
      <ItemStatus>1</ItemStatus>
      <ItemId>114505</ItemId>
    </Item>
    <Item>
      <PriceUpdateDate>2025-04-11 15:14:55</PriceUpdateDate>
      <ItemCode>7290001867655</ItemCode>
      <ItemType>1</ItemType>
      <ItemName>תפו"א גורמה / פרימיו</ItemName>
      <ManufacturerName>משתנה</ManufacturerName>
      <ManufactureCountry>ישראל</ManufactureCountry>
      <ManufacturerItemDescription>תפו"א לבן ארוז</ManufacturerItemDescription>
      <UnitQty>קילוגרמים</UnitQty>
      <Quantity>1.00</Quantity>
      <UnitOfMeasure>ק"ג</UnitOfMeasure>
      <bIsWeighted>1</bIsWeighted>
      <QtyInPackage>לא ידוע</QtyInPackage>
      <ItemPrice>6.90</ItemPrice>
      <UnitOfMeasurePrice>6.9000</UnitOfMeasurePrice>
      <AllowDiscount>1</AllowDiscount>
      <ItemStatus>1</ItemStatus>
      <ItemId>96844</ItemId>
    </Item>
    <Item>
      <PriceUpdateDate>2025-01-05 16:22:13</PriceUpdateDate>
      <ItemCode>7290112967848</ItemCode>
      <ItemType>1</ItemType>
      <ItemName>ג'לי תות שדה מופחת ס</ItemName>
      <ManufacturerName>אסם</ManufacturerName>
      <ManufactureCountry>ישראל</ManufactureCountry>
      <ManufacturerItemDescription>אסם</ManufacturerItemDescription>
      <UnitQty>גרמים</UnitQty>
      <Quantity>90.00</Quantity>
      <UnitOfMeasure>100 גרם</UnitOfMeasure>
      <bIsWeighted>0</bIsWeighted>
      <QtyInPackage>לא ידוע</QtyInPackage>
      <ItemPrice>6.60</ItemPrice>
      <UnitOfMeasurePrice>0.0733</UnitOfMeasurePrice>
      <AllowDiscount>1</AllowDiscount>
      <ItemStatus>1</ItemStatus>
      <ItemId>34545</ItemId>
    </Item>
    <Item>
      <PriceUpdateDate>2024-12-03 13:27:39</PriceUpdateDate>
      <ItemCode>7290113192331</ItemCode>
      <ItemType>1</ItemType>
      <ItemName>זית ירוק גדול 340 גר</ItemName>
      <ManufacturerName>בית השיטה</ManufacturerName>
      <ManufactureCountry>ישראל</ManufactureCountry>
      <ManufacturerItemDescription>בית השיטה</ManufacturerItemDescription>
      <UnitQty>גרמים</UnitQty>
      <Quantity>340.00</Quantity>
      <UnitOfMeasure>100 גרם</UnitOfMeasure>
      <bIsWeighted>0</bIsWeighted>
      <QtyInPackage>לא ידוע</QtyInPackage>
      <ItemPrice>12.90</ItemPrice>
      <UnitOfMeasurePrice>0.0379</UnitOfMeasurePrice>
      <AllowDiscount>1</AllowDiscount>
      <ItemStatus>1</ItemStatus>
      <ItemId>34604</ItemId>
    </Item>
    <Item>
      <PriceUpdateDate>2025-05-06 12:53:51</PriceUpdateDate>
      <ItemCode>7290113192355</ItemCode>
      <ItemType>1</ItemType>
      <ItemName>חרוזית ירוק  560 גרם</ItemName>
      <ManufacturerName>בית השיטה</ManufacturerName>
      <ManufactureCountry>ישראל</ManufactureCountry>
      <ManufacturerItemDescription>בית השיטה</ManufacturerItemDescription>
      <UnitQty>גרמים</UnitQty>
      <Quantity>560.00</Quantity>
      <UnitOfMeasure>100 גרם</UnitOfMeasure>
      <bIsWeighted>0</bIsWeighted>
      <QtyInPackage>לא ידוע</QtyInPackage>
      <ItemPrice>18.90</ItemPrice>
      <UnitOfMeasurePrice>0.0337</UnitOfMeasurePrice>
      <AllowDiscount>1</AllowDiscount>
      <ItemStatus>1</ItemStatus>
      <ItemId>34606</ItemId>
    </Item>
    <Item>
      <PriceUpdateDate>2023-11-13 14:45:58</PriceUpdateDate>
      <ItemCode>7290019229964</ItemCode>
      <ItemType>1</ItemType>
      <ItemName>מרכך כביסה מרוכז יוח</ItemName>
      <ManufacturerName>לא ידוע</ManufacturerName>
      <ManufactureCountry>לא ידוע</ManufactureCountry>
      <ManufacturerItemDescription>מרכך כביסה מרוכז יוח</ManufacturerItemDescription>
      <UnitQty>ליטרים</UnitQty>
      <Quantity>1.00</Quantity>
      <UnitOfMeasure>ליטר    </UnitOfMeasure>
      <bIsWeighted>0</bIsWeighted>
      <QtyInPackage>לא ידוע</QtyInPackage>
      <ItemPrice>8.90</ItemPrice>
      <UnitOfMeasurePrice>8.9000</UnitOfMeasurePrice>
      <AllowDiscount>1</AllowDiscount>
      <ItemStatus>1</ItemStatus>
      <ItemId>79335</ItemId>
    </Item>
    <Item>
      <PriceUpdateDate>2024-12-03 13:27:39</PriceUpdateDate>
      <ItemCode>7290113192508</ItemCode>
      <ItemType>1</ItemType>
      <ItemName>מלפפון במלח 17-13 56</ItemName>
      <ManufacturerName>בית השיטה</ManufacturerName>
      <ManufactureCountry>ישראל</ManufactureCountry>
      <ManufacturerItemDescription>בית השיטה</ManufacturerItemDescription>
      <UnitQty>גרמים</UnitQty>
      <Quantity>560.00</Quantity>
      <UnitOfMeasure>100 גרם</UnitOfMeasure>
      <bIsWeighted>0</bIsWeighted>
      <QtyInPackage>לא ידוע</QtyInPackage>
      <ItemPrice>11.90</ItemPrice>
      <UnitOfMeasurePrice>0.0213</UnitOfMeasurePrice>
      <AllowDiscount>1</AllowDiscount>
      <ItemStatus>1</ItemStatus>
      <ItemId>34617</ItemId>
    </Item>
    <Item>
      <PriceUpdateDate>2025-07-28 13:00:32</PriceUpdateDate>
      <ItemCode>7290113192515</ItemCode>
      <ItemType>1</ItemType>
      <ItemName>מלפפון במלח 18-25 56</ItemName>
      <ManufacturerName>בית השיטה</ManufacturerName>
      <ManufactureCountry>ישראל</ManufactureCountry>
      <ManufacturerItemDescription>בית השיטה</ManufacturerItemDescription>
      <UnitQty>גרמים</UnitQty>
      <Quantity>560.00</Quantity>
      <UnitOfMeasure>100 גרם</UnitOfMeasure>
      <bIsWeighted>0</bIsWeighted>
      <QtyInPackage>לא ידוע</QtyInPackage>
      <ItemPrice>14.90</ItemPrice>
      <UnitOfMeasurePrice>0.0266</UnitOfMeasurePrice>
      <AllowDiscount>1</AllowDiscount>
      <ItemStatus>1</ItemStatus>
      <ItemId>34618</ItemId>
    </Item>
    <Item>
      <PriceUpdateDate>2025-03-02 15:08:39</PriceUpdateDate>
      <ItemCode>7290113192546</ItemCode>
      <ItemType>1</ItemType>
      <ItemName>מלפפון בחומץ 9-7 560</ItemName>
      <ManufacturerName>בית השיטה</ManufacturerName>
      <ManufactureCountry>ישראל</ManufactureCountry>
      <ManufacturerItemDescription>בית השיטה</ManufacturerItemDescription>
      <UnitQty>גרמים</UnitQty>
      <Quantity>560.00</Quantity>
      <UnitOfMeasure>100 גרם</UnitOfMeasure>
      <bIsWeighted>0</bIsWeighted>
      <QtyInPackage>לא ידוע</QtyInPackage>
      <ItemPrice>9.90</ItemPrice>
      <UnitOfMeasurePrice>0.0177</UnitOfMeasurePrice>
      <AllowDiscount>1</AllowDiscount>
      <ItemStatus>1</ItemStatus>
      <ItemId>34621</ItemId>
    </Item>
    <Item>
      <PriceUpdateDate>2024-12-03 13:27:39</PriceUpdateDate>
      <ItemCode>7290113192553</ItemCode>
      <ItemType>1</ItemType>
      <ItemName>מלפפון במלח בלאדי 13</ItemName>
      <ManufacturerName>בית השיטה</ManufacturerName>
      <ManufactureCountry>ישראל</ManufactureCountry>
      <ManufacturerItemDescription>מלפפון במלח בלאדי 13</ManufacturerItemDescription>
      <UnitQty>גרמים</UnitQty>
      <Quantity>560.00</Quantity>
      <UnitOfMeasure>100 גרם</UnitOfMeasure>
      <bIsWeighted>0</bIsWeighted>
      <QtyInPackage>לא ידוע</QtyInPackage>
      <ItemPrice>11.90</ItemPrice>
      <UnitOfMeasurePrice>0.0213</UnitOfMeasurePrice>
      <AllowDiscount>1</AllowDiscount>
      <ItemStatus>1</ItemStatus>
      <ItemId>34622</ItemId>
    </Item>
    <Item>
      <PriceUpdateDate>2024-04-16 18:38:16</PriceUpdateDate>
      <ItemCode>7290018790496</ItemCode>
      <ItemType>1</ItemType>
      <ItemName>קרקר דק עם קינואה רו</ItemName>
      <ManufacturerName>לא ידוע</ManufacturerName>
      <ManufactureCountry>לא ידוע</ManufactureCountry>
      <ManufacturerItemDescription>קרקר דק עם קינואה רו</ManufacturerItemDescription>
      <UnitQty>יחידה   </UnitQty>
      <Quantity>0.00</Quantity>
      <UnitOfMeasure>יחידה   </UnitOfMeasure>
      <bIsWeighted>0</bIsWeighted>
      <QtyInPackage>לא ידוע</QtyInPackage>
      <ItemPrice>8.90</ItemPrice>
      <UnitOfMeasurePrice>0.0000</UnitOfMeasurePrice>
      <AllowDiscount>1</AllowDiscount>
      <ItemStatus>1</ItemStatus>
      <ItemId>88568</ItemId>
    </Item>
    <Item>
      <PriceUpdateDate>2024-12-16 11:45:45</PriceUpdateDate>
      <ItemCode>7290019205807</ItemCode>
      <ItemType>1</ItemType>
      <ItemName>שניצלונים עוף טוב 60</ItemName>
      <ManufacturerName>עוף טוב</ManufacturerName>
      <ManufactureCountry>ישראל</ManufactureCountry>
      <ManufacturerItemDescription>עוף טוב</ManufacturerItemDescription>
      <UnitQty>גרמים</UnitQty>
      <Quantity>600.00</Quantity>
      <UnitOfMeasure>100 גרם</UnitOfMeasure>
      <bIsWeighted>0</bIsWeighted>
      <QtyInPackage>לא ידוע</QtyInPackage>
      <ItemPrice>19.90</ItemPrice>
      <UnitOfMeasurePrice>0.0332</UnitOfMeasurePrice>
      <AllowDiscount>1</AllowDiscount>
      <ItemStatus>1</ItemStatus>
      <ItemId>105245</ItemId>
    </Item>
    <Item>
      <PriceUpdateDate>2024-12-03 13:27:40</PriceUpdateDate>
      <ItemCode>7290113192997</ItemCode>
      <ItemType>1</ItemType>
      <ItemName>זית שחור יבש בית השי</ItemName>
      <ManufacturerName>בית השיטה</ManufacturerName>
      <ManufactureCountry>ישראל</ManufactureCountry>
      <ManufacturerItemDescription>זית שחור יבש בית השי</ManufacturerItemDescription>
      <UnitQty>גרמים</UnitQty>
      <Quantity>340.00</Quantity>
      <UnitOfMeasure>100 גרם</UnitOfMeasure>
      <bIsWeighted>0</bIsWeighted>
      <QtyInPackage>לא ידוע</QtyInPackage>
      <ItemPrice>15.90</ItemPrice>
      <UnitOfMeasurePrice>0.0468</UnitOfMeasurePrice>
      <AllowDiscount>1</AllowDiscount>
      <ItemStatus>1</ItemStatus>
      <ItemId>34626</ItemId>
    </Item>
    <Item>
      <PriceUpdateDate>2025-06-25 11:33:06</PriceUpdateDate>
      <ItemCode>7290110558703</ItemCode>
      <ItemType>1</ItemType>
      <ItemName>מעדן חלב בטעם שוקולד</ItemName>
      <ManufacturerName>שטראוס</ManufacturerName>
      <ManufactureCountry>ישראל</ManufactureCountry>
      <ManufacturerItemDescription>מעדן חלב בטעם שוקולד</ManufacturerItemDescription>
      <UnitQty>גרמים</UnitQty>
      <Quantity>150.00</Quantity>
      <UnitOfMeasure>100 גרם</UnitOfMeasure>
      <bIsWeighted>0</bIsWeighted>
      <QtyInPackage>לא ידוע</QtyInPackage>
      <ItemPrice>5.90</ItemPrice>
      <UnitOfMeasurePrice>0.0393</UnitOfMeasurePrice>
      <AllowDiscount>1</AllowDiscount>
      <ItemStatus>1</ItemStatus>
      <ItemId>114297</ItemId>
    </Item>
    <Item>
      <PriceUpdateDate>2025-11-20 18:14:14</PriceUpdateDate>
      <ItemCode>7290018556948</ItemCode>
      <ItemType>1</ItemType>
      <ItemName>ארק בן חיים 40% 700</ItemName>
      <ManufacturerName>פיירוואטר</ManufacturerName>
      <ManufactureCountry>ישראל</ManufactureCountry>
      <ManufacturerItemDescription>ארק בן חיים 40% 700</ManufacturerItemDescription>
      <UnitQty>מיליליטרים</UnitQty>
      <Quantity>700.00</Quantity>
      <UnitOfMeasure>100 מ"ל</UnitOfMeasure>
      <bIsWeighted>0</bIsWeighted>
      <QtyInPackage>לא ידוע</QtyInPackage>
      <ItemPrice>39.90</ItemPrice>
      <UnitOfMeasurePrice>0.0570</UnitOfMeasurePrice>
      <AllowDiscount>1</AllowDiscount>
      <ItemStatus>1</ItemStatus>
      <ItemId>120587</ItemId>
    </Item>
    <Item>
      <PriceUpdateDate>2025-12-15 08:56:40</PriceUpdateDate>
      <ItemCode>7290115201741</ItemCode>
      <ItemType>1</ItemType>
      <ItemName>ביסלי בצל 70 גרם</ItemName>
      <ManufacturerName>אסם</ManufacturerName>
      <ManufactureCountry>ישראל</ManufactureCountry>
      <ManufacturerItemDescription>ביסלי</ManufacturerItemDescription>
      <UnitQty>גרמים</UnitQty>
      <Quantity>67.00</Quantity>
      <UnitOfMeasure>100 גרם</UnitOfMeasure>
      <bIsWeighted>0</bIsWeighted>
      <QtyInPackage>לא ידוע</QtyInPackage>
      <ItemPrice>5.50</ItemPrice>
      <UnitOfMeasurePrice>0.0821</UnitOfMeasurePrice>
      <AllowDiscount>1</AllowDiscount>
      <ItemStatus>1</ItemStatus>
      <ItemId>34676</ItemId>
    </Item>
    <Item>
      <PriceUpdateDate>2025-01-01 21:30:22</PriceUpdateDate>
      <ItemCode>7290119375653</ItemCode>
      <ItemType>1</ItemType>
      <ItemName>קפסולות שיבולת שועל</ItemName>
      <ManufacturerName>שטראוס גרופ</ManufacturerName>
      <ManufactureCountry>איטליה</ManufactureCountry>
      <ManufacturerItemDescription>עלית</ManufacturerItemDescription>
      <UnitQty>גרמים</UnitQty>
      <Quantity>65.00</Quantity>
      <UnitOfMeasure>100 גרם</UnitOfMeasure>
      <bIsWeighted>0</bIsWeighted>
      <QtyInPackage>לא ידוע</QtyInPackage>
      <ItemPrice>19.90</ItemPrice>
      <UnitOfMeasurePrice>0.3062</UnitOfMeasurePrice>
      <AllowDiscount>1</AllowDiscount>
      <ItemStatus>1</ItemStatus>
      <ItemId>105991</ItemId>
    </Item>
    <Item>
      <PriceUpdateDate>2023-05-08 14:23:36</PriceUpdateDate>
      <ItemCode>7290019337102</ItemCode>
      <ItemType>1</ItemType>
      <ItemName>כריות יפניות לשבת יו</ItemName>
      <ManufacturerName>סדובסקי</ManufacturerName>
      <ManufactureCountry>ישראל</ManufactureCountry>
      <ManufacturerItemDescription>כריות יפניות לשבת יו</ManufacturerItemDescription>
      <UnitQty>יח'</UnitQty>
      <Quantity>4.00</Quantity>
      <UnitOfMeasure>יח'</UnitOfMeasure>
      <bIsWeighted>0</bIsWeighted>
      <QtyInPackage>לא ידוע</QtyInPackage>
      <ItemPrice>8.90</ItemPrice>
      <UnitOfMeasurePrice>2.2250</UnitOfMeasurePrice>
      <AllowDiscount>1</AllowDiscount>
      <ItemStatus>1</ItemStatus>
      <ItemId>73913</ItemId>
    </Item>
    <Item>
      <PriceUpdateDate>2025-01-02 08:49:49</PriceUpdateDate>
      <ItemCode>7290109581231</ItemCode>
      <ItemType>1</ItemType>
      <ItemName>כתף בקר מפולפל מעושן</ItemName>
      <ManufacturerName>זוגלובק</ManufacturerName>
      <ManufactureCountry>ישראל</ManufactureCountry>
      <ManufacturerItemDescription>זוגלובק</ManufacturerItemDescription>
      <UnitQty>גרמים</UnitQty>
      <Quantity>160.00</Quantity>
      <UnitOfMeasure>100 גרם</UnitOfMeasure>
      <bIsWeighted>0</bIsWeighted>
      <QtyInPackage>לא ידוע</QtyInPackage>
      <ItemPrice>29.10</ItemPrice>
      <UnitOfMeasurePrice>0.1819</UnitOfMeasurePrice>
      <AllowDiscount>1</AllowDiscount>
      <ItemStatus>1</ItemStatus>
      <ItemId>89740</ItemId>
    </Item>
    <Item>
      <PriceUpdateDate>2025-01-01 21:29:50</PriceUpdateDate>
      <ItemCode>7290115208009</ItemCode>
      <ItemType>1</ItemType>
      <ItemName>ויטמינצ'יק ענבים 1 ל</ItemName>
      <ManufacturerName>אסם</ManufacturerName>
      <ManufactureCountry>ישראל</ManufactureCountry>
      <ManufacturerItemDescription>ויטמינצ'יק ענבים 1 ל</ManufacturerItemDescription>
      <UnitQty>ליטרים</UnitQty>
      <Quantity>1.00</Quantity>
      <UnitOfMeasure>ליטר    </UnitOfMeasure>
      <bIsWeighted>0</bIsWeighted>
      <QtyInPackage>לא ידוע</QtyInPackage>
      <ItemPrice>16.00</ItemPrice>
      <UnitOfMeasurePrice>16.0000</UnitOfMeasurePrice>
      <AllowDiscount>1</AllowDiscount>
      <ItemStatus>1</ItemStatus>
      <ItemId>34783</ItemId>
    </Item>
    <Item>
      <PriceUpdateDate>2025-01-01 21:29:50</PriceUpdateDate>
      <ItemCode>7290115208061</ItemCode>
      <ItemType>1</ItemType>
      <ItemName>ויטמינציק תפוח 1 ליט</ItemName>
      <ManufacturerName>אסם</ManufacturerName>
      <ManufactureCountry>ישראל</ManufactureCountry>
      <ManufacturerItemDescription>ויטמינציק תפוח 1 ליט</ManufacturerItemDescription>
      <UnitQty>ליטרים</UnitQty>
      <Quantity>1.00</Quantity>
      <UnitOfMeasure>ליטר    </UnitOfMeasure>
      <bIsWeighted>0</bIsWeighted>
      <QtyInPackage>לא ידוע</QtyInPackage>
      <ItemPrice>16.00</ItemPrice>
      <UnitOfMeasurePrice>16.0000</UnitOfMeasurePrice>
      <AllowDiscount>1</AllowDiscount>
      <ItemStatus>1</ItemStatus>
      <ItemId>34785</ItemId>
    </Item>
    <Item>
      <PriceUpdateDate>2025-01-26 12:02:37</PriceUpdateDate>
      <ItemCode>7290121290548</ItemCode>
      <ItemType>1</ItemType>
      <ItemName>וינסטון קומפקט ברי ב</ItemName>
      <ManufacturerName>לא ידוע</ManufacturerName>
      <ManufactureCountry>כללי</ManufactureCountry>
      <ManufacturerItemDescription>וינסטון כחול ארוך</ManufacturerItemDescription>
      <UnitQty>יח'</UnitQty>
      <Quantity>1.00</Quantity>
      <UnitOfMeasure>יח'</UnitOfMeasure>
      <bIsWeighted>0</bIsWeighted>
      <QtyInPackage>לא ידוע</QtyInPackage>
      <ItemPrice>37.00</ItemPrice>
      <UnitOfMeasurePrice>37.0000</UnitOfMeasurePrice>
      <AllowDiscount>1</AllowDiscount>
      <ItemStatus>1</ItemStatus>
      <ItemId>105437</ItemId>
    </Item>
    <Item>
      <PriceUpdateDate>2025-01-05 16:22:11</PriceUpdateDate>
      <ItemCode>7290019304593</ItemCode>
      <ItemType>1</ItemType>
      <ItemName>פנקו פרורי לחם צהובי</ItemName>
      <ManufacturerName>qingdao sun growing</ManufacturerName>
      <ManufactureCountry>סין</ManufactureCountry>
      <ManufacturerItemDescription>מזרח ומערב</ManufacturerItemDescription>
      <UnitQty>גרמים</UnitQty>
      <Quantity>200.00</Quantity>
      <UnitOfMeasure>100 גרם</UnitOfMeasure>
      <bIsWeighted>0</bIsWeighted>
      <QtyInPackage>לא ידוע</QtyInPackage>
      <ItemPrice>9.00</ItemPrice>
      <UnitOfMeasurePrice>0.0450</UnitOfMeasurePrice>
      <AllowDiscount>1</AllowDiscount>
      <ItemStatus>1</ItemStatus>
      <ItemId>79923</ItemId>
    </Item>
    <Item>
      <PriceUpdateDate>2023-10-20 06:56:32</PriceUpdateDate>
      <ItemCode>7290019337126</ItemCode>
      <ItemType>1</ItemType>
      <ItemName>מטלית לניקוי והברקת</ItemName>
      <ManufacturerName>סדובסקי</ManufacturerName>
      <ManufactureCountry>סין</ManufactureCountry>
      <ManufacturerItemDescription>מטלית לניקוי והברקת</ManufacturerItemDescription>
      <UnitQty>יח'</UnitQty>
      <Quantity>1.00</Quantity>
      <UnitOfMeasure>יח'</UnitOfMeasure>
      <bIsWeighted>0</bIsWeighted>
      <QtyInPackage>לא ידוע</QtyInPackage>
      <ItemPrice>4.90</ItemPrice>
      <UnitOfMeasurePrice>4.9000</UnitOfMeasurePrice>
      <AllowDiscount>1</AllowDiscount>
      <ItemStatus>1</ItemStatus>
      <ItemId>78586</ItemId>
    </Item>
    <Item>
      <PriceUpdateDate>2025-02-05 13:54:47</PriceUpdateDate>
      <ItemCode>7290116536774</ItemCode>
      <ItemType>1</ItemType>
      <ItemName>קליק אין אאוט במילוי</ItemName>
      <ManufacturerName>אתר צפת חטיפים - Foo</ManufacturerName>
      <ManufactureCountry>ישראל</ManufactureCountry>
      <ManufacturerItemDescription>KLIK</ManufacturerItemDescription>
      <UnitQty>גרמים</UnitQty>
      <Quantity>38.00</Quantity>
      <UnitOfMeasure>100 גרם</UnitOfMeasure>
      <bIsWeighted>0</bIsWeighted>
      <QtyInPackage>לא ידוע</QtyInPackage>
      <ItemPrice>5.90</ItemPrice>
      <UnitOfMeasurePrice>0.1553</UnitOfMeasurePrice>
      <AllowDiscount>1</AllowDiscount>
      <ItemStatus>1</ItemStatus>
      <ItemId>107775</ItemId>
    </Item>
    <Item>
      <PriceUpdateDate>2024-01-30 13:24:07</PriceUpdateDate>
      <ItemCode>7290117035108</ItemCode>
      <ItemType>1</ItemType>
      <ItemName>רדיד אלומיניום ארוך</ItemName>
      <ManufacturerName>לא ידוע</ManufacturerName>
      <ManufactureCountry>סין</ManufactureCountry>
      <ManufacturerItemDescription>רדיד אלומיניום ארוך</ManufacturerItemDescription>
      <UnitQty>מטרים</UnitQty>
      <Quantity>7.50</Quantity>
      <UnitOfMeasure>מטר</UnitOfMeasure>
      <bIsWeighted>0</bIsWeighted>
      <QtyInPackage>לא ידוע</QtyInPackage>
      <ItemPrice>13.90</ItemPrice>
      <UnitOfMeasurePrice>1.8533</UnitOfMeasurePrice>
      <AllowDiscount>1</AllowDiscount>
      <ItemStatus>1</ItemStatus>
      <ItemId>82549</ItemId>
    </Item>
    <Item>
      <PriceUpdateDate>2015-01-01 00:00:00</PriceUpdateDate>
      <ItemCode>88888033</ItemCode>
      <ItemType>0</ItemType>
      <ItemName>חיה יוחננוף ללא מע"מ</ItemName>
      <ManufacturerName>לא ידוע</ManufacturerName>
      <ManufactureCountry>לא ידוע</ManufactureCountry>
      <ManufacturerItemDescription>חיה יוחננוף ללא מע"מ</ManufacturerItemDescription>
      <UnitQty>לא ידוע</UnitQty>
      <Quantity>0.00</Quantity>
      <UnitOfMeasure>לא ידוע</UnitOfMeasure>
      <bIsWeighted>0</bIsWeighted>
      <QtyInPackage>לא ידוע</QtyInPackage>
      <ItemPrice>0.00</ItemPrice>
      <UnitOfMeasurePrice>0.0000</UnitOfMeasurePrice>
      <AllowDiscount>1</AllowDiscount>
      <ItemStatus>1</ItemStatus>
      <ItemId>69503</ItemId>
    </Item>
    <Item>
      <PriceUpdateDate>2025-05-07 16:59:23</PriceUpdateDate>
      <ItemCode>7290116934150</ItemCode>
      <ItemType>1</ItemType>
      <ItemName>משקה שיבולת שועל ללא</ItemName>
      <ManufacturerName>תנובה</ManufacturerName>
      <ManufactureCountry>ישראל</ManufactureCountry>
      <ManufacturerItemDescription>משקה שיבולת שועל ללא</ManufacturerItemDescription>
      <UnitQty>ליטרים</UnitQty>
      <Quantity>1.00</Quantity>
      <UnitOfMeasure>ליטר    </UnitOfMeasure>
      <bIsWeighted>0</bIsWeighted>
      <QtyInPackage>לא ידוע</QtyInPackage>
      <ItemPrice>15.00</ItemPrice>
      <UnitOfMeasurePrice>15.0000</UnitOfMeasurePrice>
      <AllowDiscount>1</AllowDiscount>
      <ItemStatus>1</ItemStatus>
      <ItemId>112020</ItemId>
    </Item>
    <Item>
      <PriceUpdateDate>2023-08-15 14:44:29</PriceUpdateDate>
      <ItemCode>7290002703792</ItemCode>
      <ItemType>1</ItemType>
      <ItemName>סילאן טבעי לחיץ יוחנ</ItemName>
      <ManufacturerName>חקלאות עין חרוד אגש"</ManufacturerName>
      <ManufactureCountry>ישראל</ManufactureCountry>
      <ManufacturerItemDescription>סילאן טבעי לחיץ יוחנ</ManufacturerItemDescription>
      <UnitQty>גרמים</UnitQty>
      <Quantity>385.00</Quantity>
      <UnitOfMeasure>100 גרם</UnitOfMeasure>
      <bIsWeighted>0</bIsWeighted>
      <QtyInPackage>לא ידוע</QtyInPackage>
      <ItemPrice>12.90</ItemPrice>
      <UnitOfMeasurePrice>0.0335</UnitOfMeasurePrice>
      <AllowDiscount>1</AllowDiscount>
      <ItemStatus>1</ItemStatus>
      <ItemId>76632</ItemId>
    </Item>
    <Item>
      <PriceUpdateDate>2015-01-01 00:00:00</PriceUpdateDate>
      <ItemCode>889698475611</ItemCode>
      <ItemType>1</ItemType>
      <ItemName>בובת פופ</ItemName>
      <ManufacturerName>לא ידוע</ManufacturerName>
      <ManufactureCountry>לא ידוע</ManufactureCountry>
      <ManufacturerItemDescription>בובת פופ</ManufacturerItemDescription>
      <UnitQty>יח'</UnitQty>
      <Quantity>1.00</Quantity>
      <UnitOfMeasure>יח'</UnitOfMeasure>
      <bIsWeighted>0</bIsWeighted>
      <QtyInPackage>לא ידוע</QtyInPackage>
      <ItemPrice>0.00</ItemPrice>
      <UnitOfMeasurePrice>0.0000</UnitOfMeasurePrice>
      <AllowDiscount>1</AllowDiscount>
      <ItemStatus>1</ItemStatus>
      <ItemId>115612</ItemId>
    </Item>
    <Item>
      <PriceUpdateDate>2025-07-14 14:13:18</PriceUpdateDate>
      <ItemCode>7290019635208</ItemCode>
      <ItemType>1</ItemType>
      <ItemName>גבינת קממבר  130 גרם</ItemName>
      <ManufacturerName>סאסו פטוראג'י</ManufacturerName>
      <ManufactureCountry>צרפת</ManufactureCountry>
      <ManufacturerItemDescription>גבינת קממבר  130 גרם</ManufacturerItemDescription>
      <UnitQty>גרמים</UnitQty>
      <Quantity>130.00</Quantity>
      <UnitOfMeasure>100 גרם</UnitOfMeasure>
      <bIsWeighted>0</bIsWeighted>
      <QtyInPackage>לא ידוע</QtyInPackage>
      <ItemPrice>18.10</ItemPrice>
      <UnitOfMeasurePrice>0.1392</UnitOfMeasurePrice>
      <AllowDiscount>1</AllowDiscount>
      <ItemStatus>1</ItemStatus>
      <ItemId>100650</ItemId>
    </Item>
    <Item>
      <PriceUpdateDate>2023-12-31 06:13:03</PriceUpdateDate>
      <ItemCode>7290004199579</ItemCode>
      <ItemType>1</ItemType>
      <ItemName>פלסטר "100 "SUNNY PL</ItemName>
      <ManufacturerName>A.U. In</ManufacturerName>
      <ManufactureCountry>סין</ManufactureCountry>
      <ManufacturerItemDescription>סאני פלסטר</ManufacturerItemDescription>
      <UnitQty>יח'</UnitQty>
      <Quantity>100.00</Quantity>
      <UnitOfMeasure>יח'</UnitOfMeasure>
      <bIsWeighted>0</bIsWeighted>
      <QtyInPackage>לא ידוע</QtyInPackage>
      <ItemPrice>9.90</ItemPrice>
      <UnitOfMeasurePrice>0.0990</UnitOfMeasurePrice>
      <AllowDiscount>1</AllowDiscount>
      <ItemStatus>1</ItemStatus>
      <ItemId>35144</ItemId>
    </Item>
    <Item>
      <PriceUpdateDate>2023-08-06 12:16:47</PriceUpdateDate>
      <ItemCode>7290117035030</ItemCode>
      <ItemType>1</ItemType>
      <ItemName>כפפות ניטריל שחורות</ItemName>
      <ManufacturerName>לא ידוע</ManufacturerName>
      <ManufactureCountry>סין</ManufactureCountry>
      <ManufacturerItemDescription>כפפות ניטריל שחורות</ManufacturerItemDescription>
      <UnitQty>יח'</UnitQty>
      <Quantity>100.00</Quantity>
      <UnitOfMeasure>יח'</UnitOfMeasure>
      <bIsWeighted>0</bIsWeighted>
      <QtyInPackage>לא ידוע</QtyInPackage>
      <ItemPrice>19.90</ItemPrice>
      <UnitOfMeasurePrice>0.1990</UnitOfMeasurePrice>
      <AllowDiscount>1</AllowDiscount>
      <ItemStatus>1</ItemStatus>
      <ItemId>73268</ItemId>
    </Item>
    <Item>
      <PriceUpdateDate>2025-01-02 08:49:45</PriceUpdateDate>
      <ItemCode>7290014206977</ItemCode>
      <ItemType>1</ItemType>
      <ItemName>מגש אובלי שקוף 10 יח</ItemName>
      <ManufacturerName>לא ידוע</ManufacturerName>
      <ManufactureCountry>לא ידוע</ManufactureCountry>
      <ManufacturerItemDescription>מגש אובלי שקוף 10 יח</ManufacturerItemDescription>
      <UnitQty>יח'</UnitQty>
      <Quantity>10.00</Quantity>
      <UnitOfMeasure>יח'</UnitOfMeasure>
      <bIsWeighted>0</bIsWeighted>
      <QtyInPackage>לא ידוע</QtyInPackage>
      <ItemPrice>10.00</ItemPrice>
      <UnitOfMeasurePrice>1.0000</UnitOfMeasurePrice>
      <AllowDiscount>1</AllowDiscount>
      <ItemStatus>1</ItemStatus>
      <ItemId>74115</ItemId>
    </Item>
    <Item>
      <PriceUpdateDate>2025-01-01 21:29:44</PriceUpdateDate>
      <ItemCode>4008287051032</ItemCode>
      <ItemType>1</ItemType>
      <ItemName>קרומבאכר פילס פחית 0</ItemName>
      <ManufacturerName>קרומבכר בראורי</ManufacturerName>
      <ManufactureCountry>גרמניה</ManufactureCountry>
      <ManufacturerItemDescription>קרומבאכר פילס פחית 0</ManufacturerItemDescription>
      <UnitQty>מיליליטרים</UnitQty>
      <Quantity>500.00</Quantity>
      <UnitOfMeasure>100 מ"ל</UnitOfMeasure>
      <bIsWeighted>0</bIsWeighted>
      <QtyInPackage>לא ידוע</QtyInPackage>
      <ItemPrice>10.00</ItemPrice>
      <UnitOfMeasurePrice>0.0200</UnitOfMeasurePrice>
      <AllowDiscount>1</AllowDiscount>
      <ItemStatus>1</ItemStatus>
      <ItemId>35260</ItemId>
    </Item>
    <Item>
      <PriceUpdateDate>2025-01-06 18:37:39</PriceUpdateDate>
      <ItemCode>7290008801119</ItemCode>
      <ItemType>1</ItemType>
      <ItemName>סוביניון בלאן סלקטד</ItemName>
      <ManufacturerName>יקבי כרמל</ManufacturerName>
      <ManufactureCountry>ישראל</ManufactureCountry>
      <ManufacturerItemDescription>סלקטד</ManufacturerItemDescription>
      <UnitQty>מיליליטרים</UnitQty>
      <Quantity>750.00</Quantity>
      <UnitOfMeasure>100 מ"ל</UnitOfMeasure>
      <bIsWeighted>0</bIsWeighted>
      <QtyInPackage>לא ידוע</QtyInPackage>
      <ItemPrice>32.90</ItemPrice>
      <UnitOfMeasurePrice>0.0439</UnitOfMeasurePrice>
      <AllowDiscount>1</AllowDiscount>
      <ItemStatus>1</ItemStatus>
      <ItemId>35277</ItemId>
    </Item>
    <Item>
      <PriceUpdateDate>2025-01-20 14:16:52</PriceUpdateDate>
      <ItemCode>7290008801843</ItemCode>
      <ItemType>1</ItemType>
      <ItemName>קברנה סובניון סלקטד</ItemName>
      <ManufacturerName>יקבי כרמל</ManufacturerName>
      <ManufactureCountry>ישראל</ManufactureCountry>
      <ManufacturerItemDescription>סלקטד</ManufacturerItemDescription>
      <UnitQty>מיליליטרים</UnitQty>
      <Quantity>750.00</Quantity>
      <UnitOfMeasure>100 מ"ל</UnitOfMeasure>
      <bIsWeighted>0</bIsWeighted>
      <QtyInPackage>לא ידוע</QtyInPackage>
      <ItemPrice>32.90</ItemPrice>
      <UnitOfMeasurePrice>0.0439</UnitOfMeasurePrice>
      <AllowDiscount>1</AllowDiscount>
      <ItemStatus>1</ItemStatus>
      <ItemId>35285</ItemId>
    </Item>
    <Item>
      <PriceUpdateDate>2024-03-19 14:21:49</PriceUpdateDate>
      <ItemCode>7290017812588</ItemCode>
      <ItemType>1</ItemType>
      <ItemName>תירוש לבן 1 ליטר 100</ItemName>
      <ManufacturerName>יקבי כרמל</ManufacturerName>
      <ManufactureCountry>ישראל</ManufactureCountry>
      <ManufacturerItemDescription>מיץ ענבים</ManufacturerItemDescription>
      <UnitQty>ליטרים</UnitQty>
      <Quantity>1.00</Quantity>
      <UnitOfMeasure>ליטר    </UnitOfMeasure>
      <bIsWeighted>0</bIsWeighted>
      <QtyInPackage>לא ידוע</QtyInPackage>
      <ItemPrice>20.90</ItemPrice>
      <UnitOfMeasurePrice>20.9000</UnitOfMeasurePrice>
      <AllowDiscount>1</AllowDiscount>
      <ItemStatus>1</ItemStatus>
      <ItemId>35366</ItemId>
    </Item>
    <Item>
      <PriceUpdateDate>2024-07-22 17:47:29</PriceUpdateDate>
      <ItemCode>7290019014782</ItemCode>
      <ItemType>1</ItemType>
      <ItemName>מרסס אקונומיקה מבושמ</ItemName>
      <ManufacturerName>לא ידוע</ManufacturerName>
      <ManufactureCountry>ישראל</ManufactureCountry>
      <ManufacturerItemDescription>מרסס אקונומיקה מבושמ</ManufacturerItemDescription>
      <UnitQty>מיליליטרים</UnitQty>
      <Quantity>750.00</Quantity>
      <UnitOfMeasure>100 מ"ל</UnitOfMeasure>
      <bIsWeighted>0</bIsWeighted>
      <QtyInPackage>לא ידוע</QtyInPackage>
      <ItemPrice>14.90</ItemPrice>
      <UnitOfMeasurePrice>0.0199</UnitOfMeasurePrice>
      <AllowDiscount>1</AllowDiscount>
      <ItemStatus>1</ItemStatus>
      <ItemId>96003</ItemId>
    </Item>
    <Item>
      <PriceUpdateDate>2025-02-05 13:54:47</PriceUpdateDate>
      <ItemCode>7290116537375</ItemCode>
      <ItemType>1</ItemType>
      <ItemName>קליק כריות נוגט 65 ג</ItemName>
      <ManufacturerName>אתר צפת חטיפים - Foo</ManufacturerName>
      <ManufactureCountry>לא ידוע</ManufactureCountry>
      <ManufacturerItemDescription>KLIK</ManufacturerItemDescription>
      <UnitQty>יחידה   </UnitQty>
      <Quantity>0.00</Quantity>
      <UnitOfMeasure>יחידה   </UnitOfMeasure>
      <bIsWeighted>0</bIsWeighted>
      <QtyInPackage>לא ידוע</QtyInPackage>
      <ItemPrice>8.90</ItemPrice>
      <UnitOfMeasurePrice>0.0000</UnitOfMeasurePrice>
      <AllowDiscount>1</AllowDiscount>
      <ItemStatus>1</ItemStatus>
      <ItemId>107777</ItemId>
    </Item>
    <Item>
      <PriceUpdateDate>2025-08-04 15:50:23</PriceUpdateDate>
      <ItemCode>7290119373680</ItemCode>
      <ItemType>1</ItemType>
      <ItemName>סלט קולסלואו 250 גרם</ItemName>
      <ManufacturerName>שטראוס גרופ בע"מ</ManufacturerName>
      <ManufactureCountry>ישראל</ManufactureCountry>
      <ManufacturerItemDescription>סלט קולסלואו 250 גרם</ManufacturerItemDescription>
      <UnitQty>גרמים</UnitQty>
      <Quantity>250.00</Quantity>
      <UnitOfMeasure>100 גרם</UnitOfMeasure>
      <bIsWeighted>0</bIsWeighted>
      <QtyInPackage>לא ידוע</QtyInPackage>
      <ItemPrice>11.30</ItemPrice>
      <UnitOfMeasurePrice>0.0452</UnitOfMeasurePrice>
      <AllowDiscount>1</AllowDiscount>
      <ItemStatus>1</ItemStatus>
      <ItemId>97751</ItemId>
    </Item>
    <Item>
      <PriceUpdateDate>2025-06-29 16:59:23</PriceUpdateDate>
      <ItemCode>8718951700857</ItemCode>
      <ItemType>1</ItemType>
      <ItemName>קולגייט מברשת שיניים</ItemName>
      <ManufacturerName>CP- China-SH</ManufacturerName>
      <ManufactureCountry>סין</ManufactureCountry>
      <ManufacturerItemDescription>קולגייט</ManufacturerItemDescription>
      <UnitQty>יח'</UnitQty>
      <Quantity>2.00</Quantity>
      <UnitOfMeasure>יח'</UnitOfMeasure>
      <bIsWeighted>0</bIsWeighted>
      <QtyInPackage>לא ידוע</QtyInPackage>
      <ItemPrice>29.10</ItemPrice>
      <UnitOfMeasurePrice>14.5500</UnitOfMeasurePrice>
      <AllowDiscount>1</AllowDiscount>
      <ItemStatus>1</ItemStatus>
      <ItemId>114711</ItemId>
    </Item>
    <Item>
      <PriceUpdateDate>2025-06-26 16:51:03</PriceUpdateDate>
      <ItemCode>7290112913487</ItemCode>
      <ItemType>1</ItemType>
      <ItemName>מקס ברנר חטיף חלבון</ItemName>
      <ManufacturerName>לא ידוע</ManufacturerName>
      <ManufactureCountry>לא ידוע</ManufactureCountry>
      <ManufacturerItemDescription>מקס ברנר חטיף חלבון</ManufacturerItemDescription>
      <UnitQty>גרמים</UnitQty>
      <Quantity>60.00</Quantity>
      <UnitOfMeasure>100 גרם</UnitOfMeasure>
      <bIsWeighted>0</bIsWeighted>
      <QtyInPackage>לא ידוע</QtyInPackage>
      <ItemPrice>17.90</ItemPrice>
      <UnitOfMeasurePrice>0.2983</UnitOfMeasurePrice>
      <AllowDiscount>1</AllowDiscount>
      <ItemStatus>1</ItemStatus>
      <ItemId>114615</ItemId>
    </Item>
    <Item>
      <PriceUpdateDate>2025-01-01 21:29:28</PriceUpdateDate>
      <ItemCode>7290116932484</ItemCode>
      <ItemType>1</ItemType>
      <ItemName>יוגורט גו במרקם אוור</ItemName>
      <ManufacturerName>תנובה</ManufacturerName>
      <ManufactureCountry>ישראל</ManufactureCountry>
      <ManufacturerItemDescription>יוגורט גו במרקם אוור</ManufacturerItemDescription>
      <UnitQty>גרמים</UnitQty>
      <Quantity>200.00</Quantity>
      <UnitOfMeasure>100 גרם</UnitOfMeasure>
      <bIsWeighted>0</bIsWeighted>
      <QtyInPackage>לא ידוע</QtyInPackage>
      <ItemPrice>6.40</ItemPrice>
      <UnitOfMeasurePrice>0.0320</UnitOfMeasurePrice>
      <AllowDiscount>1</AllowDiscount>
      <ItemStatus>1</ItemStatus>
      <ItemId>78951</ItemId>
    </Item>
    <Item>
      <PriceUpdateDate>2025-12-18 15:49:03</PriceUpdateDate>
      <ItemCode>7290113661400</ItemCode>
      <ItemType>1</ItemType>
      <ItemName>כפית איכותית קשיחה ו</ItemName>
      <ManufacturerName>R.G.E</ManufacturerName>
      <ManufactureCountry>סין</ManufactureCountry>
      <ManufacturerItemDescription>רקפות</ManufacturerItemDescription>
      <UnitQty>100 יח'</UnitQty>
      <Quantity>50.00</Quantity>
      <UnitOfMeasure>100 יח'</UnitOfMeasure>
      <bIsWeighted>0</bIsWeighted>
      <QtyInPackage>לא ידוע</QtyInPackage>
      <ItemPrice>7.90</ItemPrice>
      <UnitOfMeasurePrice>0.1580</UnitOfMeasurePrice>
      <AllowDiscount>1</AllowDiscount>
      <ItemStatus>1</ItemStatus>
      <ItemId>35796</ItemId>
    </Item>
    <Item>
      <PriceUpdateDate>2024-04-07 06:55:05</PriceUpdateDate>
      <ItemCode>7290013144409</ItemCode>
      <ItemType>1</ItemType>
      <ItemName>תמצית אפיה בטעם רום</ItemName>
      <ManufacturerName>מימונס אפיה</ManufacturerName>
      <ManufactureCountry>ישראל</ManufactureCountry>
      <ManufacturerItemDescription>א.ל ייצור ושיווק תבלינים</ManufacturerItemDescription>
      <UnitQty>מיליליטרים</UnitQty>
      <Quantity>50.00</Quantity>
      <UnitOfMeasure>100 מ"ל</UnitOfMeasure>
      <bIsWeighted>0</bIsWeighted>
      <QtyInPackage>לא ידוע</QtyInPackage>
      <ItemPrice>5.30</ItemPrice>
      <UnitOfMeasurePrice>0.1060</UnitOfMeasurePrice>
      <AllowDiscount>1</AllowDiscount>
      <ItemStatus>1</ItemStatus>
      <ItemId>36186</ItemId>
    </Item>
    <Item>
      <PriceUpdateDate>2024-04-07 06:55:05</PriceUpdateDate>
      <ItemCode>7290013145178</ItemCode>
      <ItemType>1</ItemType>
      <ItemName>קוקוס טחון לבן 100 ג</ItemName>
      <ManufacturerName>מימונס אפיה</ManufacturerName>
      <ManufactureCountry>ישראל</ManufactureCountry>
      <ManufacturerItemDescription>א.ל ייצור ושיווק תבלינים</ManufacturerItemDescription>
      <UnitQty>גרמים</UnitQty>
      <Quantity>100.00</Quantity>
      <UnitOfMeasure>100 גרם</UnitOfMeasure>
      <bIsWeighted>0</bIsWeighted>
      <QtyInPackage>לא ידוע</QtyInPackage>
      <ItemPrice>4.90</ItemPrice>
      <UnitOfMeasurePrice>0.0490</UnitOfMeasurePrice>
      <AllowDiscount>1</AllowDiscount>
      <ItemStatus>1</ItemStatus>
      <ItemId>36207</ItemId>
    </Item>
    <Item>
      <PriceUpdateDate>2024-03-06 17:04:34</PriceUpdateDate>
      <ItemCode>16229917654</ItemCode>
      <ItemType>1</ItemType>
      <ItemName>מי קוקוס בתוספת ליצ'</ItemName>
      <ManufacturerName>ויט וורלד קומפני</ManufacturerName>
      <ManufactureCountry>ויטנאם</ManufactureCountry>
      <ManufacturerItemDescription>FOCO</ManufacturerItemDescription>
      <UnitQty>מיליליטרים</UnitQty>
      <Quantity>300.00</Quantity>
      <UnitOfMeasure>100 מ"ל</UnitOfMeasure>
      <bIsWeighted>0</bIsWeighted>
      <QtyInPackage>לא ידוע</QtyInPackage>
      <ItemPrice>9.50</ItemPrice>
      <UnitOfMeasurePrice>0.0317</UnitOfMeasurePrice>
      <AllowDiscount>1</AllowDiscount>
      <ItemStatus>1</ItemStatus>
      <ItemId>36516</ItemId>
    </Item>
    <Item>
      <PriceUpdateDate>2025-01-10 09:42:48</PriceUpdateDate>
      <ItemCode>7290019302612</ItemCode>
      <ItemType>1</ItemType>
      <ItemName>קברנה סובניון חצי יב</ItemName>
      <ManufacturerName>יקבי כרמל</ManufacturerName>
      <ManufactureCountry>ישראל</ManufactureCountry>
      <ManufacturerItemDescription>Private collection</ManufacturerItemDescription>
      <UnitQty>מיליליטרים</UnitQty>
      <Quantity>750.00</Quantity>
      <UnitOfMeasure>100 מ"ל</UnitOfMeasure>
      <bIsWeighted>0</bIsWeighted>
      <QtyInPackage>לא ידוע</QtyInPackage>
      <ItemPrice>45.90</ItemPrice>
      <UnitOfMeasurePrice>0.0612</UnitOfMeasurePrice>
      <AllowDiscount>1</AllowDiscount>
      <ItemStatus>1</ItemStatus>
      <ItemId>75039</ItemId>
    </Item>
    <Item>
      <PriceUpdateDate>2025-01-05 16:22:05</PriceUpdateDate>
      <ItemCode>37600309424</ItemCode>
      <ItemType>1</ItemType>
      <ItemName>חמאת בוטנים סקיפי עם</ItemName>
      <ManufacturerName>הורמל</ManufacturerName>
      <ManufactureCountry>ארצות הברית</ManufactureCountry>
      <ManufacturerItemDescription>סקיפי</ManufacturerItemDescription>
      <UnitQty>גרמים</UnitQty>
      <Quantity>454.00</Quantity>
      <UnitOfMeasure>100 גרם</UnitOfMeasure>
      <bIsWeighted>0</bIsWeighted>
      <QtyInPackage>לא ידוע</QtyInPackage>
      <ItemPrice>24.10</ItemPrice>
      <UnitOfMeasurePrice>0.0531</UnitOfMeasurePrice>
      <AllowDiscount>1</AllowDiscount>
      <ItemStatus>1</ItemStatus>
      <ItemId>74368</ItemId>
    </Item>
    <Item>
      <PriceUpdateDate>2023-11-19 13:05:43</PriceUpdateDate>
      <ItemCode>7290117035160</ItemCode>
      <ItemType>1</ItemType>
      <ItemName>ממחטות נייר דו  שכבת</ItemName>
      <ManufacturerName>לא ידוע</ManufacturerName>
      <ManufactureCountry>סין</ManufactureCountry>
      <ManufacturerItemDescription>ממחטות נייר דו  שכבת</ManufacturerItemDescription>
      <UnitQty>יח'</UnitQty>
      <Quantity>700.00</Quantity>
      <UnitOfMeasure>יח'</UnitOfMeasure>
      <bIsWeighted>0</bIsWeighted>
      <QtyInPackage>לא ידוע</QtyInPackage>
      <ItemPrice>12.90</ItemPrice>
      <UnitOfMeasurePrice>0.0184</UnitOfMeasurePrice>
      <AllowDiscount>1</AllowDiscount>
      <ItemStatus>1</ItemStatus>
      <ItemId>79438</ItemId>
    </Item>
    <Item>
      <PriceUpdateDate>2025-02-26 17:29:45</PriceUpdateDate>
      <ItemCode>7290019337119</ItemCode>
      <ItemType>1</ItemType>
      <ItemName>כיסוי ניילון עם גומי</ItemName>
      <ManufacturerName>לא ידוע</ManufacturerName>
      <ManufactureCountry>סין</ManufactureCountry>
      <ManufacturerItemDescription>כיסוי ניילון עם גומי</ManufacturerItemDescription>
      <UnitQty>יח'</UnitQty>
      <Quantity>30.00</Quantity>
      <UnitOfMeasure>יח'</UnitOfMeasure>
      <bIsWeighted>0</bIsWeighted>
      <QtyInPackage>לא ידוע</QtyInPackage>
      <ItemPrice>5.90</ItemPrice>
      <UnitOfMeasurePrice>0.1967</UnitOfMeasurePrice>
      <AllowDiscount>1</AllowDiscount>
      <ItemStatus>1</ItemStatus>
      <ItemId>78243</ItemId>
    </Item>
    <Item>
      <PriceUpdateDate>2024-01-24 12:36:24</PriceUpdateDate>
      <ItemCode>7501064191527</ItemCode>
      <ItemType>1</ItemType>
      <ItemName>קורונה בקבוק 355 מ"ל</ItemName>
      <ManufacturerName>סרבסריה מודלו</ManufacturerName>
      <ManufactureCountry>מקסיקו</ManufactureCountry>
      <ManufacturerItemDescription>corona extra</ManufacturerItemDescription>
      <UnitQty>ליטרים</UnitQty>
      <Quantity>2.13</Quantity>
      <UnitOfMeasure>ליטר    </UnitOfMeasure>
      <bIsWeighted>0</bIsWeighted>
      <QtyInPackage>לא ידוע</QtyInPackage>
      <ItemPrice>39.90</ItemPrice>
      <UnitOfMeasurePrice>18.7324</UnitOfMeasurePrice>
      <AllowDiscount>1</AllowDiscount>
      <ItemStatus>1</ItemStatus>
      <ItemId>82051</ItemId>
    </Item>
    <Item>
      <PriceUpdateDate>2025-11-30 18:57:06</PriceUpdateDate>
      <ItemCode>8011780009277</ItemCode>
      <ItemType>1</ItemType>
      <ItemName>פסטה פנה ריסקוסה 500</ItemName>
      <ManufacturerName>לא ידוע</ManufacturerName>
      <ManufactureCountry>איטליה</ManufactureCountry>
      <ManufacturerItemDescription>פסטה פנה ריסקוסה 500</ManufacturerItemDescription>
      <UnitQty>גרמים</UnitQty>
      <Quantity>500.00</Quantity>
      <UnitOfMeasure>100 גרם</UnitOfMeasure>
      <bIsWeighted>0</bIsWeighted>
      <QtyInPackage>לא ידוע</QtyInPackage>
      <ItemPrice>5.90</ItemPrice>
      <UnitOfMeasurePrice>0.0118</UnitOfMeasurePrice>
      <AllowDiscount>1</AllowDiscount>
      <ItemStatus>1</ItemStatus>
      <ItemId>79964</ItemId>
    </Item>
    <Item>
      <PriceUpdateDate>2025-05-26 14:45:16</PriceUpdateDate>
      <ItemCode>7290116536255</ItemCode>
      <ItemType>1</ItemType>
      <ItemName>עוגי 500 גרם</ItemName>
      <ManufacturerName>אתר שפע - Food</ManufacturerName>
      <ManufactureCountry>ישראל</ManufactureCountry>
      <ManufacturerItemDescription>TELMA</ManufacturerItemDescription>
      <UnitQty>גרמים</UnitQty>
      <Quantity>500.00</Quantity>
      <UnitOfMeasure>100 גרם</UnitOfMeasure>
      <bIsWeighted>0</bIsWeighted>
      <QtyInPackage>לא ידוע</QtyInPackage>
      <ItemPrice>24.90</ItemPrice>
      <UnitOfMeasurePrice>0.0498</UnitOfMeasurePrice>
      <AllowDiscount>1</AllowDiscount>
      <ItemStatus>1</ItemStatus>
      <ItemId>97755</ItemId>
    </Item>
    <Item>
      <PriceUpdateDate>2025-11-04 18:45:59</PriceUpdateDate>
      <ItemCode>7290112002099</ItemCode>
      <ItemType>0</ItemType>
      <ItemName>ג'ל כביסה בניחוח קלא</ItemName>
      <ManufacturerName>זוהר</ManufacturerName>
      <ManufactureCountry>ישראל</ManufactureCountry>
      <ManufacturerItemDescription>קולון</ManufacturerItemDescription>
      <UnitQty>ליטרים</UnitQty>
      <Quantity>2.50</Quantity>
      <UnitOfMeasure>ליטר    </UnitOfMeasure>
      <bIsWeighted>0</bIsWeighted>
      <QtyInPackage>לא ידוע</QtyInPackage>
      <ItemPrice>29.90</ItemPrice>
      <UnitOfMeasurePrice>11.9600</UnitOfMeasurePrice>
      <AllowDiscount>1</AllowDiscount>
      <ItemStatus>1</ItemStatus>
      <ItemId>37171</ItemId>
    </Item>
    <Item>
      <PriceUpdateDate>2025-08-03 13:15:49</PriceUpdateDate>
      <ItemCode>7290110573058</ItemCode>
      <ItemType>1</ItemType>
      <ItemName>סימפוניה  5%  עירית</ItemName>
      <ManufacturerName>שטראוס גרופ</ManufacturerName>
      <ManufactureCountry>ישראל</ManufactureCountry>
      <ManufacturerItemDescription>שטראוס</ManufacturerItemDescription>
      <UnitQty>גרמים</UnitQty>
      <Quantity>200.00</Quantity>
      <UnitOfMeasure>100 גרם</UnitOfMeasure>
      <bIsWeighted>0</bIsWeighted>
      <QtyInPackage>לא ידוע</QtyInPackage>
      <ItemPrice>12.00</ItemPrice>
      <UnitOfMeasurePrice>0.0600</UnitOfMeasurePrice>
      <AllowDiscount>1</AllowDiscount>
      <ItemStatus>1</ItemStatus>
      <ItemId>116423</ItemId>
    </Item>
    <Item>
      <PriceUpdateDate>2025-11-04 18:41:32</PriceUpdateDate>
      <ItemCode>7290119389889</ItemCode>
      <ItemType>1</ItemType>
      <ItemName>פטוצ'יני פסטה טרייה</ItemName>
      <ManufacturerName>דה אנג'ליס</ManufacturerName>
      <ManufactureCountry>איטליה</ManufactureCountry>
      <ManufacturerItemDescription>פטוצ'יני פסטה טרייה</ManufacturerItemDescription>
      <UnitQty>גרמים</UnitQty>
      <Quantity>400.00</Quantity>
      <UnitOfMeasure>100 גרם</UnitOfMeasure>
      <bIsWeighted>0</bIsWeighted>
      <QtyInPackage>לא ידוע</QtyInPackage>
      <ItemPrice>24.90</ItemPrice>
      <UnitOfMeasurePrice>0.0622</UnitOfMeasurePrice>
      <AllowDiscount>1</AllowDiscount>
      <ItemStatus>1</ItemStatus>
      <ItemId>119881</ItemId>
    </Item>
    <Item>
      <PriceUpdateDate>2025-01-02 15:56:55</PriceUpdateDate>
      <ItemCode>7290000137513</ItemCode>
      <ItemType>1</ItemType>
      <ItemName>גלידונית בטעם וניל ב</ItemName>
      <ManufacturerName>גלידות שטראוס</ManufacturerName>
      <ManufactureCountry>ישראל</ManufactureCountry>
      <ManufacturerItemDescription>קרמיסימו</ManufacturerItemDescription>
      <UnitQty>מיליליטרים</UnitQty>
      <Quantity>950.00</Quantity>
      <UnitOfMeasure>100 מ"ל</UnitOfMeasure>
      <bIsWeighted>0</bIsWeighted>
      <QtyInPackage>לא ידוע</QtyInPackage>
      <ItemPrice>52.30</ItemPrice>
      <UnitOfMeasurePrice>0.0551</UnitOfMeasurePrice>
      <AllowDiscount>1</AllowDiscount>
      <ItemStatus>1</ItemStatus>
      <ItemId>37260</ItemId>
    </Item>
    <Item>
      <PriceUpdateDate>2025-01-06 18:38:51</PriceUpdateDate>
      <ItemCode>7290019870470</ItemCode>
      <ItemType>1</ItemType>
      <ItemName>עוגיות סנדוויץ עם קר</ItemName>
      <ManufacturerName>ארלוי</ManufacturerName>
      <ManufactureCountry>ספרד</ManufactureCountry>
      <ManufacturerItemDescription>צ'וקטה</ManufacturerItemDescription>
      <UnitQty>גרמים</UnitQty>
      <Quantity>176.00</Quantity>
      <UnitOfMeasure>100 גרם</UnitOfMeasure>
      <bIsWeighted>0</bIsWeighted>
      <QtyInPackage>לא ידוע</QtyInPackage>
      <ItemPrice>8.00</ItemPrice>
      <UnitOfMeasurePrice>0.0455</UnitOfMeasurePrice>
      <AllowDiscount>1</AllowDiscount>
      <ItemStatus>1</ItemStatus>
      <ItemId>97757</ItemId>
    </Item>
    <Item>
      <PriceUpdateDate>2025-01-06 18:38:48</PriceUpdateDate>
      <ItemCode>7290006681553</ItemCode>
      <ItemType>1</ItemType>
      <ItemName>קרמבו וניל 1/8</ItemName>
      <ManufacturerName>גלידות שטראוס</ManufacturerName>
      <ManufactureCountry>ישראל</ManufactureCountry>
      <ManufacturerItemDescription>שטראוס</ManufacturerItemDescription>
      <UnitQty>יח'</UnitQty>
      <Quantity>8.00</Quantity>
      <UnitOfMeasure>יח'</UnitOfMeasure>
      <bIsWeighted>0</bIsWeighted>
      <QtyInPackage>לא ידוע</QtyInPackage>
      <ItemPrice>19.10</ItemPrice>
      <UnitOfMeasurePrice>2.3875</UnitOfMeasurePrice>
      <AllowDiscount>1</AllowDiscount>
      <ItemStatus>1</ItemStatus>
      <ItemId>37281</ItemId>
    </Item>
    <Item>
      <PriceUpdateDate>2025-01-06 18:38:49</PriceUpdateDate>
      <ItemCode>7290006681560</ItemCode>
      <ItemType>1</ItemType>
      <ItemName>קרמבו מוקה  1/8</ItemName>
      <ManufacturerName>גלידות שטראוס</ManufacturerName>
      <ManufactureCountry>ישראל</ManufactureCountry>
      <ManufacturerItemDescription>שטראוס</ManufacturerItemDescription>
      <UnitQty>יח'</UnitQty>
      <Quantity>8.00</Quantity>
      <UnitOfMeasure>יח'</UnitOfMeasure>
      <bIsWeighted>0</bIsWeighted>
      <QtyInPackage>לא ידוע</QtyInPackage>
      <ItemPrice>19.10</ItemPrice>
      <UnitOfMeasurePrice>2.3875</UnitOfMeasurePrice>
      <AllowDiscount>1</AllowDiscount>
      <ItemStatus>1</ItemStatus>
      <ItemId>37282</ItemId>
    </Item>
    <Item>
      <PriceUpdateDate>2025-01-02 15:57:02</PriceUpdateDate>
      <ItemCode>7290112498915</ItemCode>
      <ItemType>1</ItemType>
      <ItemName>מיני מגנום שקדים מוב</ItemName>
      <ManufacturerName>גלידות שטראוס</ManufacturerName>
      <ManufactureCountry>ישראל</ManufactureCountry>
      <ManufacturerItemDescription>מגנום</ManufacturerItemDescription>
      <UnitQty>גרמים</UnitQty>
      <Quantity>250.00</Quantity>
      <UnitOfMeasure>100 גרם</UnitOfMeasure>
      <bIsWeighted>0</bIsWeighted>
      <QtyInPackage>לא ידוע</QtyInPackage>
      <ItemPrice>30.20</ItemPrice>
      <UnitOfMeasurePrice>0.1208</UnitOfMeasurePrice>
      <AllowDiscount>1</AllowDiscount>
      <ItemStatus>1</ItemStatus>
      <ItemId>37320</ItemId>
    </Item>
    <Item>
      <PriceUpdateDate>2025-01-02 15:57:02</PriceUpdateDate>
      <ItemCode>7290112498922</ItemCode>
      <ItemType>1</ItemType>
      <ItemName>מיני מגנום לבן</ItemName>
      <ManufacturerName>גלידות שטראוס</ManufacturerName>
      <ManufactureCountry>ישראל</ManufactureCountry>
      <ManufacturerItemDescription>מגנום</ManufacturerItemDescription>
      <UnitQty>גרמים</UnitQty>
      <Quantity>250.00</Quantity>
      <UnitOfMeasure>100 גרם</UnitOfMeasure>
      <bIsWeighted>0</bIsWeighted>
      <QtyInPackage>לא ידוע</QtyInPackage>
      <ItemPrice>30.20</ItemPrice>
      <UnitOfMeasurePrice>0.1208</UnitOfMeasurePrice>
      <AllowDiscount>1</AllowDiscount>
      <ItemStatus>1</ItemStatus>
      <ItemId>37321</ItemId>
    </Item>
    <Item>
      <PriceUpdateDate>2025-06-26 16:51:03</PriceUpdateDate>
      <ItemCode>7290112914811</ItemCode>
      <ItemType>1</ItemType>
      <ItemName>מקס ברנר חטיף חלבון</ItemName>
      <ManufacturerName>מקס ברנר</ManufacturerName>
      <ManufactureCountry>ישראל</ManufactureCountry>
      <ManufacturerItemDescription>מקס ברנר חטיף חלבון</ManufacturerItemDescription>
      <UnitQty>גרמים</UnitQty>
      <Quantity>60.00</Quantity>
      <UnitOfMeasure>100 גרם</UnitOfMeasure>
      <bIsWeighted>0</bIsWeighted>
      <QtyInPackage>לא ידוע</QtyInPackage>
      <ItemPrice>17.90</ItemPrice>
      <UnitOfMeasurePrice>0.2983</UnitOfMeasurePrice>
      <AllowDiscount>1</AllowDiscount>
      <ItemStatus>1</ItemStatus>
      <ItemId>114616</ItemId>
    </Item>
    <Item>
      <PriceUpdateDate>2025-05-20 15:10:11</PriceUpdateDate>
      <ItemCode>7290116534619</ItemCode>
      <ItemType>1</ItemType>
      <ItemName>גרנולה בתוספת חלבון</ItemName>
      <ManufacturerName>תלמה</ManufacturerName>
      <ManufactureCountry>ישראל</ManufactureCountry>
      <ManufacturerItemDescription>גרנולה בתוספת חלבון</ManufacturerItemDescription>
      <UnitQty>גרמים</UnitQty>
      <Quantity>285.00</Quantity>
      <UnitOfMeasure>100 גרם</UnitOfMeasure>
      <bIsWeighted>0</bIsWeighted>
      <QtyInPackage>לא ידוע</QtyInPackage>
      <ItemPrice>18.90</ItemPrice>
      <UnitOfMeasurePrice>0.0663</UnitOfMeasurePrice>
      <AllowDiscount>1</AllowDiscount>
      <ItemStatus>1</ItemStatus>
      <ItemId>80381</ItemId>
    </Item>
    <Item>
      <PriceUpdateDate>2025-01-02 15:57:02</PriceUpdateDate>
      <ItemCode>7290112499776</ItemCode>
      <ItemType>1</ItemType>
      <ItemName>מאגדת חמישיית גודיז</ItemName>
      <ManufacturerName>גלידות שטראוס</ManufacturerName>
      <ManufactureCountry>ישראל</ManufactureCountry>
      <ManufacturerItemDescription>שטראוס</ManufacturerItemDescription>
      <UnitQty>מיליליטרים</UnitQty>
      <Quantity>350.00</Quantity>
      <UnitOfMeasure>100 מ"ל</UnitOfMeasure>
      <bIsWeighted>0</bIsWeighted>
      <QtyInPackage>לא ידוע</QtyInPackage>
      <ItemPrice>27.10</ItemPrice>
      <UnitOfMeasurePrice>0.0774</UnitOfMeasurePrice>
      <AllowDiscount>1</AllowDiscount>
      <ItemStatus>1</ItemStatus>
      <ItemId>37335</ItemId>
    </Item>
    <Item>
      <PriceUpdateDate>2025-01-02 15:57:02</PriceUpdateDate>
      <ItemCode>7290112499943</ItemCode>
      <ItemType>1</ItemType>
      <ItemName>מאגדת חמישיית מיני מ</ItemName>
      <ManufacturerName>גלידות שטראוס</ManufacturerName>
      <ManufactureCountry>ישראל</ManufactureCountry>
      <ManufacturerItemDescription>מגנום</ManufacturerItemDescription>
      <UnitQty>גרמים</UnitQty>
      <Quantity>250.00</Quantity>
      <UnitOfMeasure>100 גרם</UnitOfMeasure>
      <bIsWeighted>0</bIsWeighted>
      <QtyInPackage>לא ידוע</QtyInPackage>
      <ItemPrice>30.20</ItemPrice>
      <UnitOfMeasurePrice>0.1208</UnitOfMeasurePrice>
      <AllowDiscount>1</AllowDiscount>
      <ItemStatus>1</ItemStatus>
      <ItemId>37340</ItemId>
    </Item>
    <Item>
      <PriceUpdateDate>2025-01-02 15:57:02</PriceUpdateDate>
      <ItemCode>7290116532271</ItemCode>
      <ItemType>1</ItemType>
      <ItemName>מאגדת גודיז סנדוויץ'</ItemName>
      <ManufacturerName>גלידות שטראוס</ManufacturerName>
      <ManufactureCountry>ישראל</ManufactureCountry>
      <ManufacturerItemDescription>שטראוס</ManufacturerItemDescription>
      <UnitQty>גרמים</UnitQty>
      <Quantity>270.00</Quantity>
      <UnitOfMeasure>100 גרם</UnitOfMeasure>
      <bIsWeighted>0</bIsWeighted>
      <QtyInPackage>לא ידוע</QtyInPackage>
      <ItemPrice>30.20</ItemPrice>
      <UnitOfMeasurePrice>0.1119</UnitOfMeasurePrice>
      <AllowDiscount>1</AllowDiscount>
      <ItemStatus>1</ItemStatus>
      <ItemId>37350</ItemId>
    </Item>
    <Item>
      <PriceUpdateDate>2023-10-08 06:38:55</PriceUpdateDate>
      <ItemCode>5904941751302</ItemCode>
      <ItemType>1</ItemType>
      <ItemName>משקה אנרגיה בלו</ItemName>
      <ManufacturerName>אקוביט</ManufacturerName>
      <ManufactureCountry>פולין</ManufactureCountry>
      <ManufacturerItemDescription>בלו</ManufacturerItemDescription>
      <UnitQty>מיליליטרים</UnitQty>
      <Quantity>250.00</Quantity>
      <UnitOfMeasure>100 מ"ל</UnitOfMeasure>
      <bIsWeighted>0</bIsWeighted>
      <QtyInPackage>לא ידוע</QtyInPackage>
      <ItemPrice>3.90</ItemPrice>
      <UnitOfMeasurePrice>0.0156</UnitOfMeasurePrice>
      <AllowDiscount>1</AllowDiscount>
      <ItemStatus>1</ItemStatus>
      <ItemId>37371</ItemId>
    </Item>
    <Item>
      <PriceUpdateDate>2025-03-10 15:27:35</PriceUpdateDate>
      <ItemCode>8714789733159</ItemCode>
      <ItemType>1</ItemType>
      <ItemName>פלמוליב חלב ודבש 500</ItemName>
      <ManufacturerName>CP - Turkey+60</ManufacturerName>
      <ManufactureCountry>תורכיה</ManufactureCountry>
      <ManufacturerItemDescription>פלמוליב סבון</ManufacturerItemDescription>
      <UnitQty>מיליליטרים</UnitQty>
      <Quantity>500.00</Quantity>
      <UnitOfMeasure>100 מ"ל</UnitOfMeasure>
      <bIsWeighted>0</bIsWeighted>
      <QtyInPackage>לא ידוע</QtyInPackage>
      <ItemPrice>17.00</ItemPrice>
      <UnitOfMeasurePrice>0.0340</UnitOfMeasurePrice>
      <AllowDiscount>1</AllowDiscount>
      <ItemStatus>1</ItemStatus>
      <ItemId>109322</ItemId>
    </Item>
    <Item>
      <PriceUpdateDate>2025-01-20 16:31:17</PriceUpdateDate>
      <ItemCode>7394376621451</ItemCode>
      <ItemType>1</ItemType>
      <ItemName>אוטלי משקה שיבולת שו</ItemName>
      <ManufacturerName>טרנסומס פוד</ManufacturerName>
      <ManufactureCountry>שוודיה</ManufactureCountry>
      <ManufacturerItemDescription>אוטלי</ManufacturerItemDescription>
      <UnitQty>ליטרים</UnitQty>
      <Quantity>1.00</Quantity>
      <UnitOfMeasure>ליטר    </UnitOfMeasure>
      <bIsWeighted>0</bIsWeighted>
      <QtyInPackage>לא ידוע</QtyInPackage>
      <ItemPrice>17.90</ItemPrice>
      <UnitOfMeasurePrice>17.9000</UnitOfMeasurePrice>
      <AllowDiscount>1</AllowDiscount>
      <ItemStatus>1</ItemStatus>
      <ItemId>84082</ItemId>
    </Item>
    <Item>
      <PriceUpdateDate>2025-02-10 14:19:38</PriceUpdateDate>
      <ItemCode>7290002019787</ItemCode>
      <ItemType>1</ItemType>
      <ItemName>רוטב עגבניות פרי ניר</ItemName>
      <ManufacturerName>פריניר</ManufacturerName>
      <ManufactureCountry>ישראל</ManufactureCountry>
      <ManufacturerItemDescription>פריניר</ManufacturerItemDescription>
      <UnitQty>גרמים</UnitQty>
      <Quantity>260.00</Quantity>
      <UnitOfMeasure>100 גרם</UnitOfMeasure>
      <bIsWeighted>0</bIsWeighted>
      <QtyInPackage>לא ידוע</QtyInPackage>
      <ItemPrice>4.90</ItemPrice>
      <UnitOfMeasurePrice>0.0188</UnitOfMeasurePrice>
      <AllowDiscount>1</AllowDiscount>
      <ItemStatus>1</ItemStatus>
      <ItemId>37593</ItemId>
    </Item>
    <Item>
      <PriceUpdateDate>2025-02-10 14:19:38</PriceUpdateDate>
      <ItemCode>7290002019794</ItemCode>
      <ItemType>1</ItemType>
      <ItemName>רוטב עגבניות פרי ניר</ItemName>
      <ManufacturerName>פריניר</ManufacturerName>
      <ManufactureCountry>ישראל</ManufactureCountry>
      <ManufacturerItemDescription>פריניר</ManufacturerItemDescription>
      <UnitQty>גרמים</UnitQty>
      <Quantity>100.00</Quantity>
      <UnitOfMeasure>100 גרם</UnitOfMeasure>
      <bIsWeighted>0</bIsWeighted>
      <QtyInPackage>לא ידוע</QtyInPackage>
      <ItemPrice>2.90</ItemPrice>
      <UnitOfMeasurePrice>0.0290</UnitOfMeasurePrice>
      <AllowDiscount>1</AllowDiscount>
      <ItemStatus>1</ItemStatus>
      <ItemId>37594</ItemId>
    </Item>
    <Item>
      <PriceUpdateDate>2025-02-10 14:19:38</PriceUpdateDate>
      <ItemCode>7290016087222</ItemCode>
      <ItemType>1</ItemType>
      <ItemName>רוטב עגבניות פרי ניר</ItemName>
      <ManufacturerName>פרי ניב</ManufacturerName>
      <ManufactureCountry>ישראל</ManufactureCountry>
      <ManufacturerItemDescription>פרי ניר</ManufacturerItemDescription>
      <UnitQty>גרמים</UnitQty>
      <Quantity>230.00</Quantity>
      <UnitOfMeasure>100 גרם</UnitOfMeasure>
      <bIsWeighted>0</bIsWeighted>
      <QtyInPackage>לא ידוע</QtyInPackage>
      <ItemPrice>5.90</ItemPrice>
      <UnitOfMeasurePrice>0.0257</UnitOfMeasurePrice>
      <AllowDiscount>1</AllowDiscount>
      <ItemStatus>1</ItemStatus>
      <ItemId>37737</ItemId>
    </Item>
    <Item>
      <PriceUpdateDate>2025-12-14 17:08:59</PriceUpdateDate>
      <ItemCode>4815087000456</ItemCode>
      <ItemType>1</ItemType>
      <ItemName>שמן קנולה 1 ליטר</ItemName>
      <ManufacturerName>לא ידוע</ManufacturerName>
      <ManufactureCountry>אסטוניה</ManufactureCountry>
      <ManufacturerItemDescription>יוחננוף</ManufacturerItemDescription>
      <UnitQty>ליטרים</UnitQty>
      <Quantity>1.00</Quantity>
      <UnitOfMeasure>ליטר    </UnitOfMeasure>
      <bIsWeighted>0</bIsWeighted>
      <QtyInPackage>לא ידוע</QtyInPackage>
      <ItemPrice>9.50</ItemPrice>
      <UnitOfMeasurePrice>9.5000</UnitOfMeasurePrice>
      <AllowDiscount>1</AllowDiscount>
      <ItemStatus>1</ItemStatus>
      <ItemId>121531</ItemId>
    </Item>
    <Item>
      <PriceUpdateDate>2023-12-04 06:10:47</PriceUpdateDate>
      <ItemCode>7290117765951</ItemCode>
      <ItemType>1</ItemType>
      <ItemName>פתיבר יוחננוף 500 גר</ItemName>
      <ManufacturerName>לא ידוע</ManufacturerName>
      <ManufactureCountry>תורכיה</ManufactureCountry>
      <ManufacturerItemDescription>פתיבר יוחננוף 500 גר</ManufacturerItemDescription>
      <UnitQty>גרמים</UnitQty>
      <Quantity>500.00</Quantity>
      <UnitOfMeasure>100 גרם</UnitOfMeasure>
      <bIsWeighted>0</bIsWeighted>
      <QtyInPackage>לא ידוע</QtyInPackage>
      <ItemPrice>6.90</ItemPrice>
      <UnitOfMeasurePrice>0.0138</UnitOfMeasurePrice>
      <AllowDiscount>1</AllowDiscount>
      <ItemStatus>1</ItemStatus>
      <ItemId>79938</ItemId>
    </Item>
    <Item>
      <PriceUpdateDate>2025-11-30 18:57:06</PriceUpdateDate>
      <ItemCode>8011780009505</ItemCode>
      <ItemType>1</ItemType>
      <ItemName>פסטה ספירלי ריסקוסה</ItemName>
      <ManufacturerName>לא ידוע</ManufacturerName>
      <ManufactureCountry>איטליה</ManufactureCountry>
      <ManufacturerItemDescription>פסטה ספירלי ריסקוסה</ManufacturerItemDescription>
      <UnitQty>גרמים</UnitQty>
      <Quantity>500.00</Quantity>
      <UnitOfMeasure>100 גרם</UnitOfMeasure>
      <bIsWeighted>0</bIsWeighted>
      <QtyInPackage>לא ידוע</QtyInPackage>
      <ItemPrice>5.90</ItemPrice>
      <UnitOfMeasurePrice>0.0118</UnitOfMeasurePrice>
      <AllowDiscount>1</AllowDiscount>
      <ItemStatus>1</ItemStatus>
      <ItemId>79966</ItemId>
    </Item>
    <Item>
      <PriceUpdateDate>2024-11-10 12:09:54</PriceUpdateDate>
      <ItemCode>7290116536316</ItemCode>
      <ItemType>1</ItemType>
      <ItemName>בדין אקסטרה פלוס ביי</ItemName>
      <ManufacturerName>יוניליוור</ManufacturerName>
      <ManufactureCountry>ישראל</ManufactureCountry>
      <ManufacturerItemDescription>BADIN</ManufacturerItemDescription>
      <UnitQty>מיליליטרים</UnitQty>
      <Quantity>960.00</Quantity>
      <UnitOfMeasure>100 מ"ל</UnitOfMeasure>
      <bIsWeighted>0</bIsWeighted>
      <QtyInPackage>לא ידוע</QtyInPackage>
      <ItemPrice>18.90</ItemPrice>
      <UnitOfMeasurePrice>0.0197</UnitOfMeasurePrice>
      <AllowDiscount>1</AllowDiscount>
      <ItemStatus>1</ItemStatus>
      <ItemId>102982</ItemId>
    </Item>
    <Item>
      <PriceUpdateDate>2025-01-01 21:30:17</PriceUpdateDate>
      <ItemCode>7290017928036</ItemCode>
      <ItemType>1</ItemType>
      <ItemName>מקלות גריסיני שומשום</ItemName>
      <ManufacturerName>מאיר בייגל</ManufacturerName>
      <ManufactureCountry>ישראל</ManufactureCountry>
      <ManufacturerItemDescription>מאיר בייגל</ManufacturerItemDescription>
      <UnitQty>גרמים</UnitQty>
      <Quantity>175.00</Quantity>
      <UnitOfMeasure>100 גרם</UnitOfMeasure>
      <bIsWeighted>0</bIsWeighted>
      <QtyInPackage>לא ידוע</QtyInPackage>
      <ItemPrice>12.00</ItemPrice>
      <UnitOfMeasurePrice>0.0686</UnitOfMeasurePrice>
      <AllowDiscount>1</AllowDiscount>
      <ItemStatus>1</ItemStatus>
      <ItemId>38015</ItemId>
    </Item>
    <Item>
      <PriceUpdateDate>2025-01-05 16:22:11</PriceUpdateDate>
      <ItemCode>7290017928043</ItemCode>
      <ItemType>1</ItemType>
      <ItemName>גריסיני קראנץ' עם מל</ItemName>
      <ManufacturerName>מאיר בייגל</ManufacturerName>
      <ManufactureCountry>ישראל</ManufactureCountry>
      <ManufacturerItemDescription>מאיר בייגל</ManufacturerItemDescription>
      <UnitQty>גרמים</UnitQty>
      <Quantity>175.00</Quantity>
      <UnitOfMeasure>100 גרם</UnitOfMeasure>
      <bIsWeighted>0</bIsWeighted>
      <QtyInPackage>לא ידוע</QtyInPackage>
      <ItemPrice>12.00</ItemPrice>
      <UnitOfMeasurePrice>0.0686</UnitOfMeasurePrice>
      <AllowDiscount>1</AllowDiscount>
      <ItemStatus>1</ItemStatus>
      <ItemId>38016</ItemId>
    </Item>
    <Item>
      <PriceUpdateDate>2025-09-01 13:02:01</PriceUpdateDate>
      <ItemCode>7290017928098</ItemCode>
      <ItemType>1</ItemType>
      <ItemName>בייגלה שטוחלה מלח 33</ItemName>
      <ManufacturerName>מאיר בייגל</ManufacturerName>
      <ManufactureCountry>ישראל</ManufactureCountry>
      <ManufacturerItemDescription>מאיר בייגל</ManufacturerItemDescription>
      <UnitQty>גרמים</UnitQty>
      <Quantity>330.00</Quantity>
      <UnitOfMeasure>100 גרם</UnitOfMeasure>
      <bIsWeighted>0</bIsWeighted>
      <QtyInPackage>לא ידוע</QtyInPackage>
      <ItemPrice>12.00</ItemPrice>
      <UnitOfMeasurePrice>0.0364</UnitOfMeasurePrice>
      <AllowDiscount>1</AllowDiscount>
      <ItemStatus>1</ItemStatus>
      <ItemId>38017</ItemId>
    </Item>
    <Item>
      <PriceUpdateDate>2025-09-01 13:02:01</PriceUpdateDate>
      <ItemCode>7290017928616</ItemCode>
      <ItemType>1</ItemType>
      <ItemName>בייגלה שטוחלה שומשום</ItemName>
      <ManufacturerName>מאיר בייגל</ManufacturerName>
      <ManufactureCountry>ישראל</ManufactureCountry>
      <ManufacturerItemDescription>מאיר בייגל</ManufacturerItemDescription>
      <UnitQty>גרמים</UnitQty>
      <Quantity>300.00</Quantity>
      <UnitOfMeasure>100 גרם</UnitOfMeasure>
      <bIsWeighted>0</bIsWeighted>
      <QtyInPackage>לא ידוע</QtyInPackage>
      <ItemPrice>12.00</ItemPrice>
      <UnitOfMeasurePrice>0.0400</UnitOfMeasurePrice>
      <AllowDiscount>1</AllowDiscount>
      <ItemStatus>1</ItemStatus>
      <ItemId>38023</ItemId>
    </Item>
    <Item>
      <PriceUpdateDate>2025-09-01 13:02:01</PriceUpdateDate>
      <ItemCode>7290017928685</ItemCode>
      <ItemType>1</ItemType>
      <ItemName>בייגלה שמיניות מלח 4</ItemName>
      <ManufacturerName>מאיר בייגל</ManufacturerName>
      <ManufactureCountry>ישראל</ManufactureCountry>
      <ManufacturerItemDescription>מאיר בייגל</ManufacturerItemDescription>
      <UnitQty>גרמים</UnitQty>
      <Quantity>400.00</Quantity>
      <UnitOfMeasure>100 גרם</UnitOfMeasure>
      <bIsWeighted>0</bIsWeighted>
      <QtyInPackage>לא ידוע</QtyInPackage>
      <ItemPrice>12.00</ItemPrice>
      <UnitOfMeasurePrice>0.0300</UnitOfMeasurePrice>
      <AllowDiscount>1</AllowDiscount>
      <ItemStatus>1</ItemStatus>
      <ItemId>38026</ItemId>
    </Item>
    <Item>
      <PriceUpdateDate>2025-01-02 08:49:36</PriceUpdateDate>
      <ItemCode>3014260289287</ItemCode>
      <ItemType>1</ItemType>
      <ItemName>סכיני בלו 2 נשים חמי</ItemName>
      <ManufacturerName>פרוקטר אנד גמבל</ManufacturerName>
      <ManufactureCountry>פולין</ManufactureCountry>
      <ManufacturerItemDescription>Gillette</ManufacturerItemDescription>
      <UnitQty>יח'</UnitQty>
      <Quantity>5.00</Quantity>
      <UnitOfMeasure>יח'</UnitOfMeasure>
      <bIsWeighted>0</bIsWeighted>
      <QtyInPackage>לא ידוע</QtyInPackage>
      <ItemPrice>16.00</ItemPrice>
      <UnitOfMeasurePrice>3.2000</UnitOfMeasurePrice>
      <AllowDiscount>1</AllowDiscount>
      <ItemStatus>1</ItemStatus>
      <ItemId>38087</ItemId>
    </Item>
    <Item>
      <PriceUpdateDate>2025-01-02 08:49:53</PriceUpdateDate>
      <ItemCode>8001841625362</ItemCode>
      <ItemType>1</ItemType>
      <ItemName>פיירי פלטינום לימון</ItemName>
      <ManufacturerName>פרוקטר אנד גמבל</ManufacturerName>
      <ManufactureCountry>אנגליה</ManufactureCountry>
      <ManufacturerItemDescription>פיירי</ManufacturerItemDescription>
      <UnitQty>מיליליטרים</UnitQty>
      <Quantity>780.00</Quantity>
      <UnitOfMeasure>100 מ"ל</UnitOfMeasure>
      <bIsWeighted>0</bIsWeighted>
      <QtyInPackage>לא ידוע</QtyInPackage>
      <ItemPrice>16.00</ItemPrice>
      <UnitOfMeasurePrice>0.0205</UnitOfMeasurePrice>
      <AllowDiscount>1</AllowDiscount>
      <ItemStatus>1</ItemStatus>
      <ItemId>38475</ItemId>
    </Item>
    <Item>
      <PriceUpdateDate>2025-08-26 13:12:13</PriceUpdateDate>
      <ItemCode>8718951111035</ItemCode>
      <ItemType>1</ItemType>
      <ItemName>מברשות שיניים קולגיי</ItemName>
      <ManufacturerName>CP- China-SH</ManufacturerName>
      <ManufactureCountry>סין</ManufactureCountry>
      <ManufacturerItemDescription>קולגייט</ManufacturerItemDescription>
      <UnitQty>יח'</UnitQty>
      <Quantity>4.00</Quantity>
      <UnitOfMeasure>יח'</UnitOfMeasure>
      <bIsWeighted>0</bIsWeighted>
      <QtyInPackage>לא ידוע</QtyInPackage>
      <ItemPrice>13.00</ItemPrice>
      <UnitOfMeasurePrice>3.2500</UnitOfMeasurePrice>
      <AllowDiscount>1</AllowDiscount>
      <ItemStatus>1</ItemStatus>
      <ItemId>117712</ItemId>
    </Item>
    <Item>
      <PriceUpdateDate>2025-01-07 17:15:49</PriceUpdateDate>
      <ItemCode>8006540491539</ItemCode>
      <ItemType>1</ItemType>
      <ItemName>פיירי פלטינום אורגינ</ItemName>
      <ManufacturerName>פרוקטר אנד גמבל</ManufacturerName>
      <ManufactureCountry>אנגליה</ManufactureCountry>
      <ManufacturerItemDescription>פיירי</ManufacturerItemDescription>
      <UnitQty>מיליליטרים</UnitQty>
      <Quantity>780.00</Quantity>
      <UnitOfMeasure>100 מ"ל</UnitOfMeasure>
      <bIsWeighted>0</bIsWeighted>
      <QtyInPackage>לא ידוע</QtyInPackage>
      <ItemPrice>16.00</ItemPrice>
      <UnitOfMeasurePrice>0.0205</UnitOfMeasurePrice>
      <AllowDiscount>1</AllowDiscount>
      <ItemStatus>1</ItemStatus>
      <ItemId>38515</ItemId>
    </Item>
    <Item>
      <PriceUpdateDate>2023-05-23 14:22:13</PriceUpdateDate>
      <ItemCode>7290019105350</ItemCode>
      <ItemType>1</ItemType>
      <ItemName>תחליב רחצה יוחננוף א</ItemName>
      <ManufacturerName>טרופיקל דגיל קוסמטיק</ManufacturerName>
      <ManufactureCountry>ישראל</ManufactureCountry>
      <ManufacturerItemDescription>תחליב רחצה יוחננוף א</ManufacturerItemDescription>
      <UnitQty>מיליליטרים</UnitQty>
      <Quantity>700.00</Quantity>
      <UnitOfMeasure>100 מ"ל</UnitOfMeasure>
      <bIsWeighted>0</bIsWeighted>
      <QtyInPackage>לא ידוע</QtyInPackage>
      <ItemPrice>7.90</ItemPrice>
      <UnitOfMeasurePrice>0.0113</UnitOfMeasurePrice>
      <AllowDiscount>1</AllowDiscount>
      <ItemStatus>1</ItemStatus>
      <ItemId>74103</ItemId>
    </Item>
    <Item>
      <PriceUpdateDate>2025-01-19 15:03:16</PriceUpdateDate>
      <ItemCode>7290000416021</ItemCode>
      <ItemType>1</ItemType>
      <ItemName>ממרח השחר 500 גרם</ItemName>
      <ManufacturerName>לא ידוע</ManufacturerName>
      <ManufactureCountry>כללי</ManufactureCountry>
      <ManufacturerItemDescription>ממרח השחר 500 גרם</ManufacturerItemDescription>
      <UnitQty>גרמים</UnitQty>
      <Quantity>500.00</Quantity>
      <UnitOfMeasure>100 גרם</UnitOfMeasure>
      <bIsWeighted>0</bIsWeighted>
      <QtyInPackage>לא ידוע</QtyInPackage>
      <ItemPrice>14.90</ItemPrice>
      <UnitOfMeasurePrice>0.0298</UnitOfMeasurePrice>
      <AllowDiscount>1</AllowDiscount>
      <ItemStatus>1</ItemStatus>
      <ItemId>38620</ItemId>
    </Item>
    <Item>
      <PriceUpdateDate>2025-05-26 15:56:12</PriceUpdateDate>
      <ItemCode>5060639128051</ItemCode>
      <ItemType>1</ItemType>
      <ItemName>משקה אנרגיה מונסטר א</ItemName>
      <ManufacturerName>מונסטר אנרג'י לימטד</ManufacturerName>
      <ManufactureCountry>סרביה</ManufactureCountry>
      <ManufacturerItemDescription>משקה אנרגיה מונסטר א</ManufacturerItemDescription>
      <UnitQty>מיליליטרים</UnitQty>
      <Quantity>500.00</Quantity>
      <UnitOfMeasure>100 מ"ל</UnitOfMeasure>
      <bIsWeighted>0</bIsWeighted>
      <QtyInPackage>לא ידוע</QtyInPackage>
      <ItemPrice>9.50</ItemPrice>
      <UnitOfMeasurePrice>0.0190</UnitOfMeasurePrice>
      <AllowDiscount>1</AllowDiscount>
      <ItemStatus>1</ItemStatus>
      <ItemId>38641</ItemId>
    </Item>
    <Item>
      <PriceUpdateDate>2025-05-26 15:56:12</PriceUpdateDate>
      <ItemCode>5060639129102</ItemCode>
      <ItemType>1</ItemType>
      <ItemName>משקה אנרגיה מונסטר מ</ItemName>
      <ManufacturerName>מונסטר אנרג'י לימטד</ManufacturerName>
      <ManufactureCountry>סרביה</ManufactureCountry>
      <ManufacturerItemDescription>משקה אנרגיה מונסטר מ</ManufacturerItemDescription>
      <UnitQty>מיליליטרים</UnitQty>
      <Quantity>500.00</Quantity>
      <UnitOfMeasure>100 מ"ל</UnitOfMeasure>
      <bIsWeighted>0</bIsWeighted>
      <QtyInPackage>לא ידוע</QtyInPackage>
      <ItemPrice>9.50</ItemPrice>
      <UnitOfMeasurePrice>0.0190</UnitOfMeasurePrice>
      <AllowDiscount>1</AllowDiscount>
      <ItemStatus>1</ItemStatus>
      <ItemId>38642</ItemId>
    </Item>
    <Item>
      <PriceUpdateDate>2025-05-26 15:56:12</PriceUpdateDate>
      <ItemCode>5060751219033</ItemCode>
      <ItemType>1</ItemType>
      <ItemName>משקה אנרגיה מונסטר א</ItemName>
      <ManufacturerName>מונסטר אנרג'י לימטד</ManufacturerName>
      <ManufactureCountry>סרביה</ManufactureCountry>
      <ManufacturerItemDescription>משקה אנרגיה מונסטר א</ManufacturerItemDescription>
      <UnitQty>מיליליטרים</UnitQty>
      <Quantity>500.00</Quantity>
      <UnitOfMeasure>100 מ"ל</UnitOfMeasure>
      <bIsWeighted>0</bIsWeighted>
      <QtyInPackage>לא ידוע</QtyInPackage>
      <ItemPrice>9.50</ItemPrice>
      <UnitOfMeasurePrice>0.0190</UnitOfMeasurePrice>
      <AllowDiscount>1</AllowDiscount>
      <ItemStatus>1</ItemStatus>
      <ItemId>38644</ItemId>
    </Item>
    <Item>
      <PriceUpdateDate>2023-12-19 16:04:54</PriceUpdateDate>
      <ItemCode>7290117035214</ItemCode>
      <ItemType>1</ItemType>
      <ItemName>זוג שקיות אוכל יוחננ</ItemName>
      <ManufacturerName>לא ידוע</ManufacturerName>
      <ManufactureCountry>סין</ManufactureCountry>
      <ManufacturerItemDescription>זוג שקיות אוכל יוחננ</ManufacturerItemDescription>
      <UnitQty>יח'</UnitQty>
      <Quantity>300.00</Quantity>
      <UnitOfMeasure>יח'</UnitOfMeasure>
      <bIsWeighted>0</bIsWeighted>
      <QtyInPackage>לא ידוע</QtyInPackage>
      <ItemPrice>9.90</ItemPrice>
      <UnitOfMeasurePrice>0.0330</UnitOfMeasurePrice>
      <AllowDiscount>1</AllowDiscount>
      <ItemStatus>1</ItemStatus>
      <ItemId>80389</ItemId>
    </Item>
    <Item>
      <PriceUpdateDate>2025-01-07 15:12:07</PriceUpdateDate>
      <ItemCode>7290109580609</ItemCode>
      <ItemType>1</ItemType>
      <ItemName>פסטרמה גחלים 120 גרם</ItemName>
      <ManufacturerName>זוגלובק</ManufacturerName>
      <ManufactureCountry>ישראל</ManufactureCountry>
      <ManufacturerItemDescription>זוגלובק</ManufacturerItemDescription>
      <UnitQty>גרמים</UnitQty>
      <Quantity>120.00</Quantity>
      <UnitOfMeasure>100 גרם</UnitOfMeasure>
      <bIsWeighted>0</bIsWeighted>
      <QtyInPackage>לא ידוע</QtyInPackage>
      <ItemPrice>16.00</ItemPrice>
      <UnitOfMeasurePrice>0.1333</UnitOfMeasurePrice>
      <AllowDiscount>1</AllowDiscount>
      <ItemStatus>1</ItemStatus>
      <ItemId>74121</ItemId>
    </Item>
    <Item>
      <PriceUpdateDate>2024-03-19 14:21:49</PriceUpdateDate>
      <ItemCode>7290001594377</ItemCode>
      <ItemType>1</ItemType>
      <ItemName>פריגת תפוזים 500 מ"ל</ItemName>
      <ManufacturerName>פריגת</ManufacturerName>
      <ManufactureCountry>ישראל</ManufactureCountry>
      <ManufacturerItemDescription>פריגת</ManufacturerItemDescription>
      <UnitQty>מיליליטרים</UnitQty>
      <Quantity>500.00</Quantity>
      <UnitOfMeasure>100 מ"ל</UnitOfMeasure>
      <bIsWeighted>0</bIsWeighted>
      <QtyInPackage>לא ידוע</QtyInPackage>
      <ItemPrice>5.50</ItemPrice>
      <UnitOfMeasurePrice>0.0110</UnitOfMeasurePrice>
      <AllowDiscount>1</AllowDiscount>
      <ItemStatus>1</ItemStatus>
      <ItemId>38675</ItemId>
    </Item>
    <Item>
      <PriceUpdateDate>2024-03-19 14:21:49</PriceUpdateDate>
      <ItemCode>7290001594384</ItemCode>
      <ItemType>1</ItemType>
      <ItemName>פריגת אשכוליות 500 מ</ItemName>
      <ManufacturerName>פריגת</ManufacturerName>
      <ManufactureCountry>לא ידוע</ManufactureCountry>
      <ManufacturerItemDescription>פריגת</ManufacturerItemDescription>
      <UnitQty>יחידה   </UnitQty>
      <Quantity>0.00</Quantity>
      <UnitOfMeasure>יחידה   </UnitOfMeasure>
      <bIsWeighted>0</bIsWeighted>
      <QtyInPackage>לא ידוע</QtyInPackage>
      <ItemPrice>5.50</ItemPrice>
      <UnitOfMeasurePrice>0.0000</UnitOfMeasurePrice>
      <AllowDiscount>1</AllowDiscount>
      <ItemStatus>1</ItemStatus>
      <ItemId>38676</ItemId>
    </Item>
    <Item>
      <PriceUpdateDate>2024-03-19 14:21:49</PriceUpdateDate>
      <ItemCode>7290001594391</ItemCode>
      <ItemType>1</ItemType>
      <ItemName>פריגת ענבים 500 מ"ל</ItemName>
      <ManufacturerName>פריגת</ManufacturerName>
      <ManufactureCountry>ישראל</ManufactureCountry>
      <ManufacturerItemDescription>פריגת</ManufacturerItemDescription>
      <UnitQty>מיליליטרים</UnitQty>
      <Quantity>500.00</Quantity>
      <UnitOfMeasure>100 מ"ל</UnitOfMeasure>
      <bIsWeighted>0</bIsWeighted>
      <QtyInPackage>לא ידוע</QtyInPackage>
      <ItemPrice>5.50</ItemPrice>
      <UnitOfMeasurePrice>0.0110</UnitOfMeasurePrice>
      <AllowDiscount>1</AllowDiscount>
      <ItemStatus>1</ItemStatus>
      <ItemId>38677</ItemId>
    </Item>
    <Item>
      <PriceUpdateDate>2025-07-04 13:24:01</PriceUpdateDate>
      <ItemCode>7290002331360</ItemCode>
      <ItemType>1</ItemType>
      <ItemName>מים נביעות ספורט שיש</ItemName>
      <ManufacturerName>נביעות</ManufacturerName>
      <ManufactureCountry>ישראל</ManufactureCountry>
      <ManufacturerItemDescription>נביעות</ManufacturerItemDescription>
      <UnitQty>ליטרים</UnitQty>
      <Quantity>3.00</Quantity>
      <UnitOfMeasure>ליטר    </UnitOfMeasure>
      <bIsWeighted>0</bIsWeighted>
      <QtyInPackage>לא ידוע</QtyInPackage>
      <ItemPrice>18.00</ItemPrice>
      <UnitOfMeasurePrice>6.0000</UnitOfMeasurePrice>
      <AllowDiscount>1</AllowDiscount>
      <ItemStatus>1</ItemStatus>
      <ItemId>38690</ItemId>
    </Item>
    <Item>
      <PriceUpdateDate>2025-05-26 15:56:13</PriceUpdateDate>
      <ItemCode>7290002331490</ItemCode>
      <ItemType>1</ItemType>
      <ItemName>מים נביעות 1 ליטר</ItemName>
      <ManufacturerName>נביעות</ManufacturerName>
      <ManufactureCountry>ישראל</ManufactureCountry>
      <ManufacturerItemDescription>נביעות</ManufacturerItemDescription>
      <UnitQty>ליטרים</UnitQty>
      <Quantity>1.00</Quantity>
      <UnitOfMeasure>ליטר    </UnitOfMeasure>
      <bIsWeighted>0</bIsWeighted>
      <QtyInPackage>לא ידוע</QtyInPackage>
      <ItemPrice>3.50</ItemPrice>
      <UnitOfMeasurePrice>3.5000</UnitOfMeasurePrice>
      <AllowDiscount>1</AllowDiscount>
      <ItemStatus>1</ItemStatus>
      <ItemId>38693</ItemId>
    </Item>
    <Item>
      <PriceUpdateDate>2025-01-01 21:29:46</PriceUpdateDate>
      <ItemCode>7290002871248</ItemCode>
      <ItemType>1</ItemType>
      <ItemName>בירה טובורג חוזר 500</ItemName>
      <ManufacturerName>קרלסברג ישראל</ManufacturerName>
      <ManufactureCountry>ישראל</ManufactureCountry>
      <ManufacturerItemDescription>טובורג</ManufacturerItemDescription>
      <UnitQty>מיליליטרים</UnitQty>
      <Quantity>500.00</Quantity>
      <UnitOfMeasure>100 מ"ל</UnitOfMeasure>
      <bIsWeighted>0</bIsWeighted>
      <QtyInPackage>לא ידוע</QtyInPackage>
      <ItemPrice>9.60</ItemPrice>
      <UnitOfMeasurePrice>0.0192</UnitOfMeasurePrice>
      <AllowDiscount>1</AllowDiscount>
      <ItemStatus>1</ItemStatus>
      <ItemId>38696</ItemId>
    </Item>
    <Item>
      <PriceUpdateDate>2025-01-01 21:29:46</PriceUpdateDate>
      <ItemCode>7290002871361</ItemCode>
      <ItemType>1</ItemType>
      <ItemName>בירה קרלסברג חוזר</ItemName>
      <ManufacturerName>קרלסברג ישראל</ManufacturerName>
      <ManufactureCountry>ישראל</ManufactureCountry>
      <ManufacturerItemDescription>קרלסברג</ManufacturerItemDescription>
      <UnitQty>מיליליטרים</UnitQty>
      <Quantity>500.00</Quantity>
      <UnitOfMeasure>100 מ"ל</UnitOfMeasure>
      <bIsWeighted>0</bIsWeighted>
      <QtyInPackage>לא ידוע</QtyInPackage>
      <ItemPrice>9.60</ItemPrice>
      <UnitOfMeasurePrice>0.0192</UnitOfMeasurePrice>
      <AllowDiscount>1</AllowDiscount>
      <ItemStatus>1</ItemStatus>
      <ItemId>38697</ItemId>
    </Item>
    <Item>
      <PriceUpdateDate>2025-12-02 10:41:36</PriceUpdateDate>
      <ItemCode>7290006822192</ItemCode>
      <ItemType>1</ItemType>
      <ItemName>מיץ חמוציות דיאט 1 ל</ItemName>
      <ManufacturerName>פריגת</ManufacturerName>
      <ManufactureCountry>ישראל</ManufactureCountry>
      <ManufacturerItemDescription>אושן ספריי</ManufacturerItemDescription>
      <UnitQty>ליטרים</UnitQty>
      <Quantity>1.00</Quantity>
      <UnitOfMeasure>ליטר    </UnitOfMeasure>
      <bIsWeighted>0</bIsWeighted>
      <QtyInPackage>לא ידוע</QtyInPackage>
      <ItemPrice>14.90</ItemPrice>
      <UnitOfMeasurePrice>14.9000</UnitOfMeasurePrice>
      <AllowDiscount>1</AllowDiscount>
      <ItemStatus>1</ItemStatus>
      <ItemId>38722</ItemId>
    </Item>
    <Item>
      <PriceUpdateDate>2025-12-01 17:05:03</PriceUpdateDate>
      <ItemCode>7290011015985</ItemCode>
      <ItemType>1</ItemType>
      <ItemName>סירופ פריגת אננס דיא</ItemName>
      <ManufacturerName>סירופ - גבעת חיים</ManufacturerName>
      <ManufactureCountry>ישראל</ManufactureCountry>
      <ManufacturerItemDescription>סירופ דיאט</ManufacturerItemDescription>
      <UnitQty>מיליליטרים</UnitQty>
      <Quantity>750.00</Quantity>
      <UnitOfMeasure>100 מ"ל</UnitOfMeasure>
      <bIsWeighted>0</bIsWeighted>
      <QtyInPackage>לא ידוע</QtyInPackage>
      <ItemPrice>20.90</ItemPrice>
      <UnitOfMeasurePrice>0.0279</UnitOfMeasurePrice>
      <AllowDiscount>1</AllowDiscount>
      <ItemStatus>1</ItemStatus>
      <ItemId>38737</ItemId>
    </Item>
    <Item>
      <PriceUpdateDate>2025-05-26 15:56:13</PriceUpdateDate>
      <ItemCode>7290011017866</ItemCode>
      <ItemType>1</ItemType>
      <ItemName>קוקה קולה פחית 330 מ</ItemName>
      <ManufacturerName>קוקה קולה ישראל</ManufacturerName>
      <ManufactureCountry>ישראל</ManufactureCountry>
      <ManufacturerItemDescription>קוקה קולה</ManufacturerItemDescription>
      <UnitQty>מיליליטרים</UnitQty>
      <Quantity>330.00</Quantity>
      <UnitOfMeasure>100 מ"ל</UnitOfMeasure>
      <bIsWeighted>0</bIsWeighted>
      <QtyInPackage>לא ידוע</QtyInPackage>
      <ItemPrice>6.50</ItemPrice>
      <UnitOfMeasurePrice>0.0197</UnitOfMeasurePrice>
      <AllowDiscount>1</AllowDiscount>
      <ItemStatus>1</ItemStatus>
      <ItemId>38740</ItemId>
    </Item>
    <Item>
      <PriceUpdateDate>2025-05-26 15:56:13</PriceUpdateDate>
      <ItemCode>7290011017873</ItemCode>
      <ItemType>1</ItemType>
      <ItemName>קוקה קולה זירו פחית</ItemName>
      <ManufacturerName>קוקה קולה ישראל</ManufacturerName>
      <ManufactureCountry>ישראל</ManufactureCountry>
      <ManufacturerItemDescription>קוקה קולה ZERO</ManufacturerItemDescription>
      <UnitQty>מיליליטרים</UnitQty>
      <Quantity>330.00</Quantity>
      <UnitOfMeasure>100 מ"ל</UnitOfMeasure>
      <bIsWeighted>0</bIsWeighted>
      <QtyInPackage>לא ידוע</QtyInPackage>
      <ItemPrice>6.50</ItemPrice>
      <UnitOfMeasurePrice>0.0197</UnitOfMeasurePrice>
      <AllowDiscount>1</AllowDiscount>
      <ItemStatus>1</ItemStatus>
      <ItemId>38741</ItemId>
    </Item>
    <Item>
      <PriceUpdateDate>2025-05-26 15:56:13</PriceUpdateDate>
      <ItemCode>7290011018443</ItemCode>
      <ItemType>1</ItemType>
      <ItemName>פאנטה אורנג' פחית 33</ItemName>
      <ManufacturerName>קוקה קולה ישראל</ManufacturerName>
      <ManufactureCountry>ישראל</ManufactureCountry>
      <ManufacturerItemDescription>פאנטה</ManufacturerItemDescription>
      <UnitQty>מיליליטרים</UnitQty>
      <Quantity>330.00</Quantity>
      <UnitOfMeasure>100 מ"ל</UnitOfMeasure>
      <bIsWeighted>0</bIsWeighted>
      <QtyInPackage>לא ידוע</QtyInPackage>
      <ItemPrice>6.50</ItemPrice>
      <UnitOfMeasurePrice>0.0197</UnitOfMeasurePrice>
      <AllowDiscount>1</AllowDiscount>
      <ItemStatus>1</ItemStatus>
      <ItemId>38750</ItemId>
    </Item>
    <Item>
      <PriceUpdateDate>2025-05-26 15:56:13</PriceUpdateDate>
      <ItemCode>7290011018467</ItemCode>
      <ItemType>1</ItemType>
      <ItemName>פאנטה אקזוטי פחית 33</ItemName>
      <ManufacturerName>קוקה קולה ישראל</ManufacturerName>
      <ManufactureCountry>ישראל</ManufactureCountry>
      <ManufacturerItemDescription>פאנטה</ManufacturerItemDescription>
      <UnitQty>מיליליטרים</UnitQty>
      <Quantity>330.00</Quantity>
      <UnitOfMeasure>100 מ"ל</UnitOfMeasure>
      <bIsWeighted>0</bIsWeighted>
      <QtyInPackage>לא ידוע</QtyInPackage>
      <ItemPrice>6.50</ItemPrice>
      <UnitOfMeasurePrice>0.0197</UnitOfMeasurePrice>
      <AllowDiscount>1</AllowDiscount>
      <ItemStatus>1</ItemStatus>
      <ItemId>38751</ItemId>
    </Item>
    <Item>
      <PriceUpdateDate>2025-07-02 15:09:21</PriceUpdateDate>
      <ItemCode>7290011018474</ItemCode>
      <ItemType>1</ItemType>
      <ItemName>סומרסבי תפוחים 330 מ</ItemName>
      <ManufacturerName>קרלסברג קרואטיה די.א</ManufacturerName>
      <ManufactureCountry>קרואטיה</ManufactureCountry>
      <ManufacturerItemDescription>סומרסבי</ManufacturerItemDescription>
      <UnitQty>מיליליטרים</UnitQty>
      <Quantity>330.00</Quantity>
      <UnitOfMeasure>100 מ"ל</UnitOfMeasure>
      <bIsWeighted>0</bIsWeighted>
      <QtyInPackage>לא ידוע</QtyInPackage>
      <ItemPrice>11.90</ItemPrice>
      <UnitOfMeasurePrice>0.0361</UnitOfMeasurePrice>
      <AllowDiscount>1</AllowDiscount>
      <ItemStatus>1</ItemStatus>
      <ItemId>38752</ItemId>
    </Item>
    <Item>
      <PriceUpdateDate>2025-05-26 15:56:13</PriceUpdateDate>
      <ItemCode>7290011018832</ItemCode>
      <ItemType>1</ItemType>
      <ItemName>קוקה קולה פחית 6*330</ItemName>
      <ManufacturerName>קוקה קולה ישראל</ManufacturerName>
      <ManufactureCountry>ישראל</ManufactureCountry>
      <ManufacturerItemDescription>קוקה קולה</ManufacturerItemDescription>
      <UnitQty>ליטרים</UnitQty>
      <Quantity>1.98</Quantity>
      <UnitOfMeasure>ליטר    </UnitOfMeasure>
      <bIsWeighted>0</bIsWeighted>
      <QtyInPackage>לא ידוע</QtyInPackage>
      <ItemPrice>25.90</ItemPrice>
      <UnitOfMeasurePrice>13.0808</UnitOfMeasurePrice>
      <AllowDiscount>1</AllowDiscount>
      <ItemStatus>1</ItemStatus>
      <ItemId>38755</ItemId>
    </Item>
    <Item>
      <PriceUpdateDate>2025-05-26 15:56:13</PriceUpdateDate>
      <ItemCode>7290013585233</ItemCode>
      <ItemType>1</ItemType>
      <ItemName>ספרייט זירו פחית 330</ItemName>
      <ManufacturerName>קוקה קולה ישראל</ManufacturerName>
      <ManufactureCountry>ישראל</ManufactureCountry>
      <ManufacturerItemDescription>ספרייט</ManufacturerItemDescription>
      <UnitQty>מיליליטרים</UnitQty>
      <Quantity>330.00</Quantity>
      <UnitOfMeasure>100 מ"ל</UnitOfMeasure>
      <bIsWeighted>0</bIsWeighted>
      <QtyInPackage>לא ידוע</QtyInPackage>
      <ItemPrice>6.50</ItemPrice>
      <UnitOfMeasurePrice>0.0197</UnitOfMeasurePrice>
      <AllowDiscount>1</AllowDiscount>
      <ItemStatus>1</ItemStatus>
      <ItemId>38766</ItemId>
    </Item>
    <Item>
      <PriceUpdateDate>2025-05-26 15:56:13</PriceUpdateDate>
      <ItemCode>7290110110659</ItemCode>
      <ItemType>1</ItemType>
      <ItemName>ספרייט ליים פחית 330</ItemName>
      <ManufacturerName>לא ידוע</ManufacturerName>
      <ManufactureCountry>לא ידוע</ManufactureCountry>
      <ManufacturerItemDescription>פחית פאנטה</ManufacturerItemDescription>
      <UnitQty>יחידה   </UnitQty>
      <Quantity>0.00</Quantity>
      <UnitOfMeasure>יחידה   </UnitOfMeasure>
      <bIsWeighted>0</bIsWeighted>
      <QtyInPackage>לא ידוע</QtyInPackage>
      <ItemPrice>6.50</ItemPrice>
      <UnitOfMeasurePrice>0.0000</UnitOfMeasurePrice>
      <AllowDiscount>1</AllowDiscount>
      <ItemStatus>1</ItemStatus>
      <ItemId>38833</ItemId>
    </Item>
    <Item>
      <PriceUpdateDate>2025-01-01 21:29:48</PriceUpdateDate>
      <ItemCode>7290110114787</ItemCode>
      <ItemType>1</ItemType>
      <ItemName>מים נביעות+ בטעם תפו</ItemName>
      <ManufacturerName>לא ידוע</ManufacturerName>
      <ManufactureCountry>ישראל</ManufactureCountry>
      <ManufacturerItemDescription>מים נביעות+ בטעם תפו</ManufacturerItemDescription>
      <UnitQty>ליטרים</UnitQty>
      <Quantity>1.50</Quantity>
      <UnitOfMeasure>ליטר    </UnitOfMeasure>
      <bIsWeighted>0</bIsWeighted>
      <QtyInPackage>לא ידוע</QtyInPackage>
      <ItemPrice>10.00</ItemPrice>
      <UnitOfMeasurePrice>6.6667</UnitOfMeasurePrice>
      <AllowDiscount>1</AllowDiscount>
      <ItemStatus>1</ItemStatus>
      <ItemId>38914</ItemId>
    </Item>
    <Item>
      <PriceUpdateDate>2025-11-30 19:01:07</PriceUpdateDate>
      <ItemCode>7290110114855</ItemCode>
      <ItemType>1</ItemType>
      <ItemName>מים נביעות שישייה 1.</ItemName>
      <ManufacturerName>לא ידוע</ManufacturerName>
      <ManufactureCountry>ישראל</ManufactureCountry>
      <ManufacturerItemDescription>מים נביעות שישייה 1.</ManufacturerItemDescription>
      <UnitQty>ליטרים</UnitQty>
      <Quantity>9.00</Quantity>
      <UnitOfMeasure>ליטר    </UnitOfMeasure>
      <bIsWeighted>0</bIsWeighted>
      <QtyInPackage>לא ידוע</QtyInPackage>
      <ItemPrice>17.90</ItemPrice>
      <UnitOfMeasurePrice>1.9889</UnitOfMeasurePrice>
      <AllowDiscount>1</AllowDiscount>
      <ItemStatus>1</ItemStatus>
      <ItemId>38921</ItemId>
    </Item>
    <Item>
      <PriceUpdateDate>2025-05-26 15:56:13</PriceUpdateDate>
      <ItemCode>7290110114961</ItemCode>
      <ItemType>1</ItemType>
      <ItemName>פריגת תפוזים 1.5 ליט</ItemName>
      <ManufacturerName>פריגת</ManufacturerName>
      <ManufactureCountry>ישראל</ManufactureCountry>
      <ManufacturerItemDescription>פריגת</ManufacturerItemDescription>
      <UnitQty>ליטרים</UnitQty>
      <Quantity>1.50</Quantity>
      <UnitOfMeasure>ליטר    </UnitOfMeasure>
      <bIsWeighted>0</bIsWeighted>
      <QtyInPackage>לא ידוע</QtyInPackage>
      <ItemPrice>9.20</ItemPrice>
      <UnitOfMeasurePrice>6.1333</UnitOfMeasurePrice>
      <AllowDiscount>1</AllowDiscount>
      <ItemStatus>1</ItemStatus>
      <ItemId>38922</ItemId>
    </Item>
    <Item>
      <PriceUpdateDate>2025-01-01 21:30:19</PriceUpdateDate>
      <ItemCode>7290100704752</ItemCode>
      <ItemType>1</ItemType>
      <ItemName>אורז ריזוטו 500 גרם</ItemName>
      <ManufacturerName>סוגת</ManufacturerName>
      <ManufactureCountry>ישראל</ManufactureCountry>
      <ManufacturerItemDescription>אורז ריזוטו 500 גרם</ManufacturerItemDescription>
      <UnitQty>גרמים</UnitQty>
      <Quantity>500.00</Quantity>
      <UnitOfMeasure>100 גרם</UnitOfMeasure>
      <bIsWeighted>0</bIsWeighted>
      <QtyInPackage>לא ידוע</QtyInPackage>
      <ItemPrice>9.00</ItemPrice>
      <UnitOfMeasurePrice>0.0180</UnitOfMeasurePrice>
      <AllowDiscount>1</AllowDiscount>
      <ItemStatus>1</ItemStatus>
      <ItemId>75754</ItemId>
    </Item>
    <Item>
      <PriceUpdateDate>2025-05-26 15:56:13</PriceUpdateDate>
      <ItemCode>7290110114985</ItemCode>
      <ItemType>1</ItemType>
      <ItemName>פריגת אשכולית 1.5 לי</ItemName>
      <ManufacturerName>פריגת</ManufacturerName>
      <ManufactureCountry>ישראל</ManufactureCountry>
      <ManufacturerItemDescription>פריגת</ManufacturerItemDescription>
      <UnitQty>ליטרים</UnitQty>
      <Quantity>1.50</Quantity>
      <UnitOfMeasure>ליטר    </UnitOfMeasure>
      <bIsWeighted>0</bIsWeighted>
      <QtyInPackage>לא ידוע</QtyInPackage>
      <ItemPrice>9.20</ItemPrice>
      <UnitOfMeasurePrice>6.1333</UnitOfMeasurePrice>
      <AllowDiscount>1</AllowDiscount>
      <ItemStatus>1</ItemStatus>
      <ItemId>38924</ItemId>
    </Item>
    <Item>
      <PriceUpdateDate>2025-05-26 15:56:13</PriceUpdateDate>
      <ItemCode>7290110115036</ItemCode>
      <ItemType>1</ItemType>
      <ItemName>פריגת מנגו 1.5 ליטר</ItemName>
      <ManufacturerName>פריגת</ManufacturerName>
      <ManufactureCountry>ישראל</ManufactureCountry>
      <ManufacturerItemDescription>פריגת</ManufacturerItemDescription>
      <UnitQty>ליטרים</UnitQty>
      <Quantity>1.50</Quantity>
      <UnitOfMeasure>ליטר    </UnitOfMeasure>
      <bIsWeighted>0</bIsWeighted>
      <QtyInPackage>לא ידוע</QtyInPackage>
      <ItemPrice>9.20</ItemPrice>
      <UnitOfMeasurePrice>6.1333</UnitOfMeasurePrice>
      <AllowDiscount>1</AllowDiscount>
      <ItemStatus>1</ItemStatus>
      <ItemId>38929</ItemId>
    </Item>
    <Item>
      <PriceUpdateDate>2025-05-26 15:56:13</PriceUpdateDate>
      <ItemCode>7290110115050</ItemCode>
      <ItemType>1</ItemType>
      <ItemName>פריגת מיקס תות בננה</ItemName>
      <ManufacturerName>פריגת</ManufacturerName>
      <ManufactureCountry>ישראל</ManufactureCountry>
      <ManufacturerItemDescription>פריגת</ManufacturerItemDescription>
      <UnitQty>ליטרים</UnitQty>
      <Quantity>1.50</Quantity>
      <UnitOfMeasure>ליטר    </UnitOfMeasure>
      <bIsWeighted>0</bIsWeighted>
      <QtyInPackage>לא ידוע</QtyInPackage>
      <ItemPrice>9.20</ItemPrice>
      <UnitOfMeasurePrice>6.1333</UnitOfMeasurePrice>
      <AllowDiscount>1</AllowDiscount>
      <ItemStatus>1</ItemStatus>
      <ItemId>38931</ItemId>
    </Item>
    <Item>
      <PriceUpdateDate>2025-05-25 15:16:10</PriceUpdateDate>
      <ItemCode>7290110115203</ItemCode>
      <ItemType>1</ItemType>
      <ItemName>קוקה קולה 1.5 ליטר</ItemName>
      <ManufacturerName>לא ידוע</ManufacturerName>
      <ManufactureCountry>ישראל</ManufactureCountry>
      <ManufacturerItemDescription>קוקה קולה 1.5 ליטר</ManufacturerItemDescription>
      <UnitQty>ליטרים</UnitQty>
      <Quantity>1.50</Quantity>
      <UnitOfMeasure>ליטר    </UnitOfMeasure>
      <bIsWeighted>0</bIsWeighted>
      <QtyInPackage>לא ידוע</QtyInPackage>
      <ItemPrice>8.80</ItemPrice>
      <UnitOfMeasurePrice>5.8667</UnitOfMeasurePrice>
      <AllowDiscount>1</AllowDiscount>
      <ItemStatus>1</ItemStatus>
      <ItemId>38941</ItemId>
    </Item>
    <Item>
      <PriceUpdateDate>2025-05-25 15:16:10</PriceUpdateDate>
      <ItemCode>7290110115227</ItemCode>
      <ItemType>1</ItemType>
      <ItemName>קוקה קולה זירו 1.5 ל</ItemName>
      <ManufacturerName>קוקה קולה</ManufacturerName>
      <ManufactureCountry>ישראל</ManufactureCountry>
      <ManufacturerItemDescription>DIET COKE</ManufacturerItemDescription>
      <UnitQty>ליטרים</UnitQty>
      <Quantity>1.50</Quantity>
      <UnitOfMeasure>ליטר    </UnitOfMeasure>
      <bIsWeighted>0</bIsWeighted>
      <QtyInPackage>לא ידוע</QtyInPackage>
      <ItemPrice>8.80</ItemPrice>
      <UnitOfMeasurePrice>5.8667</UnitOfMeasurePrice>
      <AllowDiscount>1</AllowDiscount>
      <ItemStatus>1</ItemStatus>
      <ItemId>38943</ItemId>
    </Item>
    <Item>
      <PriceUpdateDate>2025-05-25 15:16:10</PriceUpdateDate>
      <ItemCode>7290110115265</ItemCode>
      <ItemType>1</ItemType>
      <ItemName>ספרייט 1.5 ליטר</ItemName>
      <ManufacturerName>קוקה קולה</ManufacturerName>
      <ManufactureCountry>ישראל</ManufactureCountry>
      <ManufacturerItemDescription>ספרייט</ManufacturerItemDescription>
      <UnitQty>ליטרים</UnitQty>
      <Quantity>1.50</Quantity>
      <UnitOfMeasure>ליטר    </UnitOfMeasure>
      <bIsWeighted>0</bIsWeighted>
      <QtyInPackage>לא ידוע</QtyInPackage>
      <ItemPrice>8.80</ItemPrice>
      <UnitOfMeasurePrice>5.8667</UnitOfMeasurePrice>
      <AllowDiscount>1</AllowDiscount>
      <ItemStatus>1</ItemStatus>
      <ItemId>38947</ItemId>
    </Item>
    <Item>
      <PriceUpdateDate>2025-05-25 15:16:10</PriceUpdateDate>
      <ItemCode>7290110115272</ItemCode>
      <ItemType>1</ItemType>
      <ItemName>ספרייט זירו 1.5 ליטר</ItemName>
      <ManufacturerName>קוקה קולה</ManufacturerName>
      <ManufactureCountry>ישראל</ManufactureCountry>
      <ManufacturerItemDescription>ספרייט</ManufacturerItemDescription>
      <UnitQty>ליטרים</UnitQty>
      <Quantity>1.50</Quantity>
      <UnitOfMeasure>ליטר    </UnitOfMeasure>
      <bIsWeighted>0</bIsWeighted>
      <QtyInPackage>לא ידוע</QtyInPackage>
      <ItemPrice>8.80</ItemPrice>
      <UnitOfMeasurePrice>5.8667</UnitOfMeasurePrice>
      <AllowDiscount>1</AllowDiscount>
      <ItemStatus>1</ItemStatus>
      <ItemId>38948</ItemId>
    </Item>
    <Item>
      <PriceUpdateDate>2025-01-01 21:29:49</PriceUpdateDate>
      <ItemCode>7290110115296</ItemCode>
      <ItemType>1</ItemType>
      <ItemName>פאנטה אורנג' 1.5 ליט</ItemName>
      <ManufacturerName>קוקה קולה</ManufacturerName>
      <ManufactureCountry>ישראל</ManufactureCountry>
      <ManufacturerItemDescription>פאנטה</ManufacturerItemDescription>
      <UnitQty>ליטרים</UnitQty>
      <Quantity>1.50</Quantity>
      <UnitOfMeasure>ליטר    </UnitOfMeasure>
      <bIsWeighted>0</bIsWeighted>
      <QtyInPackage>לא ידוע</QtyInPackage>
      <ItemPrice>8.90</ItemPrice>
      <UnitOfMeasurePrice>5.9333</UnitOfMeasurePrice>
      <AllowDiscount>1</AllowDiscount>
      <ItemStatus>1</ItemStatus>
      <ItemId>38950</ItemId>
    </Item>
    <Item>
      <PriceUpdateDate>2025-01-01 21:29:49</PriceUpdateDate>
      <ItemCode>7290110115319</ItemCode>
      <ItemType>1</ItemType>
      <ItemName>פאנטה אקזוטיק 1.5 לי</ItemName>
      <ManufacturerName>קוקה קולה</ManufacturerName>
      <ManufactureCountry>ישראל</ManufactureCountry>
      <ManufacturerItemDescription>פאנטה</ManufacturerItemDescription>
      <UnitQty>ליטרים</UnitQty>
      <Quantity>1.50</Quantity>
      <UnitOfMeasure>ליטר    </UnitOfMeasure>
      <bIsWeighted>0</bIsWeighted>
      <QtyInPackage>לא ידוע</QtyInPackage>
      <ItemPrice>8.90</ItemPrice>
      <UnitOfMeasurePrice>5.9333</UnitOfMeasurePrice>
      <AllowDiscount>1</AllowDiscount>
      <ItemStatus>1</ItemStatus>
      <ItemId>38952</ItemId>
    </Item>
    <Item>
      <PriceUpdateDate>2024-03-19 14:21:49</PriceUpdateDate>
      <ItemCode>7290110115357</ItemCode>
      <ItemType>1</ItemType>
      <ItemName>סודה 1.5 ליטר</ItemName>
      <ManufacturerName>קוקה קולה</ManufacturerName>
      <ManufactureCountry>ישראל</ManufactureCountry>
      <ManufacturerItemDescription>סודה 1.5 ליטר</ManufacturerItemDescription>
      <UnitQty>ליטרים</UnitQty>
      <Quantity>1.50</Quantity>
      <UnitOfMeasure>ליטר    </UnitOfMeasure>
      <bIsWeighted>0</bIsWeighted>
      <QtyInPackage>לא ידוע</QtyInPackage>
      <ItemPrice>5.50</ItemPrice>
      <UnitOfMeasurePrice>3.6667</UnitOfMeasurePrice>
      <AllowDiscount>1</AllowDiscount>
      <ItemStatus>1</ItemStatus>
      <ItemId>38956</ItemId>
    </Item>
    <Item>
      <PriceUpdateDate>2025-05-26 15:56:13</PriceUpdateDate>
      <ItemCode>7290110115401</ItemCode>
      <ItemType>1</ItemType>
      <ItemName>סודה קינלי  שישייה 1</ItemName>
      <ManufacturerName>קוקה קולה</ManufacturerName>
      <ManufactureCountry>ישראל</ManufactureCountry>
      <ManufacturerItemDescription>קינלי סודה</ManufacturerItemDescription>
      <UnitQty>ליטרים</UnitQty>
      <Quantity>9.00</Quantity>
      <UnitOfMeasure>ליטר    </UnitOfMeasure>
      <bIsWeighted>0</bIsWeighted>
      <QtyInPackage>לא ידוע</QtyInPackage>
      <ItemPrice>19.90</ItemPrice>
      <UnitOfMeasurePrice>2.2111</UnitOfMeasurePrice>
      <AllowDiscount>1</AllowDiscount>
      <ItemStatus>1</ItemStatus>
      <ItemId>38961</ItemId>
    </Item>
    <Item>
      <PriceUpdateDate>2025-12-02 10:41:36</PriceUpdateDate>
      <ItemCode>7290110115463</ItemCode>
      <ItemType>1</ItemType>
      <ItemName>פיוזטי אפרסק 1.5 ליט</ItemName>
      <ManufacturerName>קוקה קולה</ManufacturerName>
      <ManufactureCountry>ישראל</ManufactureCountry>
      <ManufacturerItemDescription>פיוזטי</ManufacturerItemDescription>
      <UnitQty>ליטרים</UnitQty>
      <Quantity>1.50</Quantity>
      <UnitOfMeasure>ליטר    </UnitOfMeasure>
      <bIsWeighted>0</bIsWeighted>
      <QtyInPackage>לא ידוע</QtyInPackage>
      <ItemPrice>9.50</ItemPrice>
      <UnitOfMeasurePrice>6.3333</UnitOfMeasurePrice>
      <AllowDiscount>1</AllowDiscount>
      <ItemStatus>1</ItemStatus>
      <ItemId>38967</ItemId>
    </Item>
    <Item>
      <PriceUpdateDate>2023-08-06 12:16:47</PriceUpdateDate>
      <ItemCode>7290117035047</ItemCode>
      <ItemType>1</ItemType>
      <ItemName>כפפות ניטריל שחורות</ItemName>
      <ManufacturerName>לא ידוע</ManufacturerName>
      <ManufactureCountry>לא ידוע</ManufactureCountry>
      <ManufacturerItemDescription>כפפות ניטריל שחורות</ManufacturerItemDescription>
      <UnitQty>יחידה   </UnitQty>
      <Quantity>0.00</Quantity>
      <UnitOfMeasure>יחידה   </UnitOfMeasure>
      <bIsWeighted>0</bIsWeighted>
      <QtyInPackage>לא ידוע</QtyInPackage>
      <ItemPrice>19.90</ItemPrice>
      <UnitOfMeasurePrice>0.0000</UnitOfMeasurePrice>
      <AllowDiscount>1</AllowDiscount>
      <ItemStatus>1</ItemStatus>
      <ItemId>73269</ItemId>
    </Item>
    <Item>
      <PriceUpdateDate>2025-12-02 10:41:36</PriceUpdateDate>
      <ItemCode>7290110116125</ItemCode>
      <ItemType>1</ItemType>
      <ItemName>סירופ בטעם פטל 750 מ</ItemName>
      <ManufacturerName>סירופ - גבעת חיים</ManufacturerName>
      <ManufactureCountry>ישראל</ManufactureCountry>
      <ManufacturerItemDescription>סירופ בטעם פטל 750 מ</ManufacturerItemDescription>
      <UnitQty>מיליליטרים</UnitQty>
      <Quantity>750.00</Quantity>
      <UnitOfMeasure>100 מ"ל</UnitOfMeasure>
      <bIsWeighted>0</bIsWeighted>
      <QtyInPackage>לא ידוע</QtyInPackage>
      <ItemPrice>20.90</ItemPrice>
      <UnitOfMeasurePrice>0.0279</UnitOfMeasurePrice>
      <AllowDiscount>1</AllowDiscount>
      <ItemStatus>1</ItemStatus>
      <ItemId>38981</ItemId>
    </Item>
    <Item>
      <PriceUpdateDate>2022-09-20 12:41:10</PriceUpdateDate>
      <ItemCode>7290000295589</ItemCode>
      <ItemType>1</ItemType>
      <ItemName>טלק בייבי כייף 200 ג</ItemName>
      <ManufacturerName>קוסמופארם</ManufacturerName>
      <ManufactureCountry>ישראל</ManufactureCountry>
      <ManufacturerItemDescription>בייבי כיף</ManufacturerItemDescription>
      <UnitQty>גרמים</UnitQty>
      <Quantity>200.00</Quantity>
      <UnitOfMeasure>100 גרם</UnitOfMeasure>
      <bIsWeighted>0</bIsWeighted>
      <QtyInPackage>לא ידוע</QtyInPackage>
      <ItemPrice>15.90</ItemPrice>
      <UnitOfMeasurePrice>0.0795</UnitOfMeasurePrice>
      <AllowDiscount>1</AllowDiscount>
      <ItemStatus>1</ItemStatus>
      <ItemId>39099</ItemId>
    </Item>
    <Item>
      <PriceUpdateDate>2024-03-31 12:15:55</PriceUpdateDate>
      <ItemCode>7290000412481</ItemCode>
      <ItemType>1</ItemType>
      <ItemName>מנקה אסלות 00 1 ליטר</ItemName>
      <ManufacturerName>סנו</ManufacturerName>
      <ManufactureCountry>ישראל</ManufactureCountry>
      <ManufacturerItemDescription>OO</ManufacturerItemDescription>
      <UnitQty>ליטרים</UnitQty>
      <Quantity>1.00</Quantity>
      <UnitOfMeasure>ליטר    </UnitOfMeasure>
      <bIsWeighted>0</bIsWeighted>
      <QtyInPackage>לא ידוע</QtyInPackage>
      <ItemPrice>8.90</ItemPrice>
      <UnitOfMeasurePrice>8.9000</UnitOfMeasurePrice>
      <AllowDiscount>1</AllowDiscount>
      <ItemStatus>1</ItemStatus>
      <ItemId>39105</ItemId>
    </Item>
    <Item>
      <PriceUpdateDate>2022-09-20 12:47:33</PriceUpdateDate>
      <ItemCode>7290002904694</ItemCode>
      <ItemType>1</ItemType>
      <ItemName>דאודורנט טיטניום ספר</ItemName>
      <ManufacturerName>אמיליה קוסמטיקס בע"מ</ManufacturerName>
      <ManufactureCountry>ישראל</ManufactureCountry>
      <ManufacturerItemDescription>טיטניום</ManufacturerItemDescription>
      <UnitQty>מיליליטרים</UnitQty>
      <Quantity>180.00</Quantity>
      <UnitOfMeasure>100 מ"ל</UnitOfMeasure>
      <bIsWeighted>0</bIsWeighted>
      <QtyInPackage>לא ידוע</QtyInPackage>
      <ItemPrice>15.90</ItemPrice>
      <UnitOfMeasurePrice>0.0883</UnitOfMeasurePrice>
      <AllowDiscount>1</AllowDiscount>
      <ItemStatus>1</ItemStatus>
      <ItemId>39147</ItemId>
    </Item>
    <Item>
      <PriceUpdateDate>2025-02-02 13:31:57</PriceUpdateDate>
      <ItemCode>7290110113599</ItemCode>
      <ItemType>1</ItemType>
      <ItemName>נורדיק מיסט מי סודה</ItemName>
      <ManufacturerName>החברה המרכזית לייצור</ManufacturerName>
      <ManufactureCountry>לא ידוע</ManufactureCountry>
      <ManufacturerItemDescription>נורדיק מיסט מי סודה</ManufacturerItemDescription>
      <UnitQty>יחידה   </UnitQty>
      <Quantity>0.00</Quantity>
      <UnitOfMeasure>יחידה   </UnitOfMeasure>
      <bIsWeighted>0</bIsWeighted>
      <QtyInPackage>לא ידוע</QtyInPackage>
      <ItemPrice>4.90</ItemPrice>
      <UnitOfMeasurePrice>0.0000</UnitOfMeasurePrice>
      <AllowDiscount>1</AllowDiscount>
      <ItemStatus>1</ItemStatus>
      <ItemId>98139</ItemId>
    </Item>
    <Item>
      <PriceUpdateDate>2025-08-31 17:21:22</PriceUpdateDate>
      <ItemCode>7290117034705</ItemCode>
      <ItemType>1</ItemType>
      <ItemName>דבש לחיץ יוחננוף 500</ItemName>
      <ManufacturerName>לא ידוע</ManufacturerName>
      <ManufactureCountry>ספרד</ManufactureCountry>
      <ManufacturerItemDescription>דבש לחיץ יוחננוף 500</ManufacturerItemDescription>
      <UnitQty>גרמים</UnitQty>
      <Quantity>500.00</Quantity>
      <UnitOfMeasure>100 גרם</UnitOfMeasure>
      <bIsWeighted>0</bIsWeighted>
      <QtyInPackage>לא ידוע</QtyInPackage>
      <ItemPrice>9.50</ItemPrice>
      <UnitOfMeasurePrice>0.0190</UnitOfMeasurePrice>
      <AllowDiscount>1</AllowDiscount>
      <ItemStatus>1</ItemStatus>
      <ItemId>117817</ItemId>
    </Item>
    <Item>
      <PriceUpdateDate>2024-09-24 07:56:53</PriceUpdateDate>
      <ItemCode>7290017928760</ItemCode>
      <ItemType>1</ItemType>
      <ItemName>בייגלה שטוח ודק עם מ</ItemName>
      <ManufacturerName>לא ידוע</ManufacturerName>
      <ManufactureCountry>ישראל</ManufactureCountry>
      <ManufacturerItemDescription>בייגלה שטוח ודק עם מ</ManufacturerItemDescription>
      <UnitQty>גרמים</UnitQty>
      <Quantity>300.00</Quantity>
      <UnitOfMeasure>100 גרם</UnitOfMeasure>
      <bIsWeighted>0</bIsWeighted>
      <QtyInPackage>לא ידוע</QtyInPackage>
      <ItemPrice>8.90</ItemPrice>
      <UnitOfMeasurePrice>0.0297</UnitOfMeasurePrice>
      <AllowDiscount>1</AllowDiscount>
      <ItemStatus>1</ItemStatus>
      <ItemId>100658</ItemId>
    </Item>
    <Item>
      <PriceUpdateDate>2023-12-31 06:48:43</PriceUpdateDate>
      <ItemCode>7290012117534</ItemCode>
      <ItemType>1</ItemType>
      <ItemName>מרכך כביסה מקסימה מר</ItemName>
      <ManufacturerName>סנו</ManufacturerName>
      <ManufactureCountry>ישראל</ManufactureCountry>
      <ManufacturerItemDescription>מקסימה</ManufacturerItemDescription>
      <UnitQty>ליטרים</UnitQty>
      <Quantity>1.00</Quantity>
      <UnitOfMeasure>ליטר    </UnitOfMeasure>
      <bIsWeighted>0</bIsWeighted>
      <QtyInPackage>לא ידוע</QtyInPackage>
      <ItemPrice>18.90</ItemPrice>
      <UnitOfMeasurePrice>18.9000</UnitOfMeasurePrice>
      <AllowDiscount>1</AllowDiscount>
      <ItemStatus>1</ItemStatus>
      <ItemId>39385</ItemId>
    </Item>
    <Item>
      <PriceUpdateDate>2025-01-15 16:24:16</PriceUpdateDate>
      <ItemCode>7290120870468</ItemCode>
      <ItemType>1</ItemType>
      <ItemName>קמח שקדים מולבנים טח</ItemName>
      <ManufacturerName>לא ידוע</ManufacturerName>
      <ManufactureCountry>ישראל</ManufactureCountry>
      <ManufacturerItemDescription>קמח שקדים מולבנים טח</ManufacturerItemDescription>
      <UnitQty>גרמים</UnitQty>
      <Quantity>200.00</Quantity>
      <UnitOfMeasure>100 גרם</UnitOfMeasure>
      <bIsWeighted>0</bIsWeighted>
      <QtyInPackage>לא ידוע</QtyInPackage>
      <ItemPrice>22.90</ItemPrice>
      <UnitOfMeasurePrice>0.1145</UnitOfMeasurePrice>
      <AllowDiscount>1</AllowDiscount>
      <ItemStatus>1</ItemStatus>
      <ItemId>106163</ItemId>
    </Item>
    <Item>
      <PriceUpdateDate>2024-12-16 11:45:45</PriceUpdateDate>
      <ItemCode>7290019205906</ItemCode>
      <ItemType>1</ItemType>
      <ItemName>שניצלונים שומשום עוף</ItemName>
      <ManufacturerName>עוף טוב</ManufacturerName>
      <ManufactureCountry>ישראל</ManufactureCountry>
      <ManufacturerItemDescription>עוף טוב</ManufacturerItemDescription>
      <UnitQty>גרמים</UnitQty>
      <Quantity>600.00</Quantity>
      <UnitOfMeasure>100 גרם</UnitOfMeasure>
      <bIsWeighted>0</bIsWeighted>
      <QtyInPackage>לא ידוע</QtyInPackage>
      <ItemPrice>19.90</ItemPrice>
      <UnitOfMeasurePrice>0.0332</UnitOfMeasurePrice>
      <AllowDiscount>1</AllowDiscount>
      <ItemStatus>1</ItemStatus>
      <ItemId>105246</ItemId>
    </Item>
    <Item>
      <PriceUpdateDate>2023-08-06 12:16:47</PriceUpdateDate>
      <ItemCode>7290117035054</ItemCode>
      <ItemType>1</ItemType>
      <ItemName>כפפות ניטריל שחורות</ItemName>
      <ManufacturerName>לא ידוע</ManufacturerName>
      <ManufactureCountry>סין</ManufactureCountry>
      <ManufacturerItemDescription>כפפות ניטריל שחורות</ManufacturerItemDescription>
      <UnitQty>יח'</UnitQty>
      <Quantity>100.00</Quantity>
      <UnitOfMeasure>יח'</UnitOfMeasure>
      <bIsWeighted>0</bIsWeighted>
      <QtyInPackage>לא ידוע</QtyInPackage>
      <ItemPrice>19.90</ItemPrice>
      <UnitOfMeasurePrice>0.1990</UnitOfMeasurePrice>
      <AllowDiscount>1</AllowDiscount>
      <ItemStatus>1</ItemStatus>
      <ItemId>73270</ItemId>
    </Item>
    <Item>
      <PriceUpdateDate>2025-10-19 15:14:08</PriceUpdateDate>
      <ItemCode>7290019462552</ItemCode>
      <ItemType>1</ItemType>
      <ItemName>פטריות מלך היער יחי</ItemName>
      <ManufacturerName>לא ידוע</ManufacturerName>
      <ManufactureCountry>לא ידוע</ManufactureCountry>
      <ManufacturerItemDescription>פטריות מלך היער יחי</ManufacturerItemDescription>
      <UnitQty>יח'</UnitQty>
      <Quantity>1.00</Quantity>
      <UnitOfMeasure>יח'</UnitOfMeasure>
      <bIsWeighted>0</bIsWeighted>
      <QtyInPackage>לא ידוע</QtyInPackage>
      <ItemPrice>11.90</ItemPrice>
      <UnitOfMeasurePrice>11.9000</UnitOfMeasurePrice>
      <AllowDiscount>1</AllowDiscount>
      <ItemStatus>1</ItemStatus>
      <ItemId>98728</ItemId>
    </Item>
    <Item>
      <PriceUpdateDate>2024-11-07 16:02:13</PriceUpdateDate>
      <ItemCode>7290019138051</ItemCode>
      <ItemType>1</ItemType>
      <ItemName>צמד מעודנת עם פפריקה</ItemName>
      <ManufacturerName>מעדני יחיעם</ManufacturerName>
      <ManufactureCountry>ישראל</ManufactureCountry>
      <ManufacturerItemDescription>צמד מעודנת עם פפריקה</ManufacturerItemDescription>
      <UnitQty>גרמים</UnitQty>
      <Quantity>700.00</Quantity>
      <UnitOfMeasure>100 גרם</UnitOfMeasure>
      <bIsWeighted>0</bIsWeighted>
      <QtyInPackage>לא ידוע</QtyInPackage>
      <ItemPrice>25.90</ItemPrice>
      <UnitOfMeasurePrice>0.0370</UnitOfMeasurePrice>
      <AllowDiscount>1</AllowDiscount>
      <ItemStatus>1</ItemStatus>
      <ItemId>103021</ItemId>
    </Item>
    <Item>
      <PriceUpdateDate>2024-04-07 17:35:47</PriceUpdateDate>
      <ItemCode>7290019612278</ItemCode>
      <ItemType>1</ItemType>
      <ItemName>שמפו לכל סוגי השיער</ItemName>
      <ManufacturerName>לא ידוע</ManufacturerName>
      <ManufactureCountry>ישראל</ManufactureCountry>
      <ManufacturerItemDescription>שמפו לכל סוגי השיער</ManufacturerItemDescription>
      <UnitQty>מיליליטרים</UnitQty>
      <Quantity>700.00</Quantity>
      <UnitOfMeasure>100 מ"ל</UnitOfMeasure>
      <bIsWeighted>0</bIsWeighted>
      <QtyInPackage>לא ידוע</QtyInPackage>
      <ItemPrice>7.90</ItemPrice>
      <UnitOfMeasurePrice>0.0113</UnitOfMeasurePrice>
      <AllowDiscount>1</AllowDiscount>
      <ItemStatus>1</ItemStatus>
      <ItemId>87917</ItemId>
    </Item>
    <Item>
      <PriceUpdateDate>2024-11-07 16:02:13</PriceUpdateDate>
      <ItemCode>7290019138068</ItemCode>
      <ItemType>1</ItemType>
      <ItemName>נקניקיות עוף יוחננוף</ItemName>
      <ManufacturerName>מעדני יחיעם</ManufacturerName>
      <ManufactureCountry>ישראל</ManufactureCountry>
      <ManufacturerItemDescription>נקניקיות עוף יוחננוף</ManufacturerItemDescription>
      <UnitQty>גרמים</UnitQty>
      <Quantity>400.00</Quantity>
      <UnitOfMeasure>100 גרם</UnitOfMeasure>
      <bIsWeighted>0</bIsWeighted>
      <QtyInPackage>לא ידוע</QtyInPackage>
      <ItemPrice>10.90</ItemPrice>
      <UnitOfMeasurePrice>0.0273</UnitOfMeasurePrice>
      <AllowDiscount>1</AllowDiscount>
      <ItemStatus>1</ItemStatus>
      <ItemId>103027</ItemId>
    </Item>
    <Item>
      <PriceUpdateDate>2025-04-11 10:57:04</PriceUpdateDate>
      <ItemCode>7292410638413</ItemCode>
      <ItemType>1</ItemType>
      <ItemName>מארז סוללות POWERUP</ItemName>
      <ManufacturerName>לא ידוע</ManufacturerName>
      <ManufactureCountry>לא ידוע</ManufactureCountry>
      <ManufacturerItemDescription>מארז סוללות POWERUP</ManufacturerItemDescription>
      <UnitQty>יח'</UnitQty>
      <Quantity>1.00</Quantity>
      <UnitOfMeasure>יח'</UnitOfMeasure>
      <bIsWeighted>0</bIsWeighted>
      <QtyInPackage>לא ידוע</QtyInPackage>
      <ItemPrice>17.90</ItemPrice>
      <UnitOfMeasurePrice>17.9000</UnitOfMeasurePrice>
      <AllowDiscount>1</AllowDiscount>
      <ItemStatus>1</ItemStatus>
      <ItemId>111059</ItemId>
    </Item>
    <Item>
      <PriceUpdateDate>2023-11-05 06:06:25</PriceUpdateDate>
      <ItemCode>7290107280761</ItemCode>
      <ItemType>1</ItemType>
      <ItemName>נוזל לכלים סנו ספארק</ItemName>
      <ManufacturerName>סנו</ManufacturerName>
      <ManufactureCountry>ישראל</ManufactureCountry>
      <ManufacturerItemDescription>ספארק</ManufacturerItemDescription>
      <UnitQty>ליטרים</UnitQty>
      <Quantity>1.00</Quantity>
      <UnitOfMeasure>ליטר    </UnitOfMeasure>
      <bIsWeighted>0</bIsWeighted>
      <QtyInPackage>לא ידוע</QtyInPackage>
      <ItemPrice>11.90</ItemPrice>
      <UnitOfMeasurePrice>11.9000</UnitOfMeasurePrice>
      <AllowDiscount>1</AllowDiscount>
      <ItemStatus>1</ItemStatus>
      <ItemId>39644</ItemId>
    </Item>
    <Item>
      <PriceUpdateDate>2025-02-17 11:51:44</PriceUpdateDate>
      <ItemCode>7701001013596</ItemCode>
      <ItemType>1</ItemType>
      <ItemName>מארז שום יבש</ItemName>
      <ManufacturerName>משתנה</ManufacturerName>
      <ManufactureCountry>סין</ManufactureCountry>
      <ManufacturerItemDescription>שום יבש יחידה</ManufacturerItemDescription>
      <UnitQty>יח'</UnitQty>
      <Quantity>1.00</Quantity>
      <UnitOfMeasure>יח'</UnitOfMeasure>
      <bIsWeighted>0</bIsWeighted>
      <QtyInPackage>לא ידוע</QtyInPackage>
      <ItemPrice>4.90</ItemPrice>
      <UnitOfMeasurePrice>4.9000</UnitOfMeasurePrice>
      <AllowDiscount>1</AllowDiscount>
      <ItemStatus>1</ItemStatus>
      <ItemId>72824</ItemId>
    </Item>
    <Item>
      <PriceUpdateDate>2024-06-30 09:19:36</PriceUpdateDate>
      <ItemCode>7290108351613</ItemCode>
      <ItemType>1</ItemType>
      <ItemName>ריצפז פרש הום בניחוח</ItemName>
      <ManufacturerName>סנו</ManufacturerName>
      <ManufactureCountry>ישראל</ManufactureCountry>
      <ManufacturerItemDescription>ריצפז</ManufacturerItemDescription>
      <UnitQty>ליטרים</UnitQty>
      <Quantity>2.00</Quantity>
      <UnitOfMeasure>ליטר    </UnitOfMeasure>
      <bIsWeighted>0</bIsWeighted>
      <QtyInPackage>לא ידוע</QtyInPackage>
      <ItemPrice>19.90</ItemPrice>
      <UnitOfMeasurePrice>9.9500</UnitOfMeasurePrice>
      <AllowDiscount>1</AllowDiscount>
      <ItemStatus>1</ItemStatus>
      <ItemId>39722</ItemId>
    </Item>
    <Item>
      <PriceUpdateDate>2025-01-05 18:12:48</PriceUpdateDate>
      <ItemCode>7290020187055</ItemCode>
      <ItemType>1</ItemType>
      <ItemName>בננה 500 גרם</ItemName>
      <ManufacturerName>עבודי פירות קפואים ב</ManufacturerName>
      <ManufactureCountry>ויטנאם</ManufactureCountry>
      <ManufacturerItemDescription>עבודי פירות קפואים בע"מ</ManufacturerItemDescription>
      <UnitQty>גרמים</UnitQty>
      <Quantity>500.00</Quantity>
      <UnitOfMeasure>100 גרם</UnitOfMeasure>
      <bIsWeighted>0</bIsWeighted>
      <QtyInPackage>לא ידוע</QtyInPackage>
      <ItemPrice>11.90</ItemPrice>
      <UnitOfMeasurePrice>0.0238</UnitOfMeasurePrice>
      <AllowDiscount>1</AllowDiscount>
      <ItemStatus>1</ItemStatus>
      <ItemId>106240</ItemId>
    </Item>
    <Item>
      <PriceUpdateDate>2024-11-07 16:02:13</PriceUpdateDate>
      <ItemCode>7290019138075</ItemCode>
      <ItemType>1</ItemType>
      <ItemName>נקניקיות עוף יוחננוף</ItemName>
      <ManufacturerName>מעדני יחיעם</ManufacturerName>
      <ManufactureCountry>ישראל</ManufactureCountry>
      <ManufacturerItemDescription>נקניקיות עוף יוחננוף</ManufacturerItemDescription>
      <UnitQty>קילוגרמים</UnitQty>
      <Quantity>1.50</Quantity>
      <UnitOfMeasure>ק"ג     </UnitOfMeasure>
      <bIsWeighted>0</bIsWeighted>
      <QtyInPackage>לא ידוע</QtyInPackage>
      <ItemPrice>29.90</ItemPrice>
      <UnitOfMeasurePrice>19.9333</UnitOfMeasurePrice>
      <AllowDiscount>1</AllowDiscount>
      <ItemStatus>1</ItemStatus>
      <ItemId>103028</ItemId>
    </Item>
    <Item>
      <PriceUpdateDate>2024-06-30 09:19:36</PriceUpdateDate>
      <ItemCode>7290108352450</ItemCode>
      <ItemType>1</ItemType>
      <ItemName>ריצפז פרש הום בניחוח</ItemName>
      <ManufacturerName>סנו</ManufacturerName>
      <ManufactureCountry>ישראל</ManufactureCountry>
      <ManufacturerItemDescription>ריצפז</ManufacturerItemDescription>
      <UnitQty>ליטרים</UnitQty>
      <Quantity>2.00</Quantity>
      <UnitOfMeasure>ליטר    </UnitOfMeasure>
      <bIsWeighted>0</bIsWeighted>
      <QtyInPackage>לא ידוע</QtyInPackage>
      <ItemPrice>19.90</ItemPrice>
      <UnitOfMeasurePrice>9.9500</UnitOfMeasurePrice>
      <AllowDiscount>1</AllowDiscount>
      <ItemStatus>1</ItemStatus>
      <ItemId>39787</ItemId>
    </Item>
    <Item>
      <PriceUpdateDate>2023-12-06 15:02:13</PriceUpdateDate>
      <ItemCode>7290117035078</ItemCode>
      <ItemType>1</ItemType>
      <ItemName>ניילון נצמד יוחננוף</ItemName>
      <ManufacturerName>לא ידוע</ManufacturerName>
      <ManufactureCountry>סין</ManufactureCountry>
      <ManufacturerItemDescription>ניילון נצמד יוחננוף</ManufacturerItemDescription>
      <UnitQty>מטרים</UnitQty>
      <Quantity>150.00</Quantity>
      <UnitOfMeasure>מטר</UnitOfMeasure>
      <bIsWeighted>0</bIsWeighted>
      <QtyInPackage>לא ידוע</QtyInPackage>
      <ItemPrice>14.90</ItemPrice>
      <UnitOfMeasurePrice>0.0993</UnitOfMeasurePrice>
      <AllowDiscount>1</AllowDiscount>
      <ItemStatus>1</ItemStatus>
      <ItemId>79990</ItemId>
    </Item>
    <Item>
      <PriceUpdateDate>2025-06-19 16:02:27</PriceUpdateDate>
      <ItemCode>8718951689848</ItemCode>
      <ItemType>1</ItemType>
      <ItemName>קולגייט משחת טוטאל א</ItemName>
      <ManufacturerName>CP-Poland swidnica</ManufacturerName>
      <ManufactureCountry>פולין</ManufactureCountry>
      <ManufacturerItemDescription>קולגייט</ManufacturerItemDescription>
      <UnitQty>מיליליטרים</UnitQty>
      <Quantity>100.00</Quantity>
      <UnitOfMeasure>100 מ"ל</UnitOfMeasure>
      <bIsWeighted>0</bIsWeighted>
      <QtyInPackage>לא ידוע</QtyInPackage>
      <ItemPrice>18.90</ItemPrice>
      <UnitOfMeasurePrice>0.1890</UnitOfMeasurePrice>
      <AllowDiscount>1</AllowDiscount>
      <ItemStatus>1</ItemStatus>
      <ItemId>114178</ItemId>
    </Item>
    <Item>
      <PriceUpdateDate>2022-09-20 13:17:48</PriceUpdateDate>
      <ItemCode>7290108354591</ItemCode>
      <ItemType>1</ItemType>
      <ItemName>תחליב רחצה נקה 7 בני</ItemName>
      <ManufacturerName>אמיליה קוסמטיקס בע"מ</ManufacturerName>
      <ManufactureCountry>ישראל</ManufactureCountry>
      <ManufacturerItemDescription>נקה 7</ManufacturerItemDescription>
      <UnitQty>מיליליטרים</UnitQty>
      <Quantity>750.00</Quantity>
      <UnitOfMeasure>100 מ"ל</UnitOfMeasure>
      <bIsWeighted>0</bIsWeighted>
      <QtyInPackage>לא ידוע</QtyInPackage>
      <ItemPrice>9.90</ItemPrice>
      <UnitOfMeasurePrice>0.0132</UnitOfMeasurePrice>
      <AllowDiscount>1</AllowDiscount>
      <ItemStatus>1</ItemStatus>
      <ItemId>39905</ItemId>
    </Item>
    <Item>
      <PriceUpdateDate>2025-01-08 14:47:24</PriceUpdateDate>
      <ItemCode>835811008699</ItemCode>
      <ItemType>1</ItemType>
      <ItemName>כפות 50 יח` שקוף עבה</ItemName>
      <ManufacturerName>גרנג יוניברס , הונג</ManufacturerName>
      <ManufactureCountry>תורכיה</ManufactureCountry>
      <ManufacturerItemDescription>הנמל</ManufacturerItemDescription>
      <UnitQty>יח'</UnitQty>
      <Quantity>50.00</Quantity>
      <UnitOfMeasure>יח'</UnitOfMeasure>
      <bIsWeighted>0</bIsWeighted>
      <QtyInPackage>לא ידוע</QtyInPackage>
      <ItemPrice>10.00</ItemPrice>
      <UnitOfMeasurePrice>0.2000</UnitOfMeasurePrice>
      <AllowDiscount>1</AllowDiscount>
      <ItemStatus>1</ItemStatus>
      <ItemId>40242</ItemId>
    </Item>
    <Item>
      <PriceUpdateDate>2025-01-08 14:47:24</PriceUpdateDate>
      <ItemCode>835811008934</ItemCode>
      <ItemType>1</ItemType>
      <ItemName>מזלגות 50 יח`  שקוף</ItemName>
      <ManufacturerName>גרנג יוניברס , הונג</ManufacturerName>
      <ManufactureCountry>תורכיה</ManufactureCountry>
      <ManufacturerItemDescription>הנמל</ManufacturerItemDescription>
      <UnitQty>יח'</UnitQty>
      <Quantity>50.00</Quantity>
      <UnitOfMeasure>יח'</UnitOfMeasure>
      <bIsWeighted>0</bIsWeighted>
      <QtyInPackage>לא ידוע</QtyInPackage>
      <ItemPrice>10.00</ItemPrice>
      <UnitOfMeasurePrice>0.2000</UnitOfMeasurePrice>
      <AllowDiscount>1</AllowDiscount>
      <ItemStatus>1</ItemStatus>
      <ItemId>40248</ItemId>
    </Item>
    <Item>
      <PriceUpdateDate>2025-01-08 14:47:24</PriceUpdateDate>
      <ItemCode>835811008941</ItemCode>
      <ItemType>1</ItemType>
      <ItemName>סכינים 50 יח`שקוף  ע</ItemName>
      <ManufacturerName>גרנג יוניברס , הונג</ManufacturerName>
      <ManufactureCountry>תורכיה</ManufactureCountry>
      <ManufacturerItemDescription>הנמל</ManufacturerItemDescription>
      <UnitQty>יח'</UnitQty>
      <Quantity>50.00</Quantity>
      <UnitOfMeasure>יח'</UnitOfMeasure>
      <bIsWeighted>0</bIsWeighted>
      <QtyInPackage>לא ידוע</QtyInPackage>
      <ItemPrice>10.00</ItemPrice>
      <UnitOfMeasurePrice>0.2000</UnitOfMeasurePrice>
      <AllowDiscount>1</AllowDiscount>
      <ItemStatus>1</ItemStatus>
      <ItemId>40249</ItemId>
    </Item>
    <Item>
      <PriceUpdateDate>2025-01-02 08:49:36</PriceUpdateDate>
      <ItemCode>835811008958</ItemCode>
      <ItemType>1</ItemType>
      <ItemName>כפיות 50 יח`  שקוף ע</ItemName>
      <ManufacturerName>גרנג יוניברס , הונג</ManufacturerName>
      <ManufactureCountry>תורכיה</ManufactureCountry>
      <ManufacturerItemDescription>הנמל</ManufacturerItemDescription>
      <UnitQty>יח'</UnitQty>
      <Quantity>50.00</Quantity>
      <UnitOfMeasure>יח'</UnitOfMeasure>
      <bIsWeighted>0</bIsWeighted>
      <QtyInPackage>לא ידוע</QtyInPackage>
      <ItemPrice>10.00</ItemPrice>
      <UnitOfMeasurePrice>0.2000</UnitOfMeasurePrice>
      <AllowDiscount>1</AllowDiscount>
      <ItemStatus>1</ItemStatus>
      <ItemId>40250</ItemId>
    </Item>
    <Item>
      <PriceUpdateDate>2025-04-22 16:44:30</PriceUpdateDate>
      <ItemCode>7290001670255</ItemCode>
      <ItemType>1</ItemType>
      <ItemName>כוסות קרטון 8B  50</ItemName>
      <ManufacturerName>לא ידוע</ManufacturerName>
      <ManufactureCountry>לא ידוע</ManufactureCountry>
      <ManufacturerItemDescription>כוסות קרטון 8B  50</ManufacturerItemDescription>
      <UnitQty>יח'</UnitQty>
      <Quantity>50.00</Quantity>
      <UnitOfMeasure>יח'</UnitOfMeasure>
      <bIsWeighted>0</bIsWeighted>
      <QtyInPackage>לא ידוע</QtyInPackage>
      <ItemPrice>5.90</ItemPrice>
      <UnitOfMeasurePrice>0.1180</UnitOfMeasurePrice>
      <AllowDiscount>1</AllowDiscount>
      <ItemStatus>1</ItemStatus>
      <ItemId>40283</ItemId>
    </Item>
    <Item>
      <PriceUpdateDate>2023-04-30 14:05:39</PriceUpdateDate>
      <ItemCode>7290002007234</ItemCode>
      <ItemType>1</ItemType>
      <ItemName>אבקת סוכר 100 גרם</ItemName>
      <ManufacturerName>לא ידוע</ManufacturerName>
      <ManufactureCountry>לא ידוע</ManufactureCountry>
      <ManufacturerItemDescription>אבקת סוכר 100 גרם</ManufacturerItemDescription>
      <UnitQty>גרמים</UnitQty>
      <Quantity>100.00</Quantity>
      <UnitOfMeasure>100 גרם</UnitOfMeasure>
      <bIsWeighted>0</bIsWeighted>
      <QtyInPackage>לא ידוע</QtyInPackage>
      <ItemPrice>1.90</ItemPrice>
      <UnitOfMeasurePrice>0.0190</UnitOfMeasurePrice>
      <AllowDiscount>1</AllowDiscount>
      <ItemStatus>1</ItemStatus>
      <ItemId>40294</ItemId>
    </Item>
    <Item>
      <PriceUpdateDate>2023-03-01 06:53:04</PriceUpdateDate>
      <ItemCode>7290002007241</ItemCode>
      <ItemType>1</ItemType>
      <ItemName>סודה לשתיה 50 גרם</ItemName>
      <ManufacturerName>לא ידוע</ManufacturerName>
      <ManufactureCountry>לא ידוע</ManufactureCountry>
      <ManufacturerItemDescription>סודה לשתיה 50 גרם</ManufacturerItemDescription>
      <UnitQty>גרמים</UnitQty>
      <Quantity>50.00</Quantity>
      <UnitOfMeasure>100 גרם</UnitOfMeasure>
      <bIsWeighted>0</bIsWeighted>
      <QtyInPackage>לא ידוע</QtyInPackage>
      <ItemPrice>1.90</ItemPrice>
      <UnitOfMeasurePrice>0.0380</UnitOfMeasurePrice>
      <AllowDiscount>1</AllowDiscount>
      <ItemStatus>1</ItemStatus>
      <ItemId>40295</ItemId>
    </Item>
    <Item>
      <PriceUpdateDate>2022-09-20 12:45:20</PriceUpdateDate>
      <ItemCode>7290002007500</ItemCode>
      <ItemType>1</ItemType>
      <ItemName>קסמים חבית 500 יחידו</ItemName>
      <ManufacturerName>הנג טונג</ManufacturerName>
      <ManufactureCountry>סין</ManufactureCountry>
      <ManufacturerItemDescription>הנמל</ManufacturerItemDescription>
      <UnitQty>יח'</UnitQty>
      <Quantity>500.00</Quantity>
      <UnitOfMeasure>יח'</UnitOfMeasure>
      <bIsWeighted>0</bIsWeighted>
      <QtyInPackage>לא ידוע</QtyInPackage>
      <ItemPrice>2.90</ItemPrice>
      <UnitOfMeasurePrice>0.0058</UnitOfMeasurePrice>
      <AllowDiscount>1</AllowDiscount>
      <ItemStatus>1</ItemStatus>
      <ItemId>40301</ItemId>
    </Item>
    <Item>
      <PriceUpdateDate>2022-09-20 12:45:20</PriceUpdateDate>
      <ItemCode>7290002007852</ItemCode>
      <ItemType>1</ItemType>
      <ItemName>תמצית בטעם וניל 55 מ</ItemName>
      <ManufacturerName>ממתקי עלה ייצור שווק</ManufacturerName>
      <ManufactureCountry>ישראל</ManufactureCountry>
      <ManufacturerItemDescription>עלה</ManufacturerItemDescription>
      <UnitQty>מיליליטרים</UnitQty>
      <Quantity>55.00</Quantity>
      <UnitOfMeasure>100 מ"ל</UnitOfMeasure>
      <bIsWeighted>0</bIsWeighted>
      <QtyInPackage>לא ידוע</QtyInPackage>
      <ItemPrice>2.90</ItemPrice>
      <UnitOfMeasurePrice>0.0527</UnitOfMeasurePrice>
      <AllowDiscount>1</AllowDiscount>
      <ItemStatus>1</ItemStatus>
      <ItemId>40307</ItemId>
    </Item>
    <Item>
      <PriceUpdateDate>2025-01-02 08:49:41</PriceUpdateDate>
      <ItemCode>7290002007890</ItemCode>
      <ItemType>1</ItemType>
      <ItemName>כוסות 100 יח` 200  P</ItemName>
      <ManufacturerName>אריזות מדף - פלזית</ManufacturerName>
      <ManufactureCountry>ישראל</ManufactureCountry>
      <ManufacturerItemDescription>הנמל</ManufacturerItemDescription>
      <UnitQty>יח'</UnitQty>
      <Quantity>100.00</Quantity>
      <UnitOfMeasure>יח'</UnitOfMeasure>
      <bIsWeighted>0</bIsWeighted>
      <QtyInPackage>לא ידוע</QtyInPackage>
      <ItemPrice>7.00</ItemPrice>
      <UnitOfMeasurePrice>0.0700</UnitOfMeasurePrice>
      <AllowDiscount>1</AllowDiscount>
      <ItemStatus>1</ItemStatus>
      <ItemId>40308</ItemId>
    </Item>
    <Item>
      <PriceUpdateDate>2025-01-02 08:49:41</PriceUpdateDate>
      <ItemCode>7290002007975</ItemCode>
      <ItemType>1</ItemType>
      <ItemName>צלחות קטן 50 יחידות</ItemName>
      <ManufacturerName>אריזות מדף - פלזית</ManufacturerName>
      <ManufactureCountry>ישראל</ManufactureCountry>
      <ManufacturerItemDescription>הנמל</ManufacturerItemDescription>
      <UnitQty>יח'</UnitQty>
      <Quantity>50.00</Quantity>
      <UnitOfMeasure>יח'</UnitOfMeasure>
      <bIsWeighted>0</bIsWeighted>
      <QtyInPackage>לא ידוע</QtyInPackage>
      <ItemPrice>7.00</ItemPrice>
      <UnitOfMeasurePrice>0.1400</UnitOfMeasurePrice>
      <AllowDiscount>1</AllowDiscount>
      <ItemStatus>1</ItemStatus>
      <ItemId>40311</ItemId>
    </Item>
    <Item>
      <PriceUpdateDate>2023-06-20 21:41:20</PriceUpdateDate>
      <ItemCode>7290002008231</ItemCode>
      <ItemType>1</ItemType>
      <ItemName>אציטון 100 מ"ל</ItemName>
      <ManufacturerName>לא ידוע</ManufacturerName>
      <ManufactureCountry>לא ידוע</ManufactureCountry>
      <ManufacturerItemDescription>אציטון 100 מ"ל</ManufacturerItemDescription>
      <UnitQty>מיליליטרים</UnitQty>
      <Quantity>100.00</Quantity>
      <UnitOfMeasure>100 מ"ל</UnitOfMeasure>
      <bIsWeighted>0</bIsWeighted>
      <QtyInPackage>לא ידוע</QtyInPackage>
      <ItemPrice>4.90</ItemPrice>
      <UnitOfMeasurePrice>0.0490</UnitOfMeasurePrice>
      <AllowDiscount>1</AllowDiscount>
      <ItemStatus>1</ItemStatus>
      <ItemId>40323</ItemId>
    </Item>
    <Item>
      <PriceUpdateDate>2025-03-03 15:07:12</PriceUpdateDate>
      <ItemCode>7290002008651</ItemCode>
      <ItemType>1</ItemType>
      <ItemName>קמח תפוח אדמה 500</ItemName>
      <ManufacturerName>בשקביץ</ManufacturerName>
      <ManufactureCountry>ישראל</ManufactureCountry>
      <ManufacturerItemDescription>הנמל</ManufacturerItemDescription>
      <UnitQty>גרמים</UnitQty>
      <Quantity>500.00</Quantity>
      <UnitOfMeasure>100 גרם</UnitOfMeasure>
      <bIsWeighted>0</bIsWeighted>
      <QtyInPackage>לא ידוע</QtyInPackage>
      <ItemPrice>7.90</ItemPrice>
      <UnitOfMeasurePrice>0.0158</UnitOfMeasurePrice>
      <AllowDiscount>1</AllowDiscount>
      <ItemStatus>1</ItemStatus>
      <ItemId>40330</ItemId>
    </Item>
    <Item>
      <PriceUpdateDate>2024-08-04 06:49:56</PriceUpdateDate>
      <ItemCode>7290002008743</ItemCode>
      <ItemType>1</ItemType>
      <ItemName>סוכר וניל 10 יח'</ItemName>
      <ManufacturerName>לא ידוע</ManufacturerName>
      <ManufactureCountry>לא ידוע</ManufactureCountry>
      <ManufacturerItemDescription>סוכר וניל 10 יח'</ManufacturerItemDescription>
      <UnitQty>גרמים</UnitQty>
      <Quantity>100.00</Quantity>
      <UnitOfMeasure>100 גרם</UnitOfMeasure>
      <bIsWeighted>0</bIsWeighted>
      <QtyInPackage>לא ידוע</QtyInPackage>
      <ItemPrice>2.90</ItemPrice>
      <UnitOfMeasurePrice>0.0290</UnitOfMeasurePrice>
      <AllowDiscount>1</AllowDiscount>
      <ItemStatus>1</ItemStatus>
      <ItemId>40331</ItemId>
    </Item>
    <Item>
      <PriceUpdateDate>2024-03-12 17:10:18</PriceUpdateDate>
      <ItemCode>7290002008750</ItemCode>
      <ItemType>1</ItemType>
      <ItemName>אבקת אפיה 10 יח'</ItemName>
      <ManufacturerName>לא ידוע</ManufacturerName>
      <ManufactureCountry>לא ידוע</ManufactureCountry>
      <ManufacturerItemDescription>אבקת אפיה 10 יח'</ManufacturerItemDescription>
      <UnitQty>גרמים</UnitQty>
      <Quantity>10.00</Quantity>
      <UnitOfMeasure>100 גרם</UnitOfMeasure>
      <bIsWeighted>0</bIsWeighted>
      <QtyInPackage>לא ידוע</QtyInPackage>
      <ItemPrice>2.90</ItemPrice>
      <UnitOfMeasurePrice>0.2900</UnitOfMeasurePrice>
      <AllowDiscount>1</AllowDiscount>
      <ItemStatus>1</ItemStatus>
      <ItemId>40332</ItemId>
    </Item>
    <Item>
      <PriceUpdateDate>2024-03-14 14:52:57</PriceUpdateDate>
      <ItemCode>7290112014320</ItemCode>
      <ItemType>1</ItemType>
      <ItemName>וינגרט נענע 370 גרם</ItemName>
      <ManufacturerName>תמרה רטבים</ManufacturerName>
      <ManufactureCountry>ישראל</ManufactureCountry>
      <ManufacturerItemDescription>וינגרט נענע 370 גרם</ManufacturerItemDescription>
      <UnitQty>גרמים</UnitQty>
      <Quantity>360.00</Quantity>
      <UnitOfMeasure>100 גרם</UnitOfMeasure>
      <bIsWeighted>0</bIsWeighted>
      <QtyInPackage>לא ידוע</QtyInPackage>
      <ItemPrice>14.90</ItemPrice>
      <UnitOfMeasurePrice>0.0414</UnitOfMeasurePrice>
      <AllowDiscount>1</AllowDiscount>
      <ItemStatus>1</ItemStatus>
      <ItemId>86198</ItemId>
    </Item>
    <Item>
      <PriceUpdateDate>2025-11-30 18:46:11</PriceUpdateDate>
      <ItemCode>7290108509984</ItemCode>
      <ItemType>1</ItemType>
      <ItemName>רוטב סויה 300 מ"ל</ItemName>
      <ManufacturerName>אריבו</ManufacturerName>
      <ManufactureCountry>תאילנד</ManufactureCountry>
      <ManufacturerItemDescription>רוטב סויה 300 מ"ל</ManufacturerItemDescription>
      <UnitQty>מיליליטרים</UnitQty>
      <Quantity>300.00</Quantity>
      <UnitOfMeasure>100 מ"ל</UnitOfMeasure>
      <bIsWeighted>0</bIsWeighted>
      <QtyInPackage>לא ידוע</QtyInPackage>
      <ItemPrice>9.00</ItemPrice>
      <UnitOfMeasurePrice>0.0300</UnitOfMeasurePrice>
      <AllowDiscount>1</AllowDiscount>
      <ItemStatus>1</ItemStatus>
      <ItemId>75137</ItemId>
    </Item>
    <Item>
      <PriceUpdateDate>2023-08-06 12:16:47</PriceUpdateDate>
      <ItemCode>7290019337010</ItemCode>
      <ItemType>1</ItemType>
      <ItemName>כריות קרצוף עם סיבי</ItemName>
      <ManufacturerName>סדובסקי</ManufacturerName>
      <ManufactureCountry>ישראל</ManufactureCountry>
      <ManufacturerItemDescription>כריות קרצוף עם סיבי</ManufacturerItemDescription>
      <UnitQty>יח'</UnitQty>
      <Quantity>2.00</Quantity>
      <UnitOfMeasure>יח'</UnitOfMeasure>
      <bIsWeighted>0</bIsWeighted>
      <QtyInPackage>לא ידוע</QtyInPackage>
      <ItemPrice>7.90</ItemPrice>
      <UnitOfMeasurePrice>3.9500</UnitOfMeasurePrice>
      <AllowDiscount>1</AllowDiscount>
      <ItemStatus>1</ItemStatus>
      <ItemId>76421</ItemId>
    </Item>
    <Item>
      <PriceUpdateDate>2015-01-01 00:00:00</PriceUpdateDate>
      <ItemCode>267114279</ItemCode>
      <ItemType>1</ItemType>
      <ItemName>ג'וני ווקר בלו לייבל</ItemName>
      <ManufacturerName>לא ידוע</ManufacturerName>
      <ManufactureCountry>לא ידוע</ManufactureCountry>
      <ManufacturerItemDescription>ג'וני ווקר בלו לייבל</ManufacturerItemDescription>
      <UnitQty>מיליליטרים</UnitQty>
      <Quantity>750.00</Quantity>
      <UnitOfMeasure>100 מ"ל</UnitOfMeasure>
      <bIsWeighted>0</bIsWeighted>
      <QtyInPackage>לא ידוע</QtyInPackage>
      <ItemPrice>0.00</ItemPrice>
      <UnitOfMeasurePrice>0.0000</UnitOfMeasurePrice>
      <AllowDiscount>1</AllowDiscount>
      <ItemStatus>1</ItemStatus>
      <ItemId>117491</ItemId>
    </Item>
    <Item>
      <PriceUpdateDate>2025-08-03 13:16:00</PriceUpdateDate>
      <ItemCode>7290116935898</ItemCode>
      <ItemType>1</ItemType>
      <ItemName>יוגורט חלבון גו אוור</ItemName>
      <ManufacturerName>תנובה</ManufacturerName>
      <ManufactureCountry>ישראל</ManufactureCountry>
      <ManufacturerItemDescription>יוגורט חלבון גו אוור</ManufacturerItemDescription>
      <UnitQty>גרמים</UnitQty>
      <Quantity>200.00</Quantity>
      <UnitOfMeasure>100 גרם</UnitOfMeasure>
      <bIsWeighted>0</bIsWeighted>
      <QtyInPackage>לא ידוע</QtyInPackage>
      <ItemPrice>6.40</ItemPrice>
      <UnitOfMeasurePrice>0.0320</UnitOfMeasurePrice>
      <AllowDiscount>1</AllowDiscount>
      <ItemStatus>1</ItemStatus>
      <ItemId>116437</ItemId>
    </Item>
    <Item>
      <PriceUpdateDate>2024-11-07 16:02:13</PriceUpdateDate>
      <ItemCode>7290019138020</ItemCode>
      <ItemType>1</ItemType>
      <ItemName>סלמי מעושן בסגנון אי</ItemName>
      <ManufacturerName>מעדני יחיעם</ManufacturerName>
      <ManufactureCountry>ישראל</ManufactureCountry>
      <ManufacturerItemDescription>סלמי מעושן בסגנון אי</ManufacturerItemDescription>
      <UnitQty>גרמים</UnitQty>
      <Quantity>300.00</Quantity>
      <UnitOfMeasure>100 גרם</UnitOfMeasure>
      <bIsWeighted>0</bIsWeighted>
      <QtyInPackage>לא ידוע</QtyInPackage>
      <ItemPrice>21.90</ItemPrice>
      <UnitOfMeasurePrice>0.0730</UnitOfMeasurePrice>
      <AllowDiscount>1</AllowDiscount>
      <ItemStatus>1</ItemStatus>
      <ItemId>102985</ItemId>
    </Item>
    <Item>
      <PriceUpdateDate>2024-11-07 16:02:13</PriceUpdateDate>
      <ItemCode>7290019138044</ItemCode>
      <ItemType>1</ItemType>
      <ItemName>פסטרמה מעודנת בדבש י</ItemName>
      <ManufacturerName>מעדני יחיעם</ManufacturerName>
      <ManufactureCountry>ישראל</ManufactureCountry>
      <ManufacturerItemDescription>פסטרמה מעודנת בדבש י</ManufacturerItemDescription>
      <UnitQty>גרמים</UnitQty>
      <Quantity>300.00</Quantity>
      <UnitOfMeasure>100 גרם</UnitOfMeasure>
      <bIsWeighted>0</bIsWeighted>
      <QtyInPackage>לא ידוע</QtyInPackage>
      <ItemPrice>21.90</ItemPrice>
      <UnitOfMeasurePrice>0.0730</UnitOfMeasurePrice>
      <AllowDiscount>1</AllowDiscount>
      <ItemStatus>1</ItemStatus>
      <ItemId>102986</ItemId>
    </Item>
    <Item>
      <PriceUpdateDate>2025-01-01 21:30:11</PriceUpdateDate>
      <ItemCode>7290003578061</ItemCode>
      <ItemType>1</ItemType>
      <ItemName>לבבות דקל שלמים 400</ItemName>
      <ManufacturerName>פרוסקונסה</ManufacturerName>
      <ManufactureCountry>אקוודור</ManufactureCountry>
      <ManufacturerItemDescription>וילי פוד</ManufacturerItemDescription>
      <UnitQty>גרמים</UnitQty>
      <Quantity>400.00</Quantity>
      <UnitOfMeasure>100 גרם</UnitOfMeasure>
      <bIsWeighted>0</bIsWeighted>
      <QtyInPackage>לא ידוע</QtyInPackage>
      <ItemPrice>13.00</ItemPrice>
      <UnitOfMeasurePrice>0.0325</UnitOfMeasurePrice>
      <AllowDiscount>1</AllowDiscount>
      <ItemStatus>1</ItemStatus>
      <ItemId>40868</ItemId>
    </Item>
    <Item>
      <PriceUpdateDate>2025-07-20 16:08:04</PriceUpdateDate>
      <ItemCode>7290003578177</ItemCode>
      <ItemType>1</ItemType>
      <ItemName>תירס גמדי 410 גרם</ItemName>
      <ManufacturerName>מג'סטיק פוד</ManufacturerName>
      <ManufactureCountry>תאילנד</ManufactureCountry>
      <ManufacturerItemDescription>וילי פוד</ManufacturerItemDescription>
      <UnitQty>גרמים</UnitQty>
      <Quantity>410.00</Quantity>
      <UnitOfMeasure>100 גרם</UnitOfMeasure>
      <bIsWeighted>0</bIsWeighted>
      <QtyInPackage>לא ידוע</QtyInPackage>
      <ItemPrice>9.90</ItemPrice>
      <UnitOfMeasurePrice>0.0241</UnitOfMeasurePrice>
      <AllowDiscount>1</AllowDiscount>
      <ItemStatus>1</ItemStatus>
      <ItemId>40874</ItemId>
    </Item>
    <Item>
      <PriceUpdateDate>2025-01-01 21:30:11</PriceUpdateDate>
      <ItemCode>7290003781065</ItemCode>
      <ItemType>1</ItemType>
      <ItemName>מלפפונים בחומץ 680 ג</ItemName>
      <ManufacturerName>לא ידוע</ManufacturerName>
      <ManufactureCountry>כללי</ManufactureCountry>
      <ManufacturerItemDescription>מלפפונים בסגנון צרפתי</ManufacturerItemDescription>
      <UnitQty>גרמים</UnitQty>
      <Quantity>680.00</Quantity>
      <UnitOfMeasure>100 גרם</UnitOfMeasure>
      <bIsWeighted>0</bIsWeighted>
      <QtyInPackage>לא ידוע</QtyInPackage>
      <ItemPrice>12.00</ItemPrice>
      <UnitOfMeasurePrice>0.0176</UnitOfMeasurePrice>
      <AllowDiscount>1</AllowDiscount>
      <ItemStatus>1</ItemStatus>
      <ItemId>40881</ItemId>
    </Item>
    <Item>
      <PriceUpdateDate>2025-02-16 11:32:19</PriceUpdateDate>
      <ItemCode>7290003781652</ItemCode>
      <ItemType>1</ItemType>
      <ItemName>צלפים 350 גרם</ItemName>
      <ManufacturerName>טינטאש</ManufacturerName>
      <ManufactureCountry>תורכיה</ManufactureCountry>
      <ManufacturerItemDescription>וילי פוד</ManufacturerItemDescription>
      <UnitQty>גרמים</UnitQty>
      <Quantity>350.00</Quantity>
      <UnitOfMeasure>100 גרם</UnitOfMeasure>
      <bIsWeighted>0</bIsWeighted>
      <QtyInPackage>לא ידוע</QtyInPackage>
      <ItemPrice>12.90</ItemPrice>
      <UnitOfMeasurePrice>0.0369</UnitOfMeasurePrice>
      <AllowDiscount>1</AllowDiscount>
      <ItemStatus>1</ItemStatus>
      <ItemId>40882</ItemId>
    </Item>
    <Item>
      <PriceUpdateDate>2024-02-27 22:29:14</PriceUpdateDate>
      <ItemCode>7290003864485</ItemCode>
      <ItemType>1</ItemType>
      <ItemName>סרדין ברוטב עגבניות</ItemName>
      <ManufacturerName>גולדן פרייז</ManufacturerName>
      <ManufactureCountry>TH</ManufactureCountry>
      <ManufacturerItemDescription>וילי פוד</ManufacturerItemDescription>
      <UnitQty>יחידה   </UnitQty>
      <Quantity>0.00</Quantity>
      <UnitOfMeasure>יחידה   </UnitOfMeasure>
      <bIsWeighted>0</bIsWeighted>
      <QtyInPackage>לא ידוע</QtyInPackage>
      <ItemPrice>5.30</ItemPrice>
      <UnitOfMeasurePrice>0.0000</UnitOfMeasurePrice>
      <AllowDiscount>1</AllowDiscount>
      <ItemStatus>1</ItemStatus>
      <ItemId>40888</ItemId>
    </Item>
    <Item>
      <PriceUpdateDate>2025-11-23 16:35:39</PriceUpdateDate>
      <ItemCode>7290003882922</ItemCode>
      <ItemType>1</ItemType>
      <ItemName>עלי גפן ממולאים 400</ItemName>
      <ManufacturerName>לא ידוע</ManufacturerName>
      <ManufactureCountry>כללי</ManufactureCountry>
      <ManufacturerItemDescription>עלי גפן ממולאים 400 גרם</ManufacturerItemDescription>
      <UnitQty>גרמים</UnitQty>
      <Quantity>400.00</Quantity>
      <UnitOfMeasure>100 גרם</UnitOfMeasure>
      <bIsWeighted>0</bIsWeighted>
      <QtyInPackage>לא ידוע</QtyInPackage>
      <ItemPrice>15.90</ItemPrice>
      <UnitOfMeasurePrice>0.0398</UnitOfMeasurePrice>
      <AllowDiscount>1</AllowDiscount>
      <ItemStatus>1</ItemStatus>
      <ItemId>40892</ItemId>
    </Item>
    <Item>
      <PriceUpdateDate>2025-07-28 13:48:40</PriceUpdateDate>
      <ItemCode>7290004219277</ItemCode>
      <ItemType>1</ItemType>
      <ItemName>אנשובי ארוך 78 גרם</ItemName>
      <ManufacturerName>קונסרבאס פרדו</ManufacturerName>
      <ManufactureCountry>ספרד</ManufactureCountry>
      <ManufacturerItemDescription>וילי פוד</ManufacturerItemDescription>
      <UnitQty>גרמים</UnitQty>
      <Quantity>45.00</Quantity>
      <UnitOfMeasure>100 גרם</UnitOfMeasure>
      <bIsWeighted>0</bIsWeighted>
      <QtyInPackage>לא ידוע</QtyInPackage>
      <ItemPrice>16.90</ItemPrice>
      <UnitOfMeasurePrice>0.3756</UnitOfMeasurePrice>
      <AllowDiscount>1</AllowDiscount>
      <ItemStatus>1</ItemStatus>
      <ItemId>40894</ItemId>
    </Item>
    <Item>
      <PriceUpdateDate>2025-01-01 21:30:12</PriceUpdateDate>
      <ItemCode>7290008175814</ItemCode>
      <ItemType>1</ItemType>
      <ItemName>פטריות חתוכות 400 גר</ItemName>
      <ManufacturerName>אוקוצמפ</ManufacturerName>
      <ManufactureCountry>פולין</ManufactureCountry>
      <ManufacturerItemDescription>וילי פוד</ManufacturerItemDescription>
      <UnitQty>גרמים</UnitQty>
      <Quantity>400.00</Quantity>
      <UnitOfMeasure>100 גרם</UnitOfMeasure>
      <bIsWeighted>0</bIsWeighted>
      <QtyInPackage>לא ידוע</QtyInPackage>
      <ItemPrice>6.40</ItemPrice>
      <UnitOfMeasurePrice>0.0160</UnitOfMeasurePrice>
      <AllowDiscount>1</AllowDiscount>
      <ItemStatus>1</ItemStatus>
      <ItemId>40923</ItemId>
    </Item>
    <Item>
      <PriceUpdateDate>2022-09-20 12:54:11</PriceUpdateDate>
      <ItemCode>7290010259823</ItemCode>
      <ItemType>1</ItemType>
      <ItemName>מנת השף נודלס</ItemName>
      <ManufacturerName>נמצ'או</ManufacturerName>
      <ManufactureCountry>תאילנד</ManufactureCountry>
      <ManufacturerItemDescription>וילי פוד</ManufacturerItemDescription>
      <UnitQty>גרמים</UnitQty>
      <Quantity>70.00</Quantity>
      <UnitOfMeasure>100 גרם</UnitOfMeasure>
      <bIsWeighted>0</bIsWeighted>
      <QtyInPackage>לא ידוע</QtyInPackage>
      <ItemPrice>4.90</ItemPrice>
      <UnitOfMeasurePrice>0.0700</UnitOfMeasurePrice>
      <AllowDiscount>1</AllowDiscount>
      <ItemStatus>1</ItemStatus>
      <ItemId>40931</ItemId>
    </Item>
    <Item>
      <PriceUpdateDate>2022-09-20 12:54:11</PriceUpdateDate>
      <ItemCode>7290010259830</ItemCode>
      <ItemType>1</ItemType>
      <ItemName>מנת השף נודלס סיני</ItemName>
      <ManufacturerName>נמצ'או</ManufacturerName>
      <ManufactureCountry>תאילנד</ManufactureCountry>
      <ManufacturerItemDescription>וילי פוד</ManufacturerItemDescription>
      <UnitQty>גרמים</UnitQty>
      <Quantity>70.00</Quantity>
      <UnitOfMeasure>100 גרם</UnitOfMeasure>
      <bIsWeighted>0</bIsWeighted>
      <QtyInPackage>לא ידוע</QtyInPackage>
      <ItemPrice>4.90</ItemPrice>
      <UnitOfMeasurePrice>0.0700</UnitOfMeasurePrice>
      <AllowDiscount>1</AllowDiscount>
      <ItemStatus>1</ItemStatus>
      <ItemId>40932</ItemId>
    </Item>
    <Item>
      <PriceUpdateDate>2025-06-29 16:54:40</PriceUpdateDate>
      <ItemCode>7290010259991</ItemCode>
      <ItemType>1</ItemType>
      <ItemName>צנימים 250 ג</ItemName>
      <ManufacturerName>דן קייק</ManufacturerName>
      <ManufactureCountry>פורטוגל</ManufactureCountry>
      <ManufacturerItemDescription>וילי פוד</ManufacturerItemDescription>
      <UnitQty>גרמים</UnitQty>
      <Quantity>250.00</Quantity>
      <UnitOfMeasure>100 גרם</UnitOfMeasure>
      <bIsWeighted>0</bIsWeighted>
      <QtyInPackage>לא ידוע</QtyInPackage>
      <ItemPrice>8.90</ItemPrice>
      <UnitOfMeasurePrice>0.0356</UnitOfMeasurePrice>
      <AllowDiscount>1</AllowDiscount>
      <ItemStatus>1</ItemStatus>
      <ItemId>40939</ItemId>
    </Item>
    <Item>
      <PriceUpdateDate>2024-03-19 14:20:46</PriceUpdateDate>
      <ItemCode>7290014692565</ItemCode>
      <ItemType>1</ItemType>
      <ItemName>גרעיני תירס מתוק 320</ItemName>
      <ManufacturerName>מגסטיק פוד</ManufacturerName>
      <ManufactureCountry>תאילנד</ManufactureCountry>
      <ManufacturerItemDescription>וילי פוד</ManufacturerItemDescription>
      <UnitQty>גרמים</UnitQty>
      <Quantity>320.00</Quantity>
      <UnitOfMeasure>100 גרם</UnitOfMeasure>
      <bIsWeighted>0</bIsWeighted>
      <QtyInPackage>לא ידוע</QtyInPackage>
      <ItemPrice>5.90</ItemPrice>
      <UnitOfMeasurePrice>0.0184</UnitOfMeasurePrice>
      <AllowDiscount>1</AllowDiscount>
      <ItemStatus>1</ItemStatus>
      <ItemId>40981</ItemId>
    </Item>
    <Item>
      <PriceUpdateDate>2025-01-05 18:12:48</PriceUpdateDate>
      <ItemCode>7290020187062</ItemCode>
      <ItemType>1</ItemType>
      <ItemName>תות שדה 500 גרם</ItemName>
      <ManufacturerName>עבודי פירות קפואים ב</ManufacturerName>
      <ManufactureCountry>מצרים</ManufactureCountry>
      <ManufacturerItemDescription>עבודי פירות קפואים בע"מ</ManufacturerItemDescription>
      <UnitQty>גרמים</UnitQty>
      <Quantity>500.00</Quantity>
      <UnitOfMeasure>100 גרם</UnitOfMeasure>
      <bIsWeighted>0</bIsWeighted>
      <QtyInPackage>לא ידוע</QtyInPackage>
      <ItemPrice>11.90</ItemPrice>
      <UnitOfMeasurePrice>0.0238</UnitOfMeasurePrice>
      <AllowDiscount>1</AllowDiscount>
      <ItemStatus>1</ItemStatus>
      <ItemId>106241</ItemId>
    </Item>
    <Item>
      <PriceUpdateDate>2025-06-22 15:56:12</PriceUpdateDate>
      <ItemCode>7290100704967</ItemCode>
      <ItemType>1</ItemType>
      <ItemName>שימורי עדשים ירוקות</ItemName>
      <ManufacturerName>סוגת</ManufacturerName>
      <ManufactureCountry>ישראל</ManufactureCountry>
      <ManufacturerItemDescription>שימורי עדשים ירוקות</ManufacturerItemDescription>
      <UnitQty>גרמים</UnitQty>
      <Quantity>400.00</Quantity>
      <UnitOfMeasure>100 גרם</UnitOfMeasure>
      <bIsWeighted>0</bIsWeighted>
      <QtyInPackage>לא ידוע</QtyInPackage>
      <ItemPrice>8.90</ItemPrice>
      <UnitOfMeasurePrice>0.0223</UnitOfMeasurePrice>
      <AllowDiscount>1</AllowDiscount>
      <ItemStatus>1</ItemStatus>
      <ItemId>106764</ItemId>
    </Item>
    <Item>
      <PriceUpdateDate>2025-01-05 18:12:49</PriceUpdateDate>
      <ItemCode>7290108503043</ItemCode>
      <ItemType>1</ItemType>
      <ItemName>מארז תפוחונים 88 גרם</ItemName>
      <ManufacturerName>ינטאי</ManufacturerName>
      <ManufactureCountry>סין</ManufactureCountry>
      <ManufacturerItemDescription>תפוחונים</ManufacturerItemDescription>
      <UnitQty>גרמים</UnitQty>
      <Quantity>88.00</Quantity>
      <UnitOfMeasure>100 גרם</UnitOfMeasure>
      <bIsWeighted>0</bIsWeighted>
      <QtyInPackage>לא ידוע</QtyInPackage>
      <ItemPrice>18.00</ItemPrice>
      <UnitOfMeasurePrice>0.2045</UnitOfMeasurePrice>
      <AllowDiscount>1</AllowDiscount>
      <ItemStatus>1</ItemStatus>
      <ItemId>41134</ItemId>
    </Item>
    <Item>
      <PriceUpdateDate>2025-01-05 18:12:48</PriceUpdateDate>
      <ItemCode>7290020187116</ItemCode>
      <ItemType>1</ItemType>
      <ItemName>אננס 500 גרם</ItemName>
      <ManufacturerName>עבודי פירות קפואים ב</ManufacturerName>
      <ManufactureCountry>אקוודור</ManufactureCountry>
      <ManufacturerItemDescription>אננס 500 גרם</ManufacturerItemDescription>
      <UnitQty>גרמים</UnitQty>
      <Quantity>500.00</Quantity>
      <UnitOfMeasure>100 גרם</UnitOfMeasure>
      <bIsWeighted>0</bIsWeighted>
      <QtyInPackage>לא ידוע</QtyInPackage>
      <ItemPrice>15.90</ItemPrice>
      <UnitOfMeasurePrice>0.0318</UnitOfMeasurePrice>
      <AllowDiscount>1</AllowDiscount>
      <ItemStatus>1</ItemStatus>
      <ItemId>106242</ItemId>
    </Item>
    <Item>
      <PriceUpdateDate>2025-09-21 19:36:56</PriceUpdateDate>
      <ItemCode>8006540935033</ItemCode>
      <ItemType>1</ItemType>
      <ItemName>שמפו שולדרס 2ב1 350</ItemName>
      <ManufacturerName>פרוקטר אנד גמבל</ManufacturerName>
      <ManufactureCountry>תורכיה</ManufactureCountry>
      <ManufacturerItemDescription>שמפו שולדרס 2ב1 350</ManufacturerItemDescription>
      <UnitQty>מיליליטרים</UnitQty>
      <Quantity>350.00</Quantity>
      <UnitOfMeasure>100 מ"ל</UnitOfMeasure>
      <bIsWeighted>0</bIsWeighted>
      <QtyInPackage>לא ידוע</QtyInPackage>
      <ItemPrice>13.90</ItemPrice>
      <UnitOfMeasurePrice>0.0397</UnitOfMeasurePrice>
      <AllowDiscount>1</AllowDiscount>
      <ItemStatus>1</ItemStatus>
      <ItemId>118743</ItemId>
    </Item>
    <Item>
      <PriceUpdateDate>2025-05-07 18:09:58</PriceUpdateDate>
      <ItemCode>5000159558792</ItemCode>
      <ItemType>1</ItemType>
      <ItemName>מרס חטיף 51 גרם</ItemName>
      <ManufacturerName>מרס</ManufacturerName>
      <ManufactureCountry>הולנד</ManufactureCountry>
      <ManufacturerItemDescription>מרס</ManufacturerItemDescription>
      <UnitQty>גרמים</UnitQty>
      <Quantity>51.00</Quantity>
      <UnitOfMeasure>100 גרם</UnitOfMeasure>
      <bIsWeighted>0</bIsWeighted>
      <QtyInPackage>לא ידוע</QtyInPackage>
      <ItemPrice>5.90</ItemPrice>
      <UnitOfMeasurePrice>0.1157</UnitOfMeasurePrice>
      <AllowDiscount>1</AllowDiscount>
      <ItemStatus>1</ItemStatus>
      <ItemId>91636</ItemId>
    </Item>
    <Item>
      <PriceUpdateDate>2025-11-25 15:51:43</PriceUpdateDate>
      <ItemCode>7290111346347</ItemCode>
      <ItemType>1</ItemType>
      <ItemName>טישו קלינקס חמישייה</ItemName>
      <ManufacturerName>קימברלי קלארק</ManufacturerName>
      <ManufactureCountry>ישראל</ManufactureCountry>
      <ManufacturerItemDescription>טישו קלינקס חמישייה</ManufacturerItemDescription>
      <UnitQty>יח'</UnitQty>
      <Quantity>350.00</Quantity>
      <UnitOfMeasure>יח'</UnitOfMeasure>
      <bIsWeighted>0</bIsWeighted>
      <QtyInPackage>לא ידוע</QtyInPackage>
      <ItemPrice>15.00</ItemPrice>
      <UnitOfMeasurePrice>0.0429</UnitOfMeasurePrice>
      <AllowDiscount>1</AllowDiscount>
      <ItemStatus>1</ItemStatus>
      <ItemId>120775</ItemId>
    </Item>
    <Item>
      <PriceUpdateDate>2025-05-07 17:26:33</PriceUpdateDate>
      <ItemCode>7622202013188</ItemCode>
      <ItemType>1</ItemType>
      <ItemName>שוקולד קרם אגוזים מי</ItemName>
      <ManufacturerName>מונדלייז</ManufacturerName>
      <ManufactureCountry>גרמניה</ManufactureCountry>
      <ManufacturerItemDescription>מילקה</ManufacturerItemDescription>
      <UnitQty>גרמים</UnitQty>
      <Quantity>85.00</Quantity>
      <UnitOfMeasure>100 גרם</UnitOfMeasure>
      <bIsWeighted>0</bIsWeighted>
      <QtyInPackage>לא ידוע</QtyInPackage>
      <ItemPrice>10.90</ItemPrice>
      <UnitOfMeasurePrice>0.1282</UnitOfMeasurePrice>
      <AllowDiscount>1</AllowDiscount>
      <ItemStatus>1</ItemStatus>
      <ItemId>83695</ItemId>
    </Item>
    <Item>
      <PriceUpdateDate>2025-01-05 18:12:49</PriceUpdateDate>
      <ItemCode>7290109580272</ItemCode>
      <ItemType>1</ItemType>
      <ItemName>סרוולד בסגנון איטלקי</ItemName>
      <ManufacturerName>זוגלובק</ManufacturerName>
      <ManufactureCountry>ישראל</ManufactureCountry>
      <ManufacturerItemDescription>זוגלובק</ManufacturerItemDescription>
      <UnitQty>גרמים</UnitQty>
      <Quantity>150.00</Quantity>
      <UnitOfMeasure>100 גרם</UnitOfMeasure>
      <bIsWeighted>0</bIsWeighted>
      <QtyInPackage>לא ידוע</QtyInPackage>
      <ItemPrice>29.10</ItemPrice>
      <UnitOfMeasurePrice>0.1940</UnitOfMeasurePrice>
      <AllowDiscount>1</AllowDiscount>
      <ItemStatus>1</ItemStatus>
      <ItemId>73134</ItemId>
    </Item>
    <Item>
      <PriceUpdateDate>2024-03-06 17:04:34</PriceUpdateDate>
      <ItemCode>16229917609</ItemCode>
      <ItemType>1</ItemType>
      <ItemName>פוקו מי קוקוס בתוספת</ItemName>
      <ManufacturerName>לא ידוע</ManufacturerName>
      <ManufactureCountry>ויטנאם</ManufactureCountry>
      <ManufacturerItemDescription>פוקו מי קוקוס בתוספת</ManufacturerItemDescription>
      <UnitQty>יח'</UnitQty>
      <Quantity>300.00</Quantity>
      <UnitOfMeasure>יח'</UnitOfMeasure>
      <bIsWeighted>0</bIsWeighted>
      <QtyInPackage>לא ידוע</QtyInPackage>
      <ItemPrice>9.50</ItemPrice>
      <UnitOfMeasurePrice>0.0317</UnitOfMeasurePrice>
      <AllowDiscount>1</AllowDiscount>
      <ItemStatus>1</ItemStatus>
      <ItemId>81283</ItemId>
    </Item>
    <Item>
      <PriceUpdateDate>2025-12-15 08:56:40</PriceUpdateDate>
      <ItemCode>7290108509700</ItemCode>
      <ItemType>1</ItemType>
      <ItemName>אורז פרסי דוואט 1 ק"</ItemName>
      <ManufacturerName>וילי פוד</ManufacturerName>
      <ManufactureCountry>ישראל</ManufactureCountry>
      <ManufacturerItemDescription>אורז פרסי דוואט 1 ק"</ManufacturerItemDescription>
      <UnitQty>קילוגרמים</UnitQty>
      <Quantity>1.00</Quantity>
      <UnitOfMeasure>ק"ג     </UnitOfMeasure>
      <bIsWeighted>0</bIsWeighted>
      <QtyInPackage>לא ידוע</QtyInPackage>
      <ItemPrice>11.90</ItemPrice>
      <UnitOfMeasurePrice>11.9000</UnitOfMeasurePrice>
      <AllowDiscount>1</AllowDiscount>
      <ItemStatus>1</ItemStatus>
      <ItemId>41414</ItemId>
    </Item>
    <Item>
      <PriceUpdateDate>2022-09-20 13:19:08</PriceUpdateDate>
      <ItemCode>7290108509908</ItemCode>
      <ItemType>1</ItemType>
      <ItemName>מנת השף אטריות להכנה</ItemName>
      <ManufacturerName>נמצ'או</ManufacturerName>
      <ManufactureCountry>תאילנד</ManufactureCountry>
      <ManufacturerItemDescription>מנת השף אטריות להכנה</ManufacturerItemDescription>
      <UnitQty>גרמים</UnitQty>
      <Quantity>85.00</Quantity>
      <UnitOfMeasure>100 גרם</UnitOfMeasure>
      <bIsWeighted>0</bIsWeighted>
      <QtyInPackage>לא ידוע</QtyInPackage>
      <ItemPrice>3.90</ItemPrice>
      <UnitOfMeasurePrice>0.0459</UnitOfMeasurePrice>
      <AllowDiscount>1</AllowDiscount>
      <ItemStatus>1</ItemStatus>
      <ItemId>41422</ItemId>
    </Item>
    <Item>
      <PriceUpdateDate>2022-09-20 13:19:08</PriceUpdateDate>
      <ItemCode>7290108509922</ItemCode>
      <ItemType>1</ItemType>
      <ItemName>מנת השף אטריות להכנה</ItemName>
      <ManufacturerName>נמצ'או</ManufacturerName>
      <ManufactureCountry>תאילנד</ManufactureCountry>
      <ManufacturerItemDescription>מנת השף אטריות להכנה</ManufacturerItemDescription>
      <UnitQty>גרמים</UnitQty>
      <Quantity>85.00</Quantity>
      <UnitOfMeasure>100 גרם</UnitOfMeasure>
      <bIsWeighted>0</bIsWeighted>
      <QtyInPackage>לא ידוע</QtyInPackage>
      <ItemPrice>3.90</ItemPrice>
      <UnitOfMeasurePrice>0.0459</UnitOfMeasurePrice>
      <AllowDiscount>1</AllowDiscount>
      <ItemStatus>1</ItemStatus>
      <ItemId>41424</ItemId>
    </Item>
    <Item>
      <PriceUpdateDate>2025-02-02 13:31:55</PriceUpdateDate>
      <ItemCode>7290109581248</ItemCode>
      <ItemType>1</ItemType>
      <ItemName>פסטרמה גחלים 250 גרם</ItemName>
      <ManufacturerName>זוגלובק</ManufacturerName>
      <ManufactureCountry>ישראל</ManufactureCountry>
      <ManufacturerItemDescription>פסטרמה גחלים 250 גרם</ManufacturerItemDescription>
      <UnitQty>גרמים</UnitQty>
      <Quantity>250.00</Quantity>
      <UnitOfMeasure>100 גרם</UnitOfMeasure>
      <bIsWeighted>0</bIsWeighted>
      <QtyInPackage>לא ידוע</QtyInPackage>
      <ItemPrice>22.90</ItemPrice>
      <UnitOfMeasurePrice>0.0916</UnitOfMeasurePrice>
      <AllowDiscount>1</AllowDiscount>
      <ItemStatus>1</ItemStatus>
      <ItemId>90172</ItemId>
    </Item>
    <Item>
      <PriceUpdateDate>2025-07-22 14:49:00</PriceUpdateDate>
      <ItemCode>8690777206051</ItemCode>
      <ItemType>1</ItemType>
      <ItemName>חצילים קלויים 650 גר</ItemName>
      <ManufacturerName>קורהאן</ManufacturerName>
      <ManufactureCountry>תורכיה</ManufactureCountry>
      <ManufacturerItemDescription>SERA</ManufacturerItemDescription>
      <UnitQty>גרמים</UnitQty>
      <Quantity>650.00</Quantity>
      <UnitOfMeasure>100 גרם</UnitOfMeasure>
      <bIsWeighted>0</bIsWeighted>
      <QtyInPackage>לא ידוע</QtyInPackage>
      <ItemPrice>14.90</ItemPrice>
      <UnitOfMeasurePrice>0.0229</UnitOfMeasurePrice>
      <AllowDiscount>1</AllowDiscount>
      <ItemStatus>1</ItemStatus>
      <ItemId>41540</ItemId>
    </Item>
    <Item>
      <PriceUpdateDate>2025-08-04 15:50:09</PriceUpdateDate>
      <ItemCode>8690777221405</ItemCode>
      <ItemType>1</ItemType>
      <ItemName>פלפל אדום קלוי על הא</ItemName>
      <ManufacturerName>קורהאן</ManufacturerName>
      <ManufactureCountry>תורכיה</ManufactureCountry>
      <ManufacturerItemDescription>SERA</ManufacturerItemDescription>
      <UnitQty>גרמים</UnitQty>
      <Quantity>650.00</Quantity>
      <UnitOfMeasure>100 גרם</UnitOfMeasure>
      <bIsWeighted>0</bIsWeighted>
      <QtyInPackage>לא ידוע</QtyInPackage>
      <ItemPrice>15.90</ItemPrice>
      <UnitOfMeasurePrice>0.0245</UnitOfMeasurePrice>
      <AllowDiscount>1</AllowDiscount>
      <ItemStatus>1</ItemStatus>
      <ItemId>41542</ItemId>
    </Item>
    <Item>
      <PriceUpdateDate>2025-08-03 13:38:19</PriceUpdateDate>
      <ItemCode>8857101301008</ItemCode>
      <ItemType>1</ItemType>
      <ItemName>רוטב צ'ילי מתוק 700</ItemName>
      <ManufacturerName>פאן אינטר</ManufacturerName>
      <ManufactureCountry>תאילנד</ManufactureCountry>
      <ManufacturerItemDescription>וילי פוד</ManufacturerItemDescription>
      <UnitQty>מיליליטרים</UnitQty>
      <Quantity>700.00</Quantity>
      <UnitOfMeasure>100 מ"ל</UnitOfMeasure>
      <bIsWeighted>0</bIsWeighted>
      <QtyInPackage>לא ידוע</QtyInPackage>
      <ItemPrice>10.80</ItemPrice>
      <UnitOfMeasurePrice>0.0154</UnitOfMeasurePrice>
      <AllowDiscount>1</AllowDiscount>
      <ItemStatus>1</ItemStatus>
      <ItemId>41555</ItemId>
    </Item>
    <Item>
      <PriceUpdateDate>2025-01-01 21:30:26</PriceUpdateDate>
      <ItemCode>8901537024014</ItemCode>
      <ItemType>1</ItemType>
      <ItemName>אורז בסמטי 1 ק"ג</ItemName>
      <ManufacturerName>lt foods</ManufacturerName>
      <ManufactureCountry>הודו</ManufactureCountry>
      <ManufacturerItemDescription>DAAWAT</ManufacturerItemDescription>
      <UnitQty>קילוגרמים</UnitQty>
      <Quantity>1.00</Quantity>
      <UnitOfMeasure>ק"ג     </UnitOfMeasure>
      <bIsWeighted>0</bIsWeighted>
      <QtyInPackage>לא ידוע</QtyInPackage>
      <ItemPrice>15.00</ItemPrice>
      <UnitOfMeasurePrice>15.0000</UnitOfMeasurePrice>
      <AllowDiscount>1</AllowDiscount>
      <ItemStatus>1</ItemStatus>
      <ItemId>41559</ItemId>
    </Item>
    <Item>
      <PriceUpdateDate>2024-07-09 17:32:12</PriceUpdateDate>
      <ItemCode>7290116934242</ItemCode>
      <ItemType>1</ItemType>
      <ItemName>ג'לי תנובה בטעם אננס</ItemName>
      <ManufacturerName>תנובה</ManufacturerName>
      <ManufactureCountry>ישראל</ManufactureCountry>
      <ManufacturerItemDescription>תנובה</ManufacturerItemDescription>
      <UnitQty>גרמים</UnitQty>
      <Quantity>125.00</Quantity>
      <UnitOfMeasure>100 גרם</UnitOfMeasure>
      <bIsWeighted>0</bIsWeighted>
      <QtyInPackage>לא ידוע</QtyInPackage>
      <ItemPrice>2.50</ItemPrice>
      <UnitOfMeasurePrice>0.0200</UnitOfMeasurePrice>
      <AllowDiscount>1</AllowDiscount>
      <ItemStatus>1</ItemStatus>
      <ItemId>95090</ItemId>
    </Item>
    <Item>
      <PriceUpdateDate>2023-12-28 17:15:05</PriceUpdateDate>
      <ItemCode>7290002349976</ItemCode>
      <ItemType>1</ItemType>
      <ItemName>ספוג הפלא חזק במיוחד</ItemName>
      <ManufacturerName>לא ידוע</ManufacturerName>
      <ManufactureCountry>ישראל</ManufactureCountry>
      <ManufacturerItemDescription>ספוג הפלא חזק במיוחד</ManufacturerItemDescription>
      <UnitQty>יח'</UnitQty>
      <Quantity>6.00</Quantity>
      <UnitOfMeasure>יח'</UnitOfMeasure>
      <bIsWeighted>0</bIsWeighted>
      <QtyInPackage>לא ידוע</QtyInPackage>
      <ItemPrice>7.90</ItemPrice>
      <UnitOfMeasurePrice>1.3167</UnitOfMeasurePrice>
      <AllowDiscount>1</AllowDiscount>
      <ItemStatus>1</ItemStatus>
      <ItemId>80780</ItemId>
    </Item>
    <Item>
      <PriceUpdateDate>2025-12-09 13:47:10</PriceUpdateDate>
      <ItemCode>59096917</ItemCode>
      <ItemType>1</ItemType>
      <ItemName>דאב רולאון אוריגינל</ItemName>
      <ManufacturerName>יוניליוור HPC</ManufacturerName>
      <ManufactureCountry>פיליפינים</ManufactureCountry>
      <ManufacturerItemDescription>DOVE</ManufacturerItemDescription>
      <UnitQty>מיליליטרים</UnitQty>
      <Quantity>50.00</Quantity>
      <UnitOfMeasure>100 מ"ל</UnitOfMeasure>
      <bIsWeighted>0</bIsWeighted>
      <QtyInPackage>לא ידוע</QtyInPackage>
      <ItemPrice>17.90</ItemPrice>
      <UnitOfMeasurePrice>0.3580</UnitOfMeasurePrice>
      <AllowDiscount>1</AllowDiscount>
      <ItemStatus>1</ItemStatus>
      <ItemId>90560</ItemId>
    </Item>
    <Item>
      <PriceUpdateDate>2025-01-20 14:16:52</PriceUpdateDate>
      <ItemCode>7290000208213</ItemCode>
      <ItemType>1</ItemType>
      <ItemName>שעועית ברוטב יכין 58</ItemName>
      <ManufacturerName>זנלכל</ManufacturerName>
      <ManufactureCountry>ישראל</ManufactureCountry>
      <ManufacturerItemDescription>שעועית אפויה יכין 580 גרם</ManufacturerItemDescription>
      <UnitQty>גרמים</UnitQty>
      <Quantity>580.00</Quantity>
      <UnitOfMeasure>100 גרם</UnitOfMeasure>
      <bIsWeighted>0</bIsWeighted>
      <QtyInPackage>לא ידוע</QtyInPackage>
      <ItemPrice>10.90</ItemPrice>
      <UnitOfMeasurePrice>0.0188</UnitOfMeasurePrice>
      <AllowDiscount>1</AllowDiscount>
      <ItemStatus>1</ItemStatus>
      <ItemId>41580</ItemId>
    </Item>
    <Item>
      <PriceUpdateDate>2025-06-12 15:36:58</PriceUpdateDate>
      <ItemCode>7290110555337</ItemCode>
      <ItemType>1</ItemType>
      <ItemName>משקה קפה נמס קר קלאס</ItemName>
      <ManufacturerName>מונסטרלנד</ManufacturerName>
      <ManufactureCountry>גרמניה</ManufactureCountry>
      <ManufacturerItemDescription>משקה קפה נמס קר קלאס</ManufacturerItemDescription>
      <UnitQty>מיליליטרים</UnitQty>
      <Quantity>250.00</Quantity>
      <UnitOfMeasure>100 מ"ל</UnitOfMeasure>
      <bIsWeighted>0</bIsWeighted>
      <QtyInPackage>לא ידוע</QtyInPackage>
      <ItemPrice>9.90</ItemPrice>
      <UnitOfMeasurePrice>0.0396</UnitOfMeasurePrice>
      <AllowDiscount>1</AllowDiscount>
      <ItemStatus>1</ItemStatus>
      <ItemId>113925</ItemId>
    </Item>
    <Item>
      <PriceUpdateDate>2025-01-20 14:16:52</PriceUpdateDate>
      <ItemCode>7290000208428</ItemCode>
      <ItemType>1</ItemType>
      <ItemName>חומוס יכין 550 גרם</ItemName>
      <ManufacturerName>זנלכל</ManufacturerName>
      <ManufactureCountry>ישראל</ManufactureCountry>
      <ManufacturerItemDescription>חומוס 550 גרם</ManufacturerItemDescription>
      <UnitQty>גרמים</UnitQty>
      <Quantity>550.00</Quantity>
      <UnitOfMeasure>100 גרם</UnitOfMeasure>
      <bIsWeighted>0</bIsWeighted>
      <QtyInPackage>לא ידוע</QtyInPackage>
      <ItemPrice>10.90</ItemPrice>
      <UnitOfMeasurePrice>0.0198</UnitOfMeasurePrice>
      <AllowDiscount>1</AllowDiscount>
      <ItemStatus>1</ItemStatus>
      <ItemId>41592</ItemId>
    </Item>
    <Item>
      <PriceUpdateDate>2025-08-04 08:16:39</PriceUpdateDate>
      <ItemCode>7290000209722</ItemCode>
      <ItemType>1</ItemType>
      <ItemName>פריכוז עגבניות יכין</ItemName>
      <ManufacturerName>זנלכל</ManufacturerName>
      <ManufactureCountry>ישראל</ManufactureCountry>
      <ManufacturerItemDescription>פריכוז עגבניות 580 גרם</ManufacturerItemDescription>
      <UnitQty>גרמים</UnitQty>
      <Quantity>580.00</Quantity>
      <UnitOfMeasure>100 גרם</UnitOfMeasure>
      <bIsWeighted>0</bIsWeighted>
      <QtyInPackage>לא ידוע</QtyInPackage>
      <ItemPrice>13.90</ItemPrice>
      <UnitOfMeasurePrice>0.0240</UnitOfMeasurePrice>
      <AllowDiscount>1</AllowDiscount>
      <ItemStatus>1</ItemStatus>
      <ItemId>41612</ItemId>
    </Item>
    <Item>
      <PriceUpdateDate>2023-08-03 17:07:27</PriceUpdateDate>
      <ItemCode>7290018546987</ItemCode>
      <ItemType>1</ItemType>
      <ItemName>אורז יסמין יוחננוף 1</ItemName>
      <ManufacturerName>רייסלנד פודס לימיטד</ManufacturerName>
      <ManufactureCountry>תאילנד</ManufactureCountry>
      <ManufacturerItemDescription>אורז יסמין יוחננוף 1</ManufacturerItemDescription>
      <UnitQty>קילוגרמים</UnitQty>
      <Quantity>1.00</Quantity>
      <UnitOfMeasure>ק"ג     </UnitOfMeasure>
      <bIsWeighted>0</bIsWeighted>
      <QtyInPackage>לא ידוע</QtyInPackage>
      <ItemPrice>8.90</ItemPrice>
      <UnitOfMeasurePrice>8.9000</UnitOfMeasurePrice>
      <AllowDiscount>1</AllowDiscount>
      <ItemStatus>1</ItemStatus>
      <ItemId>76322</ItemId>
    </Item>
    <Item>
      <PriceUpdateDate>2025-01-20 14:16:53</PriceUpdateDate>
      <ItemCode>7290017105895</ItemCode>
      <ItemType>1</ItemType>
      <ItemName>גרגירי חומוס בבישול</ItemName>
      <ManufacturerName>יכין</ManufacturerName>
      <ManufactureCountry>ישראל</ManufactureCountry>
      <ManufacturerItemDescription>יכין</ManufacturerItemDescription>
      <UnitQty>גרמים</UnitQty>
      <Quantity>560.00</Quantity>
      <UnitOfMeasure>100 גרם</UnitOfMeasure>
      <bIsWeighted>0</bIsWeighted>
      <QtyInPackage>לא ידוע</QtyInPackage>
      <ItemPrice>10.90</ItemPrice>
      <UnitOfMeasurePrice>0.0195</UnitOfMeasurePrice>
      <AllowDiscount>1</AllowDiscount>
      <ItemStatus>1</ItemStatus>
      <ItemId>41686</ItemId>
    </Item>
    <Item>
      <PriceUpdateDate>2025-09-03 12:04:55</PriceUpdateDate>
      <ItemCode>7290018359495</ItemCode>
      <ItemType>1</ItemType>
      <ItemName>תירס מהשדה יכין 550</ItemName>
      <ManufacturerName>זנלכל</ManufacturerName>
      <ManufactureCountry>ישראל</ManufactureCountry>
      <ManufacturerItemDescription>תירס מהשדה יכין 550</ManufacturerItemDescription>
      <UnitQty>גרמים</UnitQty>
      <Quantity>550.00</Quantity>
      <UnitOfMeasure>100 גרם</UnitOfMeasure>
      <bIsWeighted>0</bIsWeighted>
      <QtyInPackage>לא ידוע</QtyInPackage>
      <ItemPrice>10.90</ItemPrice>
      <UnitOfMeasurePrice>0.0198</UnitOfMeasurePrice>
      <AllowDiscount>1</AllowDiscount>
      <ItemStatus>1</ItemStatus>
      <ItemId>41703</ItemId>
    </Item>
    <Item>
      <PriceUpdateDate>2025-02-27 12:18:49</PriceUpdateDate>
      <ItemCode>7290116934488</ItemCode>
      <ItemType>1</ItemType>
      <ItemName>משקה סויה GO קפה 500</ItemName>
      <ManufacturerName>תנובה</ManufacturerName>
      <ManufactureCountry>ישראל</ManufactureCountry>
      <ManufacturerItemDescription>משקה סויה GO קפה 500</ManufacturerItemDescription>
      <UnitQty>מיליליטרים</UnitQty>
      <Quantity>500.00</Quantity>
      <UnitOfMeasure>100 מ"ל</UnitOfMeasure>
      <bIsWeighted>0</bIsWeighted>
      <QtyInPackage>לא ידוע</QtyInPackage>
      <ItemPrice>11.90</ItemPrice>
      <UnitOfMeasurePrice>0.0238</UnitOfMeasurePrice>
      <AllowDiscount>1</AllowDiscount>
      <ItemStatus>1</ItemStatus>
      <ItemId>108813</ItemId>
    </Item>
    <Item>
      <PriceUpdateDate>2025-11-30 18:51:05</PriceUpdateDate>
      <ItemCode>7290002971955</ItemCode>
      <ItemType>1</ItemType>
      <ItemName>קמח שטיבל  650 ל.צ.נ</ItemName>
      <ManufacturerName>טחנת קמח דגן-שטיבל</ManufacturerName>
      <ManufactureCountry>ישראל</ManufactureCountry>
      <ManufacturerItemDescription>קמח שטיבל  650 ל.צ.נ</ManufacturerItemDescription>
      <UnitQty>קילוגרמים</UnitQty>
      <Quantity>1.00</Quantity>
      <UnitOfMeasure>ק"ג     </UnitOfMeasure>
      <bIsWeighted>0</bIsWeighted>
      <QtyInPackage>לא ידוע</QtyInPackage>
      <ItemPrice>9.90</ItemPrice>
      <UnitOfMeasurePrice>9.9000</UnitOfMeasurePrice>
      <AllowDiscount>1</AllowDiscount>
      <ItemStatus>1</ItemStatus>
      <ItemId>41727</ItemId>
    </Item>
    <Item>
      <PriceUpdateDate>2025-08-19 16:45:10</PriceUpdateDate>
      <ItemCode>7290018546697</ItemCode>
      <ItemType>1</ItemType>
      <ItemName>אורז פרסי זיפר יוחננ</ItemName>
      <ManufacturerName>רייסלנד פודס לימיטד</ManufacturerName>
      <ManufactureCountry>תאילנד</ManufactureCountry>
      <ManufacturerItemDescription>אורז פרסי זיפר יוחננ</ManufacturerItemDescription>
      <UnitQty>קילוגרמים</UnitQty>
      <Quantity>1.00</Quantity>
      <UnitOfMeasure>ק"ג     </UnitOfMeasure>
      <bIsWeighted>0</bIsWeighted>
      <QtyInPackage>לא ידוע</QtyInPackage>
      <ItemPrice>8.90</ItemPrice>
      <UnitOfMeasurePrice>8.9000</UnitOfMeasurePrice>
      <AllowDiscount>1</AllowDiscount>
      <ItemStatus>1</ItemStatus>
      <ItemId>74454</ItemId>
    </Item>
    <Item>
      <PriceUpdateDate>2024-05-22 12:05:48</PriceUpdateDate>
      <ItemCode>7290019308690</ItemCode>
      <ItemType>1</ItemType>
      <ItemName>תחתיות ארטישוק 400 ג</ItemName>
      <ManufacturerName>לא ידוע</ManufacturerName>
      <ManufactureCountry>לא ידוע</ManufactureCountry>
      <ManufacturerItemDescription>תחתיות ארטישוק 400 ג</ManufacturerItemDescription>
      <UnitQty>גרמים</UnitQty>
      <Quantity>400.00</Quantity>
      <UnitOfMeasure>100 גרם</UnitOfMeasure>
      <bIsWeighted>0</bIsWeighted>
      <QtyInPackage>לא ידוע</QtyInPackage>
      <ItemPrice>9.90</ItemPrice>
      <UnitOfMeasurePrice>0.0248</UnitOfMeasurePrice>
      <AllowDiscount>1</AllowDiscount>
      <ItemStatus>1</ItemStatus>
      <ItemId>76721</ItemId>
    </Item>
    <Item>
      <PriceUpdateDate>2025-01-05 18:11:59</PriceUpdateDate>
      <ItemCode>7290017121000</ItemCode>
      <ItemType>1</ItemType>
      <ItemName>סחוג ירוק עללחם 140</ItemName>
      <ManufacturerName>מדשא תעשיות מזון</ManufacturerName>
      <ManufactureCountry>ישראל</ManufactureCountry>
      <ManufacturerItemDescription>סחוג ירוק עללחם 140</ManufacturerItemDescription>
      <UnitQty>גרמים</UnitQty>
      <Quantity>140.00</Quantity>
      <UnitOfMeasure>100 גרם</UnitOfMeasure>
      <bIsWeighted>0</bIsWeighted>
      <QtyInPackage>לא ידוע</QtyInPackage>
      <ItemPrice>12.90</ItemPrice>
      <UnitOfMeasurePrice>0.0921</UnitOfMeasurePrice>
      <AllowDiscount>1</AllowDiscount>
      <ItemStatus>1</ItemStatus>
      <ItemId>75597</ItemId>
    </Item>
    <Item>
      <PriceUpdateDate>2025-06-04 17:52:26</PriceUpdateDate>
      <ItemCode>7290004554781</ItemCode>
      <ItemType>1</ItemType>
      <ItemName>אסקימו שלגון לימון</ItemName>
      <ManufacturerName>גלידות שטראוס</ManufacturerName>
      <ManufactureCountry>לא ידוע</ManufactureCountry>
      <ManufacturerItemDescription>אסקימו שלגון לימון</ManufacturerItemDescription>
      <UnitQty>יח'</UnitQty>
      <Quantity>1.00</Quantity>
      <UnitOfMeasure>יח'</UnitOfMeasure>
      <bIsWeighted>0</bIsWeighted>
      <QtyInPackage>לא ידוע</QtyInPackage>
      <ItemPrice>3.90</ItemPrice>
      <UnitOfMeasurePrice>3.9000</UnitOfMeasurePrice>
      <AllowDiscount>1</AllowDiscount>
      <ItemStatus>1</ItemStatus>
      <ItemId>94627</ItemId>
    </Item>
    <Item>
      <PriceUpdateDate>2024-07-03 10:19:00</PriceUpdateDate>
      <ItemCode>5906485301012</ItemCode>
      <ItemType>1</ItemType>
      <ItemName>אקס אל משקה אנרגיה</ItemName>
      <ManufacturerName>טמפו</ManufacturerName>
      <ManufactureCountry>ישראל</ManufactureCountry>
      <ManufacturerItemDescription>XL</ManufacturerItemDescription>
      <UnitQty>מיליליטרים</UnitQty>
      <Quantity>250.00</Quantity>
      <UnitOfMeasure>100 מ"ל</UnitOfMeasure>
      <bIsWeighted>0</bIsWeighted>
      <QtyInPackage>לא ידוע</QtyInPackage>
      <ItemPrice>4.50</ItemPrice>
      <UnitOfMeasurePrice>0.0180</UnitOfMeasurePrice>
      <AllowDiscount>1</AllowDiscount>
      <ItemStatus>1</ItemStatus>
      <ItemId>42452</ItemId>
    </Item>
    <Item>
      <PriceUpdateDate>2025-08-03 13:13:40</PriceUpdateDate>
      <ItemCode>7290018441275</ItemCode>
      <ItemType>1</ItemType>
      <ItemName>פיינט נטפליקס &amp; צ'יל</ItemName>
      <ManufacturerName>מוצרי איכות אמריקאיי</ManufacturerName>
      <ManufactureCountry>ישראל</ManufactureCountry>
      <ManufacturerItemDescription>בן &amp; ג'ריס</ManufacturerItemDescription>
      <UnitQty>מיליליטרים</UnitQty>
      <Quantity>500.00</Quantity>
      <UnitOfMeasure>100 מ"ל</UnitOfMeasure>
      <bIsWeighted>0</bIsWeighted>
      <QtyInPackage>לא ידוע</QtyInPackage>
      <ItemPrice>22.90</ItemPrice>
      <UnitOfMeasurePrice>0.0458</UnitOfMeasurePrice>
      <AllowDiscount>1</AllowDiscount>
      <ItemStatus>1</ItemStatus>
      <ItemId>116441</ItemId>
    </Item>
    <Item>
      <PriceUpdateDate>2023-09-11 16:10:41</PriceUpdateDate>
      <ItemCode>7290019462019</ItemCode>
      <ItemType>1</ItemType>
      <ItemName>תרד עלים ניוזילנדי 2</ItemName>
      <ManufacturerName>סנפרוסט בע"מ</ManufacturerName>
      <ManufactureCountry>לא ידוע</ManufactureCountry>
      <ManufacturerItemDescription>תרד שטוף</ManufacturerItemDescription>
      <UnitQty>יחידה   </UnitQty>
      <Quantity>0.00</Quantity>
      <UnitOfMeasure>יחידה   </UnitOfMeasure>
      <bIsWeighted>0</bIsWeighted>
      <QtyInPackage>לא ידוע</QtyInPackage>
      <ItemPrice>8.90</ItemPrice>
      <UnitOfMeasurePrice>0.0000</UnitOfMeasurePrice>
      <AllowDiscount>1</AllowDiscount>
      <ItemStatus>1</ItemStatus>
      <ItemId>77860</ItemId>
    </Item>
    <Item>
      <PriceUpdateDate>2025-12-14 19:37:26</PriceUpdateDate>
      <ItemCode>7290000092034</ItemCode>
      <ItemType>1</ItemType>
      <ItemName>קשיו קלוי במשקל</ItemName>
      <ManufacturerName>לא ידוע</ManufacturerName>
      <ManufactureCountry>לא ידוע</ManufactureCountry>
      <ManufacturerItemDescription>קשיו קלוי במשקל</ManufacturerItemDescription>
      <UnitQty>קילוגרמים</UnitQty>
      <Quantity>1.00</Quantity>
      <UnitOfMeasure>ק"ג</UnitOfMeasure>
      <bIsWeighted>1</bIsWeighted>
      <QtyInPackage>לא ידוע</QtyInPackage>
      <ItemPrice>99.00</ItemPrice>
      <UnitOfMeasurePrice>99.0000</UnitOfMeasurePrice>
      <AllowDiscount>1</AllowDiscount>
      <ItemStatus>1</ItemStatus>
      <ItemId>69540</ItemId>
    </Item>
    <Item>
      <PriceUpdateDate>2024-03-19 14:21:12</PriceUpdateDate>
      <ItemCode>7290003107148</ItemCode>
      <ItemType>1</ItemType>
      <ItemName>קמח לבן 1 קג</ItemName>
      <ManufacturerName>טחנות קמח דגן בעמ</ManufacturerName>
      <ManufactureCountry>ישראל</ManufactureCountry>
      <ManufacturerItemDescription>דגן</ManufacturerItemDescription>
      <UnitQty>קילוגרמים</UnitQty>
      <Quantity>1.00</Quantity>
      <UnitOfMeasure>ק"ג     </UnitOfMeasure>
      <bIsWeighted>0</bIsWeighted>
      <QtyInPackage>לא ידוע</QtyInPackage>
      <ItemPrice>4.90</ItemPrice>
      <UnitOfMeasurePrice>4.9000</UnitOfMeasurePrice>
      <AllowDiscount>1</AllowDiscount>
      <ItemStatus>1</ItemStatus>
      <ItemId>42940</ItemId>
    </Item>
    <Item>
      <PriceUpdateDate>2025-01-01 21:30:10</PriceUpdateDate>
      <ItemCode>7290003107223</ItemCode>
      <ItemType>1</ItemType>
      <ItemName>סולת לנדא ארוז 1 ק"ג</ItemName>
      <ManufacturerName>טחנות קמח דגן בעמ</ManufacturerName>
      <ManufactureCountry>ישראל</ManufactureCountry>
      <ManufacturerItemDescription>דגן</ManufacturerItemDescription>
      <UnitQty>קילוגרמים</UnitQty>
      <Quantity>1.00</Quantity>
      <UnitOfMeasure>ק"ג     </UnitOfMeasure>
      <bIsWeighted>0</bIsWeighted>
      <QtyInPackage>לא ידוע</QtyInPackage>
      <ItemPrice>6.30</ItemPrice>
      <UnitOfMeasurePrice>6.3000</UnitOfMeasurePrice>
      <AllowDiscount>1</AllowDiscount>
      <ItemStatus>1</ItemStatus>
      <ItemId>42942</ItemId>
    </Item>
    <Item>
      <PriceUpdateDate>2025-04-16 17:07:29</PriceUpdateDate>
      <ItemCode>7290003107315</ItemCode>
      <ItemType>1</ItemType>
      <ItemName>סולת בד"צ ארוז 1 קג</ItemName>
      <ManufacturerName>לא ידוע</ManufacturerName>
      <ManufactureCountry>לא ידוע</ManufactureCountry>
      <ManufacturerItemDescription>סולת בד"צ ארוז 1 קג</ManufacturerItemDescription>
      <UnitQty>קילוגרמים</UnitQty>
      <Quantity>1.00</Quantity>
      <UnitOfMeasure>ק"ג     </UnitOfMeasure>
      <bIsWeighted>0</bIsWeighted>
      <QtyInPackage>לא ידוע</QtyInPackage>
      <ItemPrice>4.90</ItemPrice>
      <UnitOfMeasurePrice>4.9000</UnitOfMeasurePrice>
      <AllowDiscount>1</AllowDiscount>
      <ItemStatus>1</ItemStatus>
      <ItemId>42945</ItemId>
    </Item>
    <Item>
      <PriceUpdateDate>2025-08-05 15:35:36</PriceUpdateDate>
      <ItemCode>7290003107360</ItemCode>
      <ItemType>1</ItemType>
      <ItemName>קמח בהיר1 ק"ג דגן מנ</ItemName>
      <ManufacturerName>טחנות קמח דגן בעמ</ManufacturerName>
      <ManufactureCountry>ישראל</ManufactureCountry>
      <ManufacturerItemDescription>קמח בהיר1 ק"ג דגן מנ</ManufacturerItemDescription>
      <UnitQty>קילוגרמים</UnitQty>
      <Quantity>1.00</Quantity>
      <UnitOfMeasure>ק"ג     </UnitOfMeasure>
      <bIsWeighted>0</bIsWeighted>
      <QtyInPackage>לא ידוע</QtyInPackage>
      <ItemPrice>9.90</ItemPrice>
      <UnitOfMeasurePrice>9.9000</UnitOfMeasurePrice>
      <AllowDiscount>1</AllowDiscount>
      <ItemStatus>1</ItemStatus>
      <ItemId>42948</ItemId>
    </Item>
    <Item>
      <PriceUpdateDate>2025-08-14 13:55:20</PriceUpdateDate>
      <ItemCode>7290003107520</ItemCode>
      <ItemType>1</ItemType>
      <ItemName>קמח חיטה לבן מנופה י</ItemName>
      <ManufacturerName>טחנות קמח דגן בעמ</ManufacturerName>
      <ManufactureCountry>ישראל</ManufactureCountry>
      <ManufacturerItemDescription>קמח חיטה לבן מנופה י</ManufacturerItemDescription>
      <UnitQty>קילוגרמים</UnitQty>
      <Quantity>1.00</Quantity>
      <UnitOfMeasure>ק"ג     </UnitOfMeasure>
      <bIsWeighted>0</bIsWeighted>
      <QtyInPackage>לא ידוע</QtyInPackage>
      <ItemPrice>6.90</ItemPrice>
      <UnitOfMeasurePrice>6.9000</UnitOfMeasurePrice>
      <AllowDiscount>1</AllowDiscount>
      <ItemStatus>1</ItemStatus>
      <ItemId>117162</ItemId>
    </Item>
    <Item>
      <PriceUpdateDate>2025-02-02 13:31:55</PriceUpdateDate>
      <ItemCode>7290109581262</ItemCode>
      <ItemType>1</ItemType>
      <ItemName>פסטרמה בדבש 250 גרם</ItemName>
      <ManufacturerName>זוגלובק</ManufacturerName>
      <ManufactureCountry>ישראל</ManufactureCountry>
      <ManufacturerItemDescription>פסטרמה בדבש 250 גרם</ManufacturerItemDescription>
      <UnitQty>גרמים</UnitQty>
      <Quantity>250.00</Quantity>
      <UnitOfMeasure>100 גרם</UnitOfMeasure>
      <bIsWeighted>0</bIsWeighted>
      <QtyInPackage>לא ידוע</QtyInPackage>
      <ItemPrice>22.90</ItemPrice>
      <UnitOfMeasurePrice>0.0916</UnitOfMeasurePrice>
      <AllowDiscount>1</AllowDiscount>
      <ItemStatus>1</ItemStatus>
      <ItemId>90174</ItemId>
    </Item>
    <Item>
      <PriceUpdateDate>2023-02-19 13:01:11</PriceUpdateDate>
      <ItemCode>7290000092072</ItemCode>
      <ItemType>1</ItemType>
      <ItemName>בוטן קלוי ענק במשקל</ItemName>
      <ManufacturerName>לא ידוע</ManufacturerName>
      <ManufactureCountry>לא ידוע</ManufactureCountry>
      <ManufacturerItemDescription>בוטן קלוי ענק במשקל</ManufacturerItemDescription>
      <UnitQty>קילוגרמים</UnitQty>
      <Quantity>1.00</Quantity>
      <UnitOfMeasure>ק"ג</UnitOfMeasure>
      <bIsWeighted>1</bIsWeighted>
      <QtyInPackage>לא ידוע</QtyInPackage>
      <ItemPrice>42.00</ItemPrice>
      <UnitOfMeasurePrice>42.0000</UnitOfMeasurePrice>
      <AllowDiscount>1</AllowDiscount>
      <ItemStatus>1</ItemStatus>
      <ItemId>69544</ItemId>
    </Item>
    <Item>
      <PriceUpdateDate>2024-07-22 17:47:24</PriceUpdateDate>
      <ItemCode>745314261340</ItemCode>
      <ItemType>1</ItemType>
      <ItemName>מנגו 500 גרם</ItemName>
      <ManufacturerName>עבודי פירות קפואים ב</ManufacturerName>
      <ManufactureCountry>ויטנאם</ManufactureCountry>
      <ManufacturerItemDescription>מנגו 500 גרם</ManufacturerItemDescription>
      <UnitQty>גרמים</UnitQty>
      <Quantity>500.00</Quantity>
      <UnitOfMeasure>100 גרם</UnitOfMeasure>
      <bIsWeighted>0</bIsWeighted>
      <QtyInPackage>לא ידוע</QtyInPackage>
      <ItemPrice>15.90</ItemPrice>
      <UnitOfMeasurePrice>0.0318</UnitOfMeasurePrice>
      <AllowDiscount>1</AllowDiscount>
      <ItemStatus>1</ItemStatus>
      <ItemId>96028</ItemId>
    </Item>
    <Item>
      <PriceUpdateDate>2025-01-01 21:29:45</PriceUpdateDate>
      <ItemCode>7290000484747</ItemCode>
      <ItemType>1</ItemType>
      <ItemName>עראק עלית 700 מ"ל</ItemName>
      <ManufacturerName>לא ידוע</ManufacturerName>
      <ManufactureCountry>כללי</ManufactureCountry>
      <ManufacturerItemDescription>עראק עלית</ManufacturerItemDescription>
      <UnitQty>מיליליטרים</UnitQty>
      <Quantity>700.00</Quantity>
      <UnitOfMeasure>100 מ"ל</UnitOfMeasure>
      <bIsWeighted>0</bIsWeighted>
      <QtyInPackage>לא ידוע</QtyInPackage>
      <ItemPrice>65.90</ItemPrice>
      <UnitOfMeasurePrice>0.0941</UnitOfMeasurePrice>
      <AllowDiscount>1</AllowDiscount>
      <ItemStatus>1</ItemStatus>
      <ItemId>43683</ItemId>
    </Item>
    <Item>
      <PriceUpdateDate>2025-09-01 13:01:47</PriceUpdateDate>
      <ItemCode>80790990</ItemCode>
      <ItemType>1</ItemType>
      <ItemName>מסטיק מנטוס בטעם פיר</ItemName>
      <ManufacturerName>פרפטי ואן מלה</ManufacturerName>
      <ManufactureCountry>תורכיה</ManufactureCountry>
      <ManufacturerItemDescription>מנטוס</ManufacturerItemDescription>
      <UnitQty>גרמים</UnitQty>
      <Quantity>60.00</Quantity>
      <UnitOfMeasure>100 גרם</UnitOfMeasure>
      <bIsWeighted>0</bIsWeighted>
      <QtyInPackage>לא ידוע</QtyInPackage>
      <ItemPrice>12.00</ItemPrice>
      <UnitOfMeasurePrice>0.2000</UnitOfMeasurePrice>
      <AllowDiscount>1</AllowDiscount>
      <ItemStatus>1</ItemStatus>
      <ItemId>43797</ItemId>
    </Item>
    <Item>
      <PriceUpdateDate>2025-01-06 18:38:42</PriceUpdateDate>
      <ItemCode>80831402</ItemCode>
      <ItemType>1</ItemType>
      <ItemName>סוכריות מנטוס מרעננו</ItemName>
      <ManufacturerName>פרפטי ואן מלה</ManufacturerName>
      <ManufactureCountry>תורכיה</ManufactureCountry>
      <ManufacturerItemDescription>מנטוס</ManufacturerItemDescription>
      <UnitQty>גרמים</UnitQty>
      <Quantity>21.00</Quantity>
      <UnitOfMeasure>100 גרם</UnitOfMeasure>
      <bIsWeighted>0</bIsWeighted>
      <QtyInPackage>לא ידוע</QtyInPackage>
      <ItemPrice>7.80</ItemPrice>
      <UnitOfMeasurePrice>0.3714</UnitOfMeasurePrice>
      <AllowDiscount>1</AllowDiscount>
      <ItemStatus>1</ItemStatus>
      <ItemId>43808</ItemId>
    </Item>
    <Item>
      <PriceUpdateDate>2025-09-01 13:01:47</PriceUpdateDate>
      <ItemCode>80843184</ItemCode>
      <ItemType>1</ItemType>
      <ItemName>מסטיק מנטוס בטעם ענב</ItemName>
      <ManufacturerName>פרפטי ואן מלה</ManufacturerName>
      <ManufactureCountry>תורכיה</ManufactureCountry>
      <ManufacturerItemDescription>מנטוס</ManufacturerItemDescription>
      <UnitQty>גרמים</UnitQty>
      <Quantity>60.00</Quantity>
      <UnitOfMeasure>100 גרם</UnitOfMeasure>
      <bIsWeighted>0</bIsWeighted>
      <QtyInPackage>לא ידוע</QtyInPackage>
      <ItemPrice>12.00</ItemPrice>
      <UnitOfMeasurePrice>0.2000</UnitOfMeasurePrice>
      <AllowDiscount>1</AllowDiscount>
      <ItemStatus>1</ItemStatus>
      <ItemId>43811</ItemId>
    </Item>
    <Item>
      <PriceUpdateDate>2025-01-01 21:30:02</PriceUpdateDate>
      <ItemCode>80854753</ItemCode>
      <ItemType>1</ItemType>
      <ItemName>סוכריות מנטוס ללא סו</ItemName>
      <ManufacturerName>פרפטי ואן מלה</ManufacturerName>
      <ManufactureCountry>תורכיה</ManufactureCountry>
      <ManufacturerItemDescription>מנטוס</ManufacturerItemDescription>
      <UnitQty>גרמים</UnitQty>
      <Quantity>21.00</Quantity>
      <UnitOfMeasure>100 גרם</UnitOfMeasure>
      <bIsWeighted>0</bIsWeighted>
      <QtyInPackage>לא ידוע</QtyInPackage>
      <ItemPrice>7.80</ItemPrice>
      <UnitOfMeasurePrice>0.3714</UnitOfMeasurePrice>
      <AllowDiscount>1</AllowDiscount>
      <ItemStatus>1</ItemStatus>
      <ItemId>43814</ItemId>
    </Item>
    <Item>
      <PriceUpdateDate>2025-08-24 13:10:00</PriceUpdateDate>
      <ItemCode>7290116536941</ItemCode>
      <ItemType>1</ItemType>
      <ItemName>פירה בטעם ביתי 120 ג</ItemName>
      <ManufacturerName>יוניליוור</ManufacturerName>
      <ManufactureCountry>ישראל</ManufactureCountry>
      <ManufacturerItemDescription>פירה בטעם ביתי 120 ג</ManufacturerItemDescription>
      <UnitQty>גרמים</UnitQty>
      <Quantity>120.00</Quantity>
      <UnitOfMeasure>100 גרם</UnitOfMeasure>
      <bIsWeighted>0</bIsWeighted>
      <QtyInPackage>לא ידוע</QtyInPackage>
      <ItemPrice>13.90</ItemPrice>
      <UnitOfMeasurePrice>0.1158</UnitOfMeasurePrice>
      <AllowDiscount>1</AllowDiscount>
      <ItemStatus>1</ItemStatus>
      <ItemId>117570</ItemId>
    </Item>
    <Item>
      <PriceUpdateDate>2025-09-01 13:01:48</PriceUpdateDate>
      <ItemCode>80979128</ItemCode>
      <ItemType>1</ItemType>
      <ItemName>מסטיק מנטוס בטעם דוב</ItemName>
      <ManufacturerName>פרפטי ואן מלה</ManufacturerName>
      <ManufactureCountry>תורכיה</ManufactureCountry>
      <ManufacturerItemDescription>מנטוס</ManufacturerItemDescription>
      <UnitQty>גרמים</UnitQty>
      <Quantity>60.00</Quantity>
      <UnitOfMeasure>100 גרם</UnitOfMeasure>
      <bIsWeighted>0</bIsWeighted>
      <QtyInPackage>לא ידוע</QtyInPackage>
      <ItemPrice>12.00</ItemPrice>
      <UnitOfMeasurePrice>0.2000</UnitOfMeasurePrice>
      <AllowDiscount>1</AllowDiscount>
      <ItemStatus>1</ItemStatus>
      <ItemId>43837</ItemId>
    </Item>
    <Item>
      <PriceUpdateDate>2025-01-12 12:20:55</PriceUpdateDate>
      <ItemCode>7290117035283</ItemCode>
      <ItemType>1</ItemType>
      <ItemName>שמן קנולה 1 ליטר  יו</ItemName>
      <ManufacturerName>לא ידוע</ManufacturerName>
      <ManufactureCountry>אסטוניה</ManufactureCountry>
      <ManufacturerItemDescription>יוחננוף</ManufacturerItemDescription>
      <UnitQty>ליטרים</UnitQty>
      <Quantity>1.00</Quantity>
      <UnitOfMeasure>ליטר    </UnitOfMeasure>
      <bIsWeighted>0</bIsWeighted>
      <QtyInPackage>לא ידוע</QtyInPackage>
      <ItemPrice>9.50</ItemPrice>
      <UnitOfMeasurePrice>9.5000</UnitOfMeasurePrice>
      <AllowDiscount>1</AllowDiscount>
      <ItemStatus>1</ItemStatus>
      <ItemId>91551</ItemId>
    </Item>
    <Item>
      <PriceUpdateDate>2025-09-01 13:01:48</PriceUpdateDate>
      <ItemCode>16000548909</ItemCode>
      <ItemType>1</ItemType>
      <ItemName>קראנצ'י חטיף שיבולת</ItemName>
      <ManufacturerName>ג'נרל מילס</ManufacturerName>
      <ManufactureCountry>ספרד</ManufactureCountry>
      <ManufacturerItemDescription>נייטשר ואלי</ManufacturerItemDescription>
      <UnitQty>גרמים</UnitQty>
      <Quantity>210.00</Quantity>
      <UnitOfMeasure>100 גרם</UnitOfMeasure>
      <bIsWeighted>0</bIsWeighted>
      <QtyInPackage>לא ידוע</QtyInPackage>
      <ItemPrice>17.90</ItemPrice>
      <UnitOfMeasurePrice>0.0852</UnitOfMeasurePrice>
      <AllowDiscount>1</AllowDiscount>
      <ItemStatus>1</ItemStatus>
      <ItemId>43863</ItemId>
    </Item>
    <Item>
      <PriceUpdateDate>2024-09-24 07:56:53</PriceUpdateDate>
      <ItemCode>7290017928968</ItemCode>
      <ItemType>1</ItemType>
      <ItemName>בייגלה שטוח ודק עם ש</ItemName>
      <ManufacturerName>לא ידוע</ManufacturerName>
      <ManufactureCountry>ישראל</ManufactureCountry>
      <ManufacturerItemDescription>בייגלה שטוח ודק עם ש</ManufacturerItemDescription>
      <UnitQty>גרמים</UnitQty>
      <Quantity>300.00</Quantity>
      <UnitOfMeasure>100 גרם</UnitOfMeasure>
      <bIsWeighted>0</bIsWeighted>
      <QtyInPackage>לא ידוע</QtyInPackage>
      <ItemPrice>8.90</ItemPrice>
      <UnitOfMeasurePrice>0.0297</UnitOfMeasurePrice>
      <AllowDiscount>1</AllowDiscount>
      <ItemStatus>1</ItemStatus>
      <ItemId>100659</ItemId>
    </Item>
    <Item>
      <PriceUpdateDate>2025-01-23 14:48:31</PriceUpdateDate>
      <ItemCode>7290119373345</ItemCode>
      <ItemType>1</ItemType>
      <ItemName>פריכיות משולשות תפוא</ItemName>
      <ManufacturerName>פרח תעשיות מזון בע"מ</ManufacturerName>
      <ManufactureCountry>ישראל</ManufactureCountry>
      <ManufacturerItemDescription>פריכיות משולשות תפוא</ManufacturerItemDescription>
      <UnitQty>גרמים</UnitQty>
      <Quantity>30.00</Quantity>
      <UnitOfMeasure>100 גרם</UnitOfMeasure>
      <bIsWeighted>0</bIsWeighted>
      <QtyInPackage>לא ידוע</QtyInPackage>
      <ItemPrice>6.90</ItemPrice>
      <UnitOfMeasurePrice>0.2300</UnitOfMeasurePrice>
      <AllowDiscount>1</AllowDiscount>
      <ItemStatus>1</ItemStatus>
      <ItemId>82655</ItemId>
    </Item>
    <Item>
      <PriceUpdateDate>2025-01-01 21:30:03</PriceUpdateDate>
      <ItemCode>34000544028</ItemCode>
      <ItemType>1</ItemType>
      <ItemName>מקלות ליקריץ בטעם תו</ItemName>
      <ManufacturerName>הרשי</ManufacturerName>
      <ManufactureCountry>ארצות הברית</ManufactureCountry>
      <ManufacturerItemDescription>הרשי</ManufacturerItemDescription>
      <UnitQty>גרמים</UnitQty>
      <Quantity>198.00</Quantity>
      <UnitOfMeasure>100 גרם</UnitOfMeasure>
      <bIsWeighted>0</bIsWeighted>
      <QtyInPackage>לא ידוע</QtyInPackage>
      <ItemPrice>8.60</ItemPrice>
      <UnitOfMeasurePrice>0.0434</UnitOfMeasurePrice>
      <AllowDiscount>1</AllowDiscount>
      <ItemStatus>1</ItemStatus>
      <ItemId>43881</ItemId>
    </Item>
    <Item>
      <PriceUpdateDate>2023-07-26 15:54:15</PriceUpdateDate>
      <ItemCode>7290117764787</ItemCode>
      <ItemType>1</ItemType>
      <ItemName>עלי טורטייה מקמח חיט</ItemName>
      <ManufacturerName>ווינפוד בע"מ</ManufacturerName>
      <ManufactureCountry>תורכיה</ManufactureCountry>
      <ManufacturerItemDescription>עלי טורטייה מקמח חיט</ManufacturerItemDescription>
      <UnitQty>גרמים</UnitQty>
      <Quantity>320.00</Quantity>
      <UnitOfMeasure>100 גרם</UnitOfMeasure>
      <bIsWeighted>0</bIsWeighted>
      <QtyInPackage>לא ידוע</QtyInPackage>
      <ItemPrice>5.90</ItemPrice>
      <UnitOfMeasurePrice>0.0184</UnitOfMeasurePrice>
      <AllowDiscount>1</AllowDiscount>
      <ItemStatus>1</ItemStatus>
      <ItemId>75722</ItemId>
    </Item>
    <Item>
      <PriceUpdateDate>2025-06-23 17:03:24</PriceUpdateDate>
      <ItemCode>4000417026002</ItemCode>
      <ItemType>1</ItemType>
      <ItemName>ריטר שוקולד חלב פרלי</ItemName>
      <ManufacturerName>ריטר ספורט</ManufacturerName>
      <ManufactureCountry>גרמניה</ManufactureCountry>
      <ManufacturerItemDescription>ריטר ספורט</ManufacturerItemDescription>
      <UnitQty>גרמים</UnitQty>
      <Quantity>100.00</Quantity>
      <UnitOfMeasure>100 גרם</UnitOfMeasure>
      <bIsWeighted>0</bIsWeighted>
      <QtyInPackage>לא ידוע</QtyInPackage>
      <ItemPrice>12.90</ItemPrice>
      <UnitOfMeasurePrice>0.1290</UnitOfMeasurePrice>
      <AllowDiscount>1</AllowDiscount>
      <ItemStatus>1</ItemStatus>
      <ItemId>43932</ItemId>
    </Item>
    <Item>
      <PriceUpdateDate>2025-01-01 21:30:04</PriceUpdateDate>
      <ItemCode>4014400904376</ItemCode>
      <ItemType>1</ItemType>
      <ItemName>סוכריות שוקולד 325 ג</ItemName>
      <ManufacturerName>שטורק</ManufacturerName>
      <ManufactureCountry>גרמניה</ManufactureCountry>
      <ManufacturerItemDescription>שטורק</ManufacturerItemDescription>
      <UnitQty>גרמים</UnitQty>
      <Quantity>325.00</Quantity>
      <UnitOfMeasure>100 גרם</UnitOfMeasure>
      <bIsWeighted>0</bIsWeighted>
      <QtyInPackage>לא ידוע</QtyInPackage>
      <ItemPrice>19.10</ItemPrice>
      <UnitOfMeasurePrice>0.0588</UnitOfMeasurePrice>
      <AllowDiscount>1</AllowDiscount>
      <ItemStatus>1</ItemStatus>
      <ItemId>43981</ItemId>
    </Item>
    <Item>
      <PriceUpdateDate>2025-01-01 21:30:04</PriceUpdateDate>
      <ItemCode>4014400914696</ItemCode>
      <ItemType>1</ItemType>
      <ItemName>סוכריות חמאה 80 גרם</ItemName>
      <ManufacturerName>שטורק</ManufacturerName>
      <ManufactureCountry>גרמניה</ManufactureCountry>
      <ManufacturerItemDescription>וורטרס אורגינל</ManufacturerItemDescription>
      <UnitQty>גרמים</UnitQty>
      <Quantity>80.00</Quantity>
      <UnitOfMeasure>100 גרם</UnitOfMeasure>
      <bIsWeighted>0</bIsWeighted>
      <QtyInPackage>לא ידוע</QtyInPackage>
      <ItemPrice>9.80</ItemPrice>
      <UnitOfMeasurePrice>0.1225</UnitOfMeasurePrice>
      <AllowDiscount>1</AllowDiscount>
      <ItemStatus>1</ItemStatus>
      <ItemId>43992</ItemId>
    </Item>
    <Item>
      <PriceUpdateDate>2025-01-06 18:38:45</PriceUpdateDate>
      <ItemCode>4014400914924</ItemCode>
      <ItemType>1</ItemType>
      <ItemName>סוכריות בטעם קפוצ'ינ</ItemName>
      <ManufacturerName>שטורק</ManufacturerName>
      <ManufactureCountry>גרמניה</ManufactureCountry>
      <ManufacturerItemDescription>וורטרס אורגינל</ManufacturerItemDescription>
      <UnitQty>גרמים</UnitQty>
      <Quantity>80.00</Quantity>
      <UnitOfMeasure>100 גרם</UnitOfMeasure>
      <bIsWeighted>0</bIsWeighted>
      <QtyInPackage>לא ידוע</QtyInPackage>
      <ItemPrice>9.80</ItemPrice>
      <UnitOfMeasurePrice>0.1225</UnitOfMeasurePrice>
      <AllowDiscount>1</AllowDiscount>
      <ItemStatus>1</ItemStatus>
      <ItemId>43993</ItemId>
    </Item>
    <Item>
      <PriceUpdateDate>2025-01-06 18:38:45</PriceUpdateDate>
      <ItemCode>4014400920857</ItemCode>
      <ItemType>1</ItemType>
      <ItemName>סוכריות בטעם שוקולד</ItemName>
      <ManufacturerName>שטורק</ManufacturerName>
      <ManufactureCountry>גרמניה</ManufactureCountry>
      <ManufacturerItemDescription>וורטר</ManufacturerItemDescription>
      <UnitQty>גרמים</UnitQty>
      <Quantity>70.00</Quantity>
      <UnitOfMeasure>100 גרם</UnitOfMeasure>
      <bIsWeighted>0</bIsWeighted>
      <QtyInPackage>לא ידוע</QtyInPackage>
      <ItemPrice>9.80</ItemPrice>
      <UnitOfMeasurePrice>0.1400</UnitOfMeasurePrice>
      <AllowDiscount>1</AllowDiscount>
      <ItemStatus>1</ItemStatus>
      <ItemId>43996</ItemId>
    </Item>
    <Item>
      <PriceUpdateDate>2025-02-02 13:31:57</PriceUpdateDate>
      <ItemCode>4014400923711</ItemCode>
      <ItemType>1</ItemType>
      <ItemName>טופיפי 125 גרם</ItemName>
      <ManufacturerName>שטורק</ManufacturerName>
      <ManufactureCountry>גרמניה</ManufactureCountry>
      <ManufacturerItemDescription>טופיפי</ManufacturerItemDescription>
      <UnitQty>גרמים</UnitQty>
      <Quantity>125.00</Quantity>
      <UnitOfMeasure>100 גרם</UnitOfMeasure>
      <bIsWeighted>0</bIsWeighted>
      <QtyInPackage>לא ידוע</QtyInPackage>
      <ItemPrice>15.00</ItemPrice>
      <UnitOfMeasurePrice>0.1200</UnitOfMeasurePrice>
      <AllowDiscount>1</AllowDiscount>
      <ItemStatus>1</ItemStatus>
      <ItemId>43997</ItemId>
    </Item>
    <Item>
      <PriceUpdateDate>2025-12-02 13:02:42</PriceUpdateDate>
      <ItemCode>8715700419695</ItemCode>
      <ItemType>1</ItemType>
      <ItemName>רוטב ברביקיו מתוק הי</ItemName>
      <ManufacturerName>HEINZ</ManufacturerName>
      <ManufactureCountry>הולנד</ManufactureCountry>
      <ManufacturerItemDescription>רוטב ברביקיו מתוק הי</ManufacturerItemDescription>
      <UnitQty>גרמים</UnitQty>
      <Quantity>500.00</Quantity>
      <UnitOfMeasure>100 גרם</UnitOfMeasure>
      <bIsWeighted>0</bIsWeighted>
      <QtyInPackage>לא ידוע</QtyInPackage>
      <ItemPrice>20.90</ItemPrice>
      <UnitOfMeasurePrice>0.0418</UnitOfMeasurePrice>
      <AllowDiscount>1</AllowDiscount>
      <ItemStatus>1</ItemStatus>
      <ItemId>95106</ItemId>
    </Item>
    <Item>
      <PriceUpdateDate>2025-01-23 14:48:31</PriceUpdateDate>
      <ItemCode>7290110577599</ItemCode>
      <ItemType>1</ItemType>
      <ItemName>פריכיות משולשות תירס</ItemName>
      <ManufacturerName>לא ידוע</ManufacturerName>
      <ManufactureCountry>לא ידוע</ManufactureCountry>
      <ManufacturerItemDescription>פריכיות משולשות תירס</ManufacturerItemDescription>
      <UnitQty>גרמים</UnitQty>
      <Quantity>30.00</Quantity>
      <UnitOfMeasure>100 גרם</UnitOfMeasure>
      <bIsWeighted>0</bIsWeighted>
      <QtyInPackage>לא ידוע</QtyInPackage>
      <ItemPrice>6.90</ItemPrice>
      <UnitOfMeasurePrice>0.2300</UnitOfMeasurePrice>
      <AllowDiscount>1</AllowDiscount>
      <ItemStatus>1</ItemStatus>
      <ItemId>72999</ItemId>
    </Item>
    <Item>
      <PriceUpdateDate>2025-04-06 16:46:35</PriceUpdateDate>
      <ItemCode>7290018940761</ItemCode>
      <ItemType>1</ItemType>
      <ItemName>מיץ תירוש יוחננוף 10</ItemName>
      <ManufacturerName>לא ידוע</ManufacturerName>
      <ManufactureCountry>ישראל</ManufactureCountry>
      <ManufacturerItemDescription>מיץ תירוש יוחננוף 10</ManufacturerItemDescription>
      <UnitQty>ליטרים</UnitQty>
      <Quantity>1.00</Quantity>
      <UnitOfMeasure>ליטר    </UnitOfMeasure>
      <bIsWeighted>0</bIsWeighted>
      <QtyInPackage>לא ידוע</QtyInPackage>
      <ItemPrice>15.90</ItemPrice>
      <UnitOfMeasurePrice>15.9000</UnitOfMeasurePrice>
      <AllowDiscount>1</AllowDiscount>
      <ItemStatus>1</ItemStatus>
      <ItemId>110795</ItemId>
    </Item>
    <Item>
      <PriceUpdateDate>2025-06-23 17:03:25</PriceUpdateDate>
      <ItemCode>4017100364112</ItemCode>
      <ItemType>1</ItemType>
      <ItemName>עוגיות היט בטעם שוקו</ItemName>
      <ManufacturerName>באלסן</ManufacturerName>
      <ManufactureCountry>פולין</ManufactureCountry>
      <ManufacturerItemDescription>עוגיות היט שוקולד 220 גרם</ManufacturerItemDescription>
      <UnitQty>גרמים</UnitQty>
      <Quantity>220.00</Quantity>
      <UnitOfMeasure>100 גרם</UnitOfMeasure>
      <bIsWeighted>0</bIsWeighted>
      <QtyInPackage>לא ידוע</QtyInPackage>
      <ItemPrice>12.90</ItemPrice>
      <UnitOfMeasurePrice>0.0586</UnitOfMeasurePrice>
      <AllowDiscount>1</AllowDiscount>
      <ItemStatus>1</ItemStatus>
      <ItemId>44023</ItemId>
    </Item>
    <Item>
      <PriceUpdateDate>2025-01-01 21:30:04</PriceUpdateDate>
      <ItemCode>4903001904192</ItemCode>
      <ItemType>1</ItemType>
      <ItemName>רוטב סויה יאמאסה 500</ItemName>
      <ManufacturerName>יאמאסה</ManufacturerName>
      <ManufactureCountry>יפן</ManufactureCountry>
      <ManufacturerItemDescription>רוטב סויה 500 מ"ל</ManufacturerItemDescription>
      <UnitQty>מיליליטרים</UnitQty>
      <Quantity>500.00</Quantity>
      <UnitOfMeasure>100 מ"ל</UnitOfMeasure>
      <bIsWeighted>0</bIsWeighted>
      <QtyInPackage>לא ידוע</QtyInPackage>
      <ItemPrice>20.10</ItemPrice>
      <UnitOfMeasurePrice>0.0402</UnitOfMeasurePrice>
      <AllowDiscount>1</AllowDiscount>
      <ItemStatus>1</ItemStatus>
      <ItemId>44030</ItemId>
    </Item>
    <Item>
      <PriceUpdateDate>2025-06-23 17:03:25</PriceUpdateDate>
      <ItemCode>5901414200411</ItemCode>
      <ItemType>1</ItemType>
      <ItemName>עוגיות היט מיניס עם</ItemName>
      <ManufacturerName>בלזן פולסקה</ManufacturerName>
      <ManufactureCountry>פולין</ManufactureCountry>
      <ManufacturerItemDescription>בלזן</ManufacturerItemDescription>
      <UnitQty>גרמים</UnitQty>
      <Quantity>130.00</Quantity>
      <UnitOfMeasure>100 גרם</UnitOfMeasure>
      <bIsWeighted>0</bIsWeighted>
      <QtyInPackage>לא ידוע</QtyInPackage>
      <ItemPrice>9.90</ItemPrice>
      <UnitOfMeasurePrice>0.0762</UnitOfMeasurePrice>
      <AllowDiscount>1</AllowDiscount>
      <ItemStatus>1</ItemStatus>
      <ItemId>44047</ItemId>
    </Item>
    <Item>
      <PriceUpdateDate>2024-08-14 20:18:51</PriceUpdateDate>
      <ItemCode>7290002752332</ItemCode>
      <ItemType>1</ItemType>
      <ItemName>מנטוס בטעם פירות</ItemName>
      <ManufacturerName>פרפטי ואן מלה</ManufacturerName>
      <ManufactureCountry>הולנד</ManufactureCountry>
      <ManufacturerItemDescription>מנטוס</ManufacturerItemDescription>
      <UnitQty>גרמים</UnitQty>
      <Quantity>37.50</Quantity>
      <UnitOfMeasure>100 גרם</UnitOfMeasure>
      <bIsWeighted>0</bIsWeighted>
      <QtyInPackage>לא ידוע</QtyInPackage>
      <ItemPrice>3.90</ItemPrice>
      <UnitOfMeasurePrice>0.1040</UnitOfMeasurePrice>
      <AllowDiscount>1</AllowDiscount>
      <ItemStatus>1</ItemStatus>
      <ItemId>44080</ItemId>
    </Item>
    <Item>
      <PriceUpdateDate>2024-08-14 20:18:51</PriceUpdateDate>
      <ItemCode>7290002752349</ItemCode>
      <ItemType>1</ItemType>
      <ItemName>מנטוס בטעם מנטה</ItemName>
      <ManufacturerName>פרפטי ואן מלה</ManufacturerName>
      <ManufactureCountry>הולנד</ManufactureCountry>
      <ManufacturerItemDescription>מנטוס</ManufacturerItemDescription>
      <UnitQty>גרמים</UnitQty>
      <Quantity>37.50</Quantity>
      <UnitOfMeasure>100 גרם</UnitOfMeasure>
      <bIsWeighted>0</bIsWeighted>
      <QtyInPackage>לא ידוע</QtyInPackage>
      <ItemPrice>3.90</ItemPrice>
      <UnitOfMeasurePrice>0.1040</UnitOfMeasurePrice>
      <AllowDiscount>1</AllowDiscount>
      <ItemStatus>1</ItemStatus>
      <ItemId>44081</ItemId>
    </Item>
    <Item>
      <PriceUpdateDate>2025-01-01 21:30:09</PriceUpdateDate>
      <ItemCode>7290002842002</ItemCode>
      <ItemType>1</ItemType>
      <ItemName>קוואקר אנגלי 500 גרם</ItemName>
      <ManufacturerName>מורנינג פוד</ManufacturerName>
      <ManufactureCountry>אנגליה</ManufactureCountry>
      <ManufacturerItemDescription>מורפלקס</ManufacturerItemDescription>
      <UnitQty>גרמים</UnitQty>
      <Quantity>500.00</Quantity>
      <UnitOfMeasure>100 גרם</UnitOfMeasure>
      <bIsWeighted>0</bIsWeighted>
      <QtyInPackage>לא ידוע</QtyInPackage>
      <ItemPrice>11.00</ItemPrice>
      <UnitOfMeasurePrice>0.0220</UnitOfMeasurePrice>
      <AllowDiscount>1</AllowDiscount>
      <ItemStatus>1</ItemStatus>
      <ItemId>44084</ItemId>
    </Item>
    <Item>
      <PriceUpdateDate>2025-01-23 14:48:31</PriceUpdateDate>
      <ItemCode>7290119373352</ItemCode>
      <ItemType>1</ItemType>
      <ItemName>פריכיות משולשות תפוא</ItemName>
      <ManufacturerName>פרח תעשיות מזון בע"מ</ManufacturerName>
      <ManufactureCountry>ישראל</ManufactureCountry>
      <ManufacturerItemDescription>פריכיות משולשות תפוא</ManufacturerItemDescription>
      <UnitQty>גרמים</UnitQty>
      <Quantity>30.00</Quantity>
      <UnitOfMeasure>100 גרם</UnitOfMeasure>
      <bIsWeighted>0</bIsWeighted>
      <QtyInPackage>לא ידוע</QtyInPackage>
      <ItemPrice>6.90</ItemPrice>
      <UnitOfMeasurePrice>0.2300</UnitOfMeasurePrice>
      <AllowDiscount>1</AllowDiscount>
      <ItemStatus>1</ItemStatus>
      <ItemId>82656</ItemId>
    </Item>
    <Item>
      <PriceUpdateDate>2025-01-01 21:30:10</PriceUpdateDate>
      <ItemCode>7290003143146</ItemCode>
      <ItemType>1</ItemType>
      <ItemName>ממרח תמרים 450 גרם</ItemName>
      <ManufacturerName>לא ידוע</ManufacturerName>
      <ManufactureCountry>כללי</ManufactureCountry>
      <ManufacturerItemDescription>ממרח תמרים 450 גרם</ManufacturerItemDescription>
      <UnitQty>גרמים</UnitQty>
      <Quantity>450.00</Quantity>
      <UnitOfMeasure>100 גרם</UnitOfMeasure>
      <bIsWeighted>0</bIsWeighted>
      <QtyInPackage>לא ידוע</QtyInPackage>
      <ItemPrice>7.60</ItemPrice>
      <UnitOfMeasurePrice>0.0169</UnitOfMeasurePrice>
      <AllowDiscount>1</AllowDiscount>
      <ItemStatus>1</ItemStatus>
      <ItemId>44099</ItemId>
    </Item>
    <Item>
      <PriceUpdateDate>2025-01-01 21:30:10</PriceUpdateDate>
      <ItemCode>7290003144419</ItemCode>
      <ItemType>1</ItemType>
      <ItemName>סילאן טבעי 710 גרם</ItemName>
      <ManufacturerName>לא ידוע</ManufacturerName>
      <ManufactureCountry>כללי</ManufactureCountry>
      <ManufacturerItemDescription>סילאן 900 גרם</ManufacturerItemDescription>
      <UnitQty>גרמים</UnitQty>
      <Quantity>710.00</Quantity>
      <UnitOfMeasure>100 גרם</UnitOfMeasure>
      <bIsWeighted>0</bIsWeighted>
      <QtyInPackage>לא ידוע</QtyInPackage>
      <ItemPrice>21.10</ItemPrice>
      <UnitOfMeasurePrice>0.0297</UnitOfMeasurePrice>
      <AllowDiscount>1</AllowDiscount>
      <ItemStatus>1</ItemStatus>
      <ItemId>44116</ItemId>
    </Item>
    <Item>
      <PriceUpdateDate>2025-01-01 21:29:47</PriceUpdateDate>
      <ItemCode>7290011154035</ItemCode>
      <ItemType>1</ItemType>
      <ItemName>תרכיז תפוחים סחוט 50</ItemName>
      <ManufacturerName>טעמי הגליל</ManufacturerName>
      <ManufactureCountry>ישראל</ManufactureCountry>
      <ManufacturerItemDescription>תרכיז תפוחים סחוט 50</ManufacturerItemDescription>
      <UnitQty>מיליליטרים</UnitQty>
      <Quantity>500.00</Quantity>
      <UnitOfMeasure>100 מ"ל</UnitOfMeasure>
      <bIsWeighted>0</bIsWeighted>
      <QtyInPackage>לא ידוע</QtyInPackage>
      <ItemPrice>23.10</ItemPrice>
      <UnitOfMeasurePrice>0.0462</UnitOfMeasurePrice>
      <AllowDiscount>1</AllowDiscount>
      <ItemStatus>1</ItemStatus>
      <ItemId>44171</ItemId>
    </Item>
    <Item>
      <PriceUpdateDate>2025-01-01 21:30:20</PriceUpdateDate>
      <ItemCode>7290111350030</ItemCode>
      <ItemType>1</ItemType>
      <ItemName>רסק תפוחי עץ 670 גרם</ItemName>
      <ManufacturerName>ג'י אנד ג'י בע"מ</ManufacturerName>
      <ManufactureCountry>ישראל</ManufactureCountry>
      <ManufacturerItemDescription>קליית גת</ManufacturerItemDescription>
      <UnitQty>גרמים</UnitQty>
      <Quantity>670.00</Quantity>
      <UnitOfMeasure>100 גרם</UnitOfMeasure>
      <bIsWeighted>0</bIsWeighted>
      <QtyInPackage>לא ידוע</QtyInPackage>
      <ItemPrice>11.00</ItemPrice>
      <UnitOfMeasurePrice>0.0164</UnitOfMeasurePrice>
      <AllowDiscount>1</AllowDiscount>
      <ItemStatus>1</ItemStatus>
      <ItemId>44181</ItemId>
    </Item>
    <Item>
      <PriceUpdateDate>2023-07-26 15:54:12</PriceUpdateDate>
      <ItemCode>7290117764794</ItemCode>
      <ItemType>1</ItemType>
      <ItemName>עלי טורטייה מקמח חיט</ItemName>
      <ManufacturerName>ווינפוד בע"מ</ManufacturerName>
      <ManufactureCountry>תורכיה</ManufactureCountry>
      <ManufacturerItemDescription>עלי טורטייה מקמח חיט</ManufacturerItemDescription>
      <UnitQty>גרמים</UnitQty>
      <Quantity>540.00</Quantity>
      <UnitOfMeasure>100 גרם</UnitOfMeasure>
      <bIsWeighted>0</bIsWeighted>
      <QtyInPackage>לא ידוע</QtyInPackage>
      <ItemPrice>7.90</ItemPrice>
      <UnitOfMeasurePrice>0.0146</UnitOfMeasurePrice>
      <AllowDiscount>1</AllowDiscount>
      <ItemStatus>1</ItemStatus>
      <ItemId>75726</ItemId>
    </Item>
    <Item>
      <PriceUpdateDate>2025-01-01 21:30:20</PriceUpdateDate>
      <ItemCode>7290111352508</ItemCode>
      <ItemType>1</ItemType>
      <ItemName>סילאן טבעי לחיץ 840</ItemName>
      <ManufacturerName>ששון ושות' בע"מ</ManufacturerName>
      <ManufactureCountry>ישראל</ManufactureCountry>
      <ManufacturerItemDescription>קלית גת</ManufacturerItemDescription>
      <UnitQty>גרמים</UnitQty>
      <Quantity>840.00</Quantity>
      <UnitOfMeasure>100 גרם</UnitOfMeasure>
      <bIsWeighted>0</bIsWeighted>
      <QtyInPackage>לא ידוע</QtyInPackage>
      <ItemPrice>23.10</ItemPrice>
      <UnitOfMeasurePrice>0.0275</UnitOfMeasurePrice>
      <AllowDiscount>1</AllowDiscount>
      <ItemStatus>1</ItemStatus>
      <ItemId>44243</ItemId>
    </Item>
    <Item>
      <PriceUpdateDate>2025-01-06 18:38:55</PriceUpdateDate>
      <ItemCode>7702174068826</ItemCode>
      <ItemType>1</ItemType>
      <ItemName>סוכריות על מקל בטעמי</ItemName>
      <ManufacturerName>אלדור</ManufacturerName>
      <ManufactureCountry>אקוודור</ManufactureCountry>
      <ManufacturerItemDescription>יוגטה</ManufacturerItemDescription>
      <UnitQty>גרמים</UnitQty>
      <Quantity>300.00</Quantity>
      <UnitOfMeasure>100 גרם</UnitOfMeasure>
      <bIsWeighted>0</bIsWeighted>
      <QtyInPackage>לא ידוע</QtyInPackage>
      <ItemPrice>11.00</ItemPrice>
      <UnitOfMeasurePrice>0.0367</UnitOfMeasurePrice>
      <AllowDiscount>1</AllowDiscount>
      <ItemStatus>1</ItemStatus>
      <ItemId>44295</ItemId>
    </Item>
    <Item>
      <PriceUpdateDate>2025-01-26 11:34:09</PriceUpdateDate>
      <ItemCode>7290019997948</ItemCode>
      <ItemType>1</ItemType>
      <ItemName>מלפפונים במלח 7-9 יו</ItemName>
      <ManufacturerName>בית השיטה עסיס תעשיו</ManufacturerName>
      <ManufactureCountry>ישראל</ManufactureCountry>
      <ManufacturerItemDescription>מלפפונים במלח 7-9 יו</ManufacturerItemDescription>
      <UnitQty>גרמים</UnitQty>
      <Quantity>560.00</Quantity>
      <UnitOfMeasure>100 גרם</UnitOfMeasure>
      <bIsWeighted>0</bIsWeighted>
      <QtyInPackage>לא ידוע</QtyInPackage>
      <ItemPrice>7.10</ItemPrice>
      <UnitOfMeasurePrice>0.0127</UnitOfMeasurePrice>
      <AllowDiscount>1</AllowDiscount>
      <ItemStatus>1</ItemStatus>
      <ItemId>103857</ItemId>
    </Item>
    <Item>
      <PriceUpdateDate>2025-01-01 21:30:23</PriceUpdateDate>
      <ItemCode>8000380004911</ItemCode>
      <ItemType>1</ItemType>
      <ItemName>לואקר וופל במילוי קר</ItemName>
      <ManufacturerName>לואקר</ManufacturerName>
      <ManufactureCountry>אוסטריה</ManufactureCountry>
      <ManufacturerItemDescription>לואקר</ManufacturerItemDescription>
      <UnitQty>גרמים</UnitQty>
      <Quantity>250.00</Quantity>
      <UnitOfMeasure>100 גרם</UnitOfMeasure>
      <bIsWeighted>0</bIsWeighted>
      <QtyInPackage>לא ידוע</QtyInPackage>
      <ItemPrice>18.10</ItemPrice>
      <UnitOfMeasurePrice>0.0724</UnitOfMeasurePrice>
      <AllowDiscount>1</AllowDiscount>
      <ItemStatus>1</ItemStatus>
      <ItemId>44340</ItemId>
    </Item>
    <Item>
      <PriceUpdateDate>2025-01-06 18:38:55</PriceUpdateDate>
      <ItemCode>8000380004966</ItemCode>
      <ItemType>1</ItemType>
      <ItemName>לואקר וופל במילוי קר</ItemName>
      <ManufacturerName>לואקר</ManufacturerName>
      <ManufactureCountry>אוסטריה</ManufactureCountry>
      <ManufacturerItemDescription>לואקר</ManufacturerItemDescription>
      <UnitQty>גרמים</UnitQty>
      <Quantity>250.00</Quantity>
      <UnitOfMeasure>100 גרם</UnitOfMeasure>
      <bIsWeighted>0</bIsWeighted>
      <QtyInPackage>לא ידוע</QtyInPackage>
      <ItemPrice>18.10</ItemPrice>
      <UnitOfMeasurePrice>0.0724</UnitOfMeasurePrice>
      <AllowDiscount>1</AllowDiscount>
      <ItemStatus>1</ItemStatus>
      <ItemId>44343</ItemId>
    </Item>
    <Item>
      <PriceUpdateDate>2025-06-26 15:35:22</PriceUpdateDate>
      <ItemCode>7290019333517</ItemCode>
      <ItemType>1</ItemType>
      <ItemName>זיתים חרוזית ענק 275</ItemName>
      <ManufacturerName>בית השיטה עסיס תעשיו</ManufacturerName>
      <ManufactureCountry>ישראל</ManufactureCountry>
      <ManufacturerItemDescription>זיתים חרוזית ענק 275</ManufacturerItemDescription>
      <UnitQty>גרמים</UnitQty>
      <Quantity>275.00</Quantity>
      <UnitOfMeasure>100 גרם</UnitOfMeasure>
      <bIsWeighted>0</bIsWeighted>
      <QtyInPackage>לא ידוע</QtyInPackage>
      <ItemPrice>17.90</ItemPrice>
      <UnitOfMeasurePrice>0.0651</UnitOfMeasurePrice>
      <AllowDiscount>1</AllowDiscount>
      <ItemStatus>1</ItemStatus>
      <ItemId>114588</ItemId>
    </Item>
    <Item>
      <PriceUpdateDate>2025-06-23 17:03:25</PriceUpdateDate>
      <ItemCode>8000380007257</ItemCode>
      <ItemType>1</ItemType>
      <ItemName>לואקר וופל במילוי קר</ItemName>
      <ManufacturerName>לואקר</ManufacturerName>
      <ManufactureCountry>איטליה</ManufactureCountry>
      <ManufacturerItemDescription>לואקר</ManufacturerItemDescription>
      <UnitQty>גרמים</UnitQty>
      <Quantity>200.00</Quantity>
      <UnitOfMeasure>100 גרם</UnitOfMeasure>
      <bIsWeighted>0</bIsWeighted>
      <QtyInPackage>לא ידוע</QtyInPackage>
      <ItemPrice>19.90</ItemPrice>
      <UnitOfMeasurePrice>0.0995</UnitOfMeasurePrice>
      <AllowDiscount>1</AllowDiscount>
      <ItemStatus>1</ItemStatus>
      <ItemId>44352</ItemId>
    </Item>
    <Item>
      <PriceUpdateDate>2025-11-30 19:02:58</PriceUpdateDate>
      <ItemCode>7290116931982</ItemCode>
      <ItemType>1</ItemType>
      <ItemName>נפוליאון עירית 25% ש</ItemName>
      <ManufacturerName>תנובה</ManufacturerName>
      <ManufactureCountry>ישראל</ManufactureCountry>
      <ManufacturerItemDescription>נפוליאון</ManufacturerItemDescription>
      <UnitQty>גרמים</UnitQty>
      <Quantity>225.00</Quantity>
      <UnitOfMeasure>100 גרם</UnitOfMeasure>
      <bIsWeighted>0</bIsWeighted>
      <QtyInPackage>לא ידוע</QtyInPackage>
      <ItemPrice>16.00</ItemPrice>
      <UnitOfMeasurePrice>0.0711</UnitOfMeasurePrice>
      <AllowDiscount>1</AllowDiscount>
      <ItemStatus>1</ItemStatus>
      <ItemId>73954</ItemId>
    </Item>
    <Item>
      <PriceUpdateDate>2025-01-01 21:30:25</PriceUpdateDate>
      <ItemCode>8710800027573</ItemCode>
      <ItemType>1</ItemType>
      <ItemName>שקית מיני מנטוס בטעמ</ItemName>
      <ManufacturerName>פרפטי ואן מלה</ManufacturerName>
      <ManufactureCountry>הולנד</ManufactureCountry>
      <ManufacturerItemDescription>מנטוס</ManufacturerItemDescription>
      <UnitQty>גרמים</UnitQty>
      <Quantity>178.00</Quantity>
      <UnitOfMeasure>100 גרם</UnitOfMeasure>
      <bIsWeighted>0</bIsWeighted>
      <QtyInPackage>לא ידוע</QtyInPackage>
      <ItemPrice>15.00</ItemPrice>
      <UnitOfMeasurePrice>0.0843</UnitOfMeasurePrice>
      <AllowDiscount>1</AllowDiscount>
      <ItemStatus>1</ItemStatus>
      <ItemId>44524</ItemId>
    </Item>
    <Item>
      <PriceUpdateDate>2025-01-26 11:34:09</PriceUpdateDate>
      <ItemCode>7290019997009</ItemCode>
      <ItemType>1</ItemType>
      <ItemName>מלפפונים במלח 10-12</ItemName>
      <ManufacturerName>בית השיטה עסיס תעשיו</ManufacturerName>
      <ManufactureCountry>ישראל</ManufactureCountry>
      <ManufacturerItemDescription>מלפפונים במלח 10-12</ManufacturerItemDescription>
      <UnitQty>גרמים</UnitQty>
      <Quantity>560.00</Quantity>
      <UnitOfMeasure>100 גרם</UnitOfMeasure>
      <bIsWeighted>0</bIsWeighted>
      <QtyInPackage>לא ידוע</QtyInPackage>
      <ItemPrice>8.50</ItemPrice>
      <UnitOfMeasurePrice>0.0152</UnitOfMeasurePrice>
      <AllowDiscount>1</AllowDiscount>
      <ItemStatus>1</ItemStatus>
      <ItemId>103864</ItemId>
    </Item>
    <Item>
      <PriceUpdateDate>2024-08-14 17:32:03</PriceUpdateDate>
      <ItemCode>8850632604259</ItemCode>
      <ItemType>1</ItemType>
      <ItemName>מקלות חמוצים בטעם תו</ItemName>
      <ManufacturerName>סאאדת</ManufacturerName>
      <ManufactureCountry>תורכיה</ManufactureCountry>
      <ManufacturerItemDescription>יוגטה</ManufacturerItemDescription>
      <UnitQty>יח'</UnitQty>
      <Quantity>24.00</Quantity>
      <UnitOfMeasure>יח'</UnitOfMeasure>
      <bIsWeighted>0</bIsWeighted>
      <QtyInPackage>לא ידוע</QtyInPackage>
      <ItemPrice>4.50</ItemPrice>
      <UnitOfMeasurePrice>0.1875</UnitOfMeasurePrice>
      <AllowDiscount>1</AllowDiscount>
      <ItemStatus>1</ItemStatus>
      <ItemId>44540</ItemId>
    </Item>
    <Item>
      <PriceUpdateDate>2024-08-14 17:32:03</PriceUpdateDate>
      <ItemCode>8850632604266</ItemCode>
      <ItemType>1</ItemType>
      <ItemName>מקלות חמוצים בטעם קו</ItemName>
      <ManufacturerName>סאאדת</ManufacturerName>
      <ManufactureCountry>תורכיה</ManufactureCountry>
      <ManufacturerItemDescription>יוגטה</ManufacturerItemDescription>
      <UnitQty>יח'</UnitQty>
      <Quantity>24.00</Quantity>
      <UnitOfMeasure>יח'</UnitOfMeasure>
      <bIsWeighted>0</bIsWeighted>
      <QtyInPackage>לא ידוע</QtyInPackage>
      <ItemPrice>4.50</ItemPrice>
      <UnitOfMeasurePrice>0.1875</UnitOfMeasurePrice>
      <AllowDiscount>1</AllowDiscount>
      <ItemStatus>1</ItemStatus>
      <ItemId>44541</ItemId>
    </Item>
    <Item>
      <PriceUpdateDate>2024-08-14 17:32:03</PriceUpdateDate>
      <ItemCode>8850632604402</ItemCode>
      <ItemType>1</ItemType>
      <ItemName>חמצוצים בטעמי מיקס פ</ItemName>
      <ManufacturerName>סאאדת</ManufacturerName>
      <ManufactureCountry>תורכיה</ManufactureCountry>
      <ManufacturerItemDescription>יוגטה</ManufacturerItemDescription>
      <UnitQty>יח'</UnitQty>
      <Quantity>24.00</Quantity>
      <UnitOfMeasure>יח'</UnitOfMeasure>
      <bIsWeighted>0</bIsWeighted>
      <QtyInPackage>לא ידוע</QtyInPackage>
      <ItemPrice>4.50</ItemPrice>
      <UnitOfMeasurePrice>0.1875</UnitOfMeasurePrice>
      <AllowDiscount>1</AllowDiscount>
      <ItemStatus>1</ItemStatus>
      <ItemId>44543</ItemId>
    </Item>
    <Item>
      <PriceUpdateDate>2025-07-23 17:17:02</PriceUpdateDate>
      <ItemCode>7290002550907</ItemCode>
      <ItemType>1</ItemType>
      <ItemName>חומץ 5% יוחננוף 1 לי</ItemName>
      <ManufacturerName>פרידמן</ManufacturerName>
      <ManufactureCountry>ישראל</ManufactureCountry>
      <ManufacturerItemDescription>חומץ 5% יוחננוף 1 לי</ManufacturerItemDescription>
      <UnitQty>ליטרים</UnitQty>
      <Quantity>1.00</Quantity>
      <UnitOfMeasure>ליטר    </UnitOfMeasure>
      <bIsWeighted>0</bIsWeighted>
      <QtyInPackage>לא ידוע</QtyInPackage>
      <ItemPrice>4.90</ItemPrice>
      <UnitOfMeasurePrice>4.9000</UnitOfMeasurePrice>
      <AllowDiscount>1</AllowDiscount>
      <ItemStatus>1</ItemStatus>
      <ItemId>73272</ItemId>
    </Item>
    <Item>
      <PriceUpdateDate>2025-05-12 09:15:26</PriceUpdateDate>
      <ItemCode>8718951561267</ItemCode>
      <ItemType>1</ItemType>
      <ItemName>פלמוליב סבון ידיים ח</ItemName>
      <ManufacturerName>CP - Turkey+60</ManufacturerName>
      <ManufactureCountry>תורכיה</ManufactureCountry>
      <ManufacturerItemDescription>פלמוליב</ManufacturerItemDescription>
      <UnitQty>מיליליטרים</UnitQty>
      <Quantity>300.00</Quantity>
      <UnitOfMeasure>100 מ"ל</UnitOfMeasure>
      <bIsWeighted>0</bIsWeighted>
      <QtyInPackage>לא ידוע</QtyInPackage>
      <ItemPrice>12.00</ItemPrice>
      <UnitOfMeasurePrice>0.0400</UnitOfMeasurePrice>
      <AllowDiscount>1</AllowDiscount>
      <ItemStatus>1</ItemStatus>
      <ItemId>112320</ItemId>
    </Item>
    <Item>
      <PriceUpdateDate>2025-01-01 21:30:18</PriceUpdateDate>
      <ItemCode>7290019603474</ItemCode>
      <ItemType>1</ItemType>
      <ItemName>נטיפים בטעם שוקולד 2</ItemName>
      <ManufacturerName>מיה</ManufacturerName>
      <ManufactureCountry>ישראל</ManufactureCountry>
      <ManufacturerItemDescription>נטיפים בטעם שוקולד 2</ManufacturerItemDescription>
      <UnitQty>גרמים</UnitQty>
      <Quantity>250.00</Quantity>
      <UnitOfMeasure>100 גרם</UnitOfMeasure>
      <bIsWeighted>0</bIsWeighted>
      <QtyInPackage>לא ידוע</QtyInPackage>
      <ItemPrice>12.00</ItemPrice>
      <UnitOfMeasurePrice>0.0480</UnitOfMeasurePrice>
      <AllowDiscount>1</AllowDiscount>
      <ItemStatus>1</ItemStatus>
      <ItemId>85040</ItemId>
    </Item>
    <Item>
      <PriceUpdateDate>2025-01-01 21:29:12</PriceUpdateDate>
      <ItemCode>7290000554532</ItemCode>
      <ItemType>1</ItemType>
      <ItemName>צפתית מעודנת 5% 200ג</ItemName>
      <ManufacturerName>מחלבות גד</ManufacturerName>
      <ManufactureCountry>ישראל</ManufactureCountry>
      <ManufacturerItemDescription>מחלבות גד</ManufacturerItemDescription>
      <UnitQty>גרמים</UnitQty>
      <Quantity>200.00</Quantity>
      <UnitOfMeasure>100 גרם</UnitOfMeasure>
      <bIsWeighted>0</bIsWeighted>
      <QtyInPackage>לא ידוע</QtyInPackage>
      <ItemPrice>17.60</ItemPrice>
      <UnitOfMeasurePrice>0.0880</UnitOfMeasurePrice>
      <AllowDiscount>1</AllowDiscount>
      <ItemStatus>1</ItemStatus>
      <ItemId>45158</ItemId>
    </Item>
    <Item>
      <PriceUpdateDate>2024-06-23 14:09:40</PriceUpdateDate>
      <ItemCode>7290000554686</ItemCode>
      <ItemType>1</ItemType>
      <ItemName>לאבנה שמן זית זעתר</ItemName>
      <ManufacturerName>מחלבות גד</ManufacturerName>
      <ManufactureCountry>ישראל</ManufactureCountry>
      <ManufacturerItemDescription>מחלבות גד</ManufacturerItemDescription>
      <UnitQty>גרמים</UnitQty>
      <Quantity>250.00</Quantity>
      <UnitOfMeasure>100 גרם</UnitOfMeasure>
      <bIsWeighted>0</bIsWeighted>
      <QtyInPackage>לא ידוע</QtyInPackage>
      <ItemPrice>17.90</ItemPrice>
      <UnitOfMeasurePrice>0.0716</UnitOfMeasurePrice>
      <AllowDiscount>1</AllowDiscount>
      <ItemStatus>1</ItemStatus>
      <ItemId>45162</ItemId>
    </Item>
    <Item>
      <PriceUpdateDate>2025-09-02 17:16:44</PriceUpdateDate>
      <ItemCode>7290000554822</ItemCode>
      <ItemType>1</ItemType>
      <ItemName>ריקוטה קלאסית</ItemName>
      <ManufacturerName>מחלבות גד</ManufacturerName>
      <ManufactureCountry>ישראל</ManufactureCountry>
      <ManufacturerItemDescription>מחלבות גד</ManufacturerItemDescription>
      <UnitQty>גרמים</UnitQty>
      <Quantity>250.00</Quantity>
      <UnitOfMeasure>100 גרם</UnitOfMeasure>
      <bIsWeighted>0</bIsWeighted>
      <QtyInPackage>לא ידוע</QtyInPackage>
      <ItemPrice>17.90</ItemPrice>
      <UnitOfMeasurePrice>0.0716</UnitOfMeasurePrice>
      <AllowDiscount>1</AllowDiscount>
      <ItemStatus>1</ItemStatus>
      <ItemId>45165</ItemId>
    </Item>
    <Item>
      <PriceUpdateDate>2025-01-01 21:29:12</PriceUpdateDate>
      <ItemCode>7290000554839</ItemCode>
      <ItemType>1</ItemType>
      <ItemName>מסקרפונה 250 גרם</ItemName>
      <ManufacturerName>מחלבות גד</ManufacturerName>
      <ManufactureCountry>ישראל</ManufactureCountry>
      <ManufacturerItemDescription>מחלבות גד</ManufacturerItemDescription>
      <UnitQty>גרמים</UnitQty>
      <Quantity>250.00</Quantity>
      <UnitOfMeasure>100 גרם</UnitOfMeasure>
      <bIsWeighted>0</bIsWeighted>
      <QtyInPackage>לא ידוע</QtyInPackage>
      <ItemPrice>26.10</ItemPrice>
      <UnitOfMeasurePrice>0.1044</UnitOfMeasurePrice>
      <AllowDiscount>1</AllowDiscount>
      <ItemStatus>1</ItemStatus>
      <ItemId>45166</ItemId>
    </Item>
    <Item>
      <PriceUpdateDate>2024-06-23 14:10:14</PriceUpdateDate>
      <ItemCode>8700216237420</ItemCode>
      <ItemType>1</ItemType>
      <ItemName>פיירי קפסולות למדיח</ItemName>
      <ManufacturerName>פרוקטר אנד גמבל</ManufacturerName>
      <ManufactureCountry>בלגיה</ManufactureCountry>
      <ManufacturerItemDescription>פיירי</ManufacturerItemDescription>
      <UnitQty>יח'</UnitQty>
      <Quantity>71.00</Quantity>
      <UnitOfMeasure>יח'</UnitOfMeasure>
      <bIsWeighted>0</bIsWeighted>
      <QtyInPackage>לא ידוע</QtyInPackage>
      <ItemPrice>54.90</ItemPrice>
      <UnitOfMeasurePrice>0.7732</UnitOfMeasurePrice>
      <AllowDiscount>1</AllowDiscount>
      <ItemStatus>1</ItemStatus>
      <ItemId>93789</ItemId>
    </Item>
    <Item>
      <PriceUpdateDate>2025-01-01 21:29:13</PriceUpdateDate>
      <ItemCode>7290004068028</ItemCode>
      <ItemType>1</ItemType>
      <ItemName>ציזיקי לשתיה 500 מ"ל</ItemName>
      <ManufacturerName>גדיה</ManufacturerName>
      <ManufactureCountry>ישראל</ManufactureCountry>
      <ManufacturerItemDescription>מחלבות גד</ManufacturerItemDescription>
      <UnitQty>גרמים</UnitQty>
      <Quantity>500.00</Quantity>
      <UnitOfMeasure>100 גרם</UnitOfMeasure>
      <bIsWeighted>0</bIsWeighted>
      <QtyInPackage>לא ידוע</QtyInPackage>
      <ItemPrice>11.60</ItemPrice>
      <UnitOfMeasurePrice>0.0232</UnitOfMeasurePrice>
      <AllowDiscount>1</AllowDiscount>
      <ItemStatus>1</ItemStatus>
      <ItemId>45194</ItemId>
    </Item>
    <Item>
      <PriceUpdateDate>2025-01-01 21:29:14</PriceUpdateDate>
      <ItemCode>7290005992018</ItemCode>
      <ItemType>1</ItemType>
      <ItemName>יוגורט עיזים</ItemName>
      <ManufacturerName>גדיה</ManufacturerName>
      <ManufactureCountry>ישראל</ManufactureCountry>
      <ManufacturerItemDescription>מחלבות גד</ManufacturerItemDescription>
      <UnitQty>גרמים</UnitQty>
      <Quantity>500.00</Quantity>
      <UnitOfMeasure>100 גרם</UnitOfMeasure>
      <bIsWeighted>0</bIsWeighted>
      <QtyInPackage>לא ידוע</QtyInPackage>
      <ItemPrice>16.00</ItemPrice>
      <UnitOfMeasurePrice>0.0320</UnitOfMeasurePrice>
      <AllowDiscount>1</AllowDiscount>
      <ItemStatus>1</ItemStatus>
      <ItemId>45210</ItemId>
    </Item>
    <Item>
      <PriceUpdateDate>2025-01-01 21:29:15</PriceUpdateDate>
      <ItemCode>7290005992735</ItemCode>
      <ItemType>1</ItemType>
      <ItemName>לאבנה 250 גרם</ItemName>
      <ManufacturerName>מחלבות גד</ManufacturerName>
      <ManufactureCountry>ישראל</ManufactureCountry>
      <ManufacturerItemDescription>מחלבות גד</ManufacturerItemDescription>
      <UnitQty>גרמים</UnitQty>
      <Quantity>250.00</Quantity>
      <UnitOfMeasure>100 גרם</UnitOfMeasure>
      <bIsWeighted>0</bIsWeighted>
      <QtyInPackage>לא ידוע</QtyInPackage>
      <ItemPrice>15.00</ItemPrice>
      <UnitOfMeasurePrice>0.0600</UnitOfMeasurePrice>
      <AllowDiscount>1</AllowDiscount>
      <ItemStatus>1</ItemStatus>
      <ItemId>45213</ItemId>
    </Item>
    <Item>
      <PriceUpdateDate>2025-01-01 21:29:15</PriceUpdateDate>
      <ItemCode>7290006492432</ItemCode>
      <ItemType>1</ItemType>
      <ItemName>מוצרלה ביבי</ItemName>
      <ManufacturerName>מחלבות גד</ManufacturerName>
      <ManufactureCountry>ישראל</ManufactureCountry>
      <ManufacturerItemDescription>מחלבות גד</ManufacturerItemDescription>
      <UnitQty>גרמים</UnitQty>
      <Quantity>150.00</Quantity>
      <UnitOfMeasure>100 גרם</UnitOfMeasure>
      <bIsWeighted>0</bIsWeighted>
      <QtyInPackage>לא ידוע</QtyInPackage>
      <ItemPrice>16.60</ItemPrice>
      <UnitOfMeasurePrice>0.1107</UnitOfMeasurePrice>
      <AllowDiscount>1</AllowDiscount>
      <ItemStatus>1</ItemStatus>
      <ItemId>45229</ItemId>
    </Item>
    <Item>
      <PriceUpdateDate>2025-01-01 21:29:15</PriceUpdateDate>
      <ItemCode>7290006492852</ItemCode>
      <ItemType>1</ItemType>
      <ItemName>גבינת עיזים 5% למריח</ItemName>
      <ManufacturerName>מחלבות גד</ManufacturerName>
      <ManufactureCountry>ישראל</ManufactureCountry>
      <ManufacturerItemDescription>מחלבות גד</ManufacturerItemDescription>
      <UnitQty>גרמים</UnitQty>
      <Quantity>250.00</Quantity>
      <UnitOfMeasure>100 גרם</UnitOfMeasure>
      <bIsWeighted>0</bIsWeighted>
      <QtyInPackage>לא ידוע</QtyInPackage>
      <ItemPrice>21.10</ItemPrice>
      <UnitOfMeasurePrice>0.0844</UnitOfMeasurePrice>
      <AllowDiscount>1</AllowDiscount>
      <ItemStatus>1</ItemStatus>
      <ItemId>45234</ItemId>
    </Item>
    <Item>
      <PriceUpdateDate>2025-01-01 21:29:15</PriceUpdateDate>
      <ItemCode>7290011499129</ItemCode>
      <ItemType>1</ItemType>
      <ItemName>קוביות בולגרית 5%</ItemName>
      <ManufacturerName>דשן</ManufacturerName>
      <ManufactureCountry>ישראל</ManufactureCountry>
      <ManufacturerItemDescription>מחלבות גד</ManufacturerItemDescription>
      <UnitQty>גרמים</UnitQty>
      <Quantity>200.00</Quantity>
      <UnitOfMeasure>100 גרם</UnitOfMeasure>
      <bIsWeighted>0</bIsWeighted>
      <QtyInPackage>לא ידוע</QtyInPackage>
      <ItemPrice>25.10</ItemPrice>
      <UnitOfMeasurePrice>0.1255</UnitOfMeasurePrice>
      <AllowDiscount>1</AllowDiscount>
      <ItemStatus>1</ItemStatus>
      <ItemId>45239</ItemId>
    </Item>
    <Item>
      <PriceUpdateDate>2025-01-01 21:29:15</PriceUpdateDate>
      <ItemCode>7290011499419</ItemCode>
      <ItemType>1</ItemType>
      <ItemName>קרם שמנת ניו יורק 5%</ItemName>
      <ManufacturerName>מחלבות גד</ManufacturerName>
      <ManufactureCountry>ישראל</ManufactureCountry>
      <ManufacturerItemDescription>מחלבות גד</ManufacturerItemDescription>
      <UnitQty>גרמים</UnitQty>
      <Quantity>200.00</Quantity>
      <UnitOfMeasure>100 גרם</UnitOfMeasure>
      <bIsWeighted>0</bIsWeighted>
      <QtyInPackage>לא ידוע</QtyInPackage>
      <ItemPrice>15.00</ItemPrice>
      <UnitOfMeasurePrice>0.0750</UnitOfMeasurePrice>
      <AllowDiscount>1</AllowDiscount>
      <ItemStatus>1</ItemStatus>
      <ItemId>45248</ItemId>
    </Item>
    <Item>
      <PriceUpdateDate>2025-01-01 21:29:15</PriceUpdateDate>
      <ItemCode>7290011499525</ItemCode>
      <ItemType>1</ItemType>
      <ItemName>לאבנה 9% 500 גרם</ItemName>
      <ManufacturerName>מחלבות גד</ManufacturerName>
      <ManufactureCountry>ישראל</ManufactureCountry>
      <ManufacturerItemDescription>מחלבות גד</ManufacturerItemDescription>
      <UnitQty>גרמים</UnitQty>
      <Quantity>500.00</Quantity>
      <UnitOfMeasure>100 גרם</UnitOfMeasure>
      <bIsWeighted>0</bIsWeighted>
      <QtyInPackage>לא ידוע</QtyInPackage>
      <ItemPrice>24.10</ItemPrice>
      <UnitOfMeasurePrice>0.0482</UnitOfMeasurePrice>
      <AllowDiscount>1</AllowDiscount>
      <ItemStatus>1</ItemStatus>
      <ItemId>45249</ItemId>
    </Item>
    <Item>
      <PriceUpdateDate>2025-01-01 21:29:16</PriceUpdateDate>
      <ItemCode>7290011499624</ItemCode>
      <ItemType>1</ItemType>
      <ItemName>גבינת שמנת ניו יורק</ItemName>
      <ManufacturerName>מחלבות גד</ManufacturerName>
      <ManufactureCountry>ישראל</ManufactureCountry>
      <ManufacturerItemDescription>מחלבות גד</ManufacturerItemDescription>
      <UnitQty>גרמים</UnitQty>
      <Quantity>200.00</Quantity>
      <UnitOfMeasure>100 גרם</UnitOfMeasure>
      <bIsWeighted>0</bIsWeighted>
      <QtyInPackage>לא ידוע</QtyInPackage>
      <ItemPrice>16.00</ItemPrice>
      <UnitOfMeasurePrice>0.0800</UnitOfMeasurePrice>
      <AllowDiscount>1</AllowDiscount>
      <ItemStatus>1</ItemStatus>
      <ItemId>45250</ItemId>
    </Item>
    <Item>
      <PriceUpdateDate>2025-01-01 21:29:16</PriceUpdateDate>
      <ItemCode>7290014455245</ItemCode>
      <ItemType>1</ItemType>
      <ItemName>גרנה פדנו משולש 200ג</ItemName>
      <ManufacturerName>מחלבות גד</ManufacturerName>
      <ManufactureCountry>איטליה</ManufactureCountry>
      <ManufacturerItemDescription>גד</ManufacturerItemDescription>
      <UnitQty>גרמים</UnitQty>
      <Quantity>200.00</Quantity>
      <UnitOfMeasure>100 גרם</UnitOfMeasure>
      <bIsWeighted>0</bIsWeighted>
      <QtyInPackage>לא ידוע</QtyInPackage>
      <ItemPrice>30.20</ItemPrice>
      <UnitOfMeasurePrice>0.1510</UnitOfMeasurePrice>
      <AllowDiscount>1</AllowDiscount>
      <ItemStatus>1</ItemStatus>
      <ItemId>45260</ItemId>
    </Item>
    <Item>
      <PriceUpdateDate>2025-11-04 18:57:55</PriceUpdateDate>
      <ItemCode>7290014455252</ItemCode>
      <ItemType>1</ItemType>
      <ItemName>גרנה פדנו מגורדת 100</ItemName>
      <ManufacturerName>מחלבות גד</ManufacturerName>
      <ManufactureCountry>איטליה</ManufactureCountry>
      <ManufacturerItemDescription>גד</ManufacturerItemDescription>
      <UnitQty>גרמים</UnitQty>
      <Quantity>100.00</Quantity>
      <UnitOfMeasure>100 גרם</UnitOfMeasure>
      <bIsWeighted>0</bIsWeighted>
      <QtyInPackage>לא ידוע</QtyInPackage>
      <ItemPrice>15.90</ItemPrice>
      <UnitOfMeasurePrice>0.1590</UnitOfMeasurePrice>
      <AllowDiscount>1</AllowDiscount>
      <ItemStatus>1</ItemStatus>
      <ItemId>45261</ItemId>
    </Item>
    <Item>
      <PriceUpdateDate>2025-01-01 21:29:16</PriceUpdateDate>
      <ItemCode>7290014455320</ItemCode>
      <ItemType>1</ItemType>
      <ItemName>מוצרלה פרסקה 100גרם</ItemName>
      <ManufacturerName>לא ידוע</ManufacturerName>
      <ManufactureCountry>ישראל</ManufactureCountry>
      <ManufacturerItemDescription>מוצרלה פרסקה 100גרם</ManufacturerItemDescription>
      <UnitQty>גרמים</UnitQty>
      <Quantity>100.00</Quantity>
      <UnitOfMeasure>100 גרם</UnitOfMeasure>
      <bIsWeighted>0</bIsWeighted>
      <QtyInPackage>לא ידוע</QtyInPackage>
      <ItemPrice>12.00</ItemPrice>
      <UnitOfMeasurePrice>0.1200</UnitOfMeasurePrice>
      <AllowDiscount>1</AllowDiscount>
      <ItemStatus>1</ItemStatus>
      <ItemId>45264</ItemId>
    </Item>
    <Item>
      <PriceUpdateDate>2025-01-05 18:12:48</PriceUpdateDate>
      <ItemCode>7290020187185</ItemCode>
      <ItemType>1</ItemType>
      <ItemName>אוכמניות שחורות 500</ItemName>
      <ManufacturerName>עבודי פירות קפואים ב</ManufacturerName>
      <ManufactureCountry>פולין</ManufactureCountry>
      <ManufacturerItemDescription>אוכמניות שחורות 500</ManufacturerItemDescription>
      <UnitQty>גרמים</UnitQty>
      <Quantity>500.00</Quantity>
      <UnitOfMeasure>100 גרם</UnitOfMeasure>
      <bIsWeighted>0</bIsWeighted>
      <QtyInPackage>לא ידוע</QtyInPackage>
      <ItemPrice>17.90</ItemPrice>
      <UnitOfMeasurePrice>0.0358</UnitOfMeasurePrice>
      <AllowDiscount>1</AllowDiscount>
      <ItemStatus>1</ItemStatus>
      <ItemId>106248</ItemId>
    </Item>
    <Item>
      <PriceUpdateDate>2025-01-01 21:29:29</PriceUpdateDate>
      <ItemCode>7290116934280</ItemCode>
      <ItemType>1</ItemType>
      <ItemName>גבינה לבנה 5% עם שמי</ItemName>
      <ManufacturerName>תנובה</ManufacturerName>
      <ManufactureCountry>ישראל</ManufactureCountry>
      <ManufacturerItemDescription>תנובה</ManufacturerItemDescription>
      <UnitQty>גרמים</UnitQty>
      <Quantity>250.00</Quantity>
      <UnitOfMeasure>100 גרם</UnitOfMeasure>
      <bIsWeighted>0</bIsWeighted>
      <QtyInPackage>לא ידוע</QtyInPackage>
      <ItemPrice>7.00</ItemPrice>
      <UnitOfMeasurePrice>0.0280</UnitOfMeasurePrice>
      <AllowDiscount>1</AllowDiscount>
      <ItemStatus>1</ItemStatus>
      <ItemId>100427</ItemId>
    </Item>
    <Item>
      <PriceUpdateDate>2025-01-01 21:29:16</PriceUpdateDate>
      <ItemCode>7290014455467</ItemCode>
      <ItemType>1</ItemType>
      <ItemName>מעדן שיבולת שועל וחל</ItemName>
      <ManufacturerName>מחלבות גד</ManufacturerName>
      <ManufactureCountry>ישראל</ManufactureCountry>
      <ManufacturerItemDescription>מעדני גד</ManufacturerItemDescription>
      <UnitQty>גרמים</UnitQty>
      <Quantity>150.00</Quantity>
      <UnitOfMeasure>100 גרם</UnitOfMeasure>
      <bIsWeighted>0</bIsWeighted>
      <QtyInPackage>לא ידוע</QtyInPackage>
      <ItemPrice>7.00</ItemPrice>
      <UnitOfMeasurePrice>0.0467</UnitOfMeasurePrice>
      <AllowDiscount>1</AllowDiscount>
      <ItemStatus>1</ItemStatus>
      <ItemId>45266</ItemId>
    </Item>
    <Item>
      <PriceUpdateDate>2025-01-01 21:29:18</PriceUpdateDate>
      <ItemCode>7290017065007</ItemCode>
      <ItemType>1</ItemType>
      <ItemName>פרוסות מוצרלה 200 גר</ItemName>
      <ManufacturerName>מחלבות גד</ManufacturerName>
      <ManufactureCountry>ישראל</ManufactureCountry>
      <ManufacturerItemDescription>מחלבות גד</ManufacturerItemDescription>
      <UnitQty>גרמים</UnitQty>
      <Quantity>200.00</Quantity>
      <UnitOfMeasure>100 גרם</UnitOfMeasure>
      <bIsWeighted>0</bIsWeighted>
      <QtyInPackage>לא ידוע</QtyInPackage>
      <ItemPrice>23.10</ItemPrice>
      <UnitOfMeasurePrice>0.1155</UnitOfMeasurePrice>
      <AllowDiscount>1</AllowDiscount>
      <ItemStatus>1</ItemStatus>
      <ItemId>45282</ItemId>
    </Item>
    <Item>
      <PriceUpdateDate>2025-01-01 21:29:18</PriceUpdateDate>
      <ItemCode>7290017065137</ItemCode>
      <ItemType>1</ItemType>
      <ItemName>ריקוטה למריחה 5% טבע</ItemName>
      <ManufacturerName>מחלבות גד</ManufacturerName>
      <ManufactureCountry>ישראל</ManufactureCountry>
      <ManufacturerItemDescription>מחלבות גד</ManufacturerItemDescription>
      <UnitQty>גרמים</UnitQty>
      <Quantity>200.00</Quantity>
      <UnitOfMeasure>100 גרם</UnitOfMeasure>
      <bIsWeighted>0</bIsWeighted>
      <QtyInPackage>לא ידוע</QtyInPackage>
      <ItemPrice>12.00</ItemPrice>
      <UnitOfMeasurePrice>0.0600</UnitOfMeasurePrice>
      <AllowDiscount>1</AllowDiscount>
      <ItemStatus>1</ItemStatus>
      <ItemId>45284</ItemId>
    </Item>
    <Item>
      <PriceUpdateDate>2025-01-01 21:29:18</PriceUpdateDate>
      <ItemCode>7290017065175</ItemCode>
      <ItemType>1</ItemType>
      <ItemName>מנצ'גו פרוס 150 גרם</ItemName>
      <ManufacturerName>מחלבות גד</ManufacturerName>
      <ManufactureCountry>ספרד</ManufactureCountry>
      <ManufacturerItemDescription>מחלבות גד</ManufacturerItemDescription>
      <UnitQty>גרמים</UnitQty>
      <Quantity>150.00</Quantity>
      <UnitOfMeasure>100 גרם</UnitOfMeasure>
      <bIsWeighted>0</bIsWeighted>
      <QtyInPackage>לא ידוע</QtyInPackage>
      <ItemPrice>25.10</ItemPrice>
      <UnitOfMeasurePrice>0.1673</UnitOfMeasurePrice>
      <AllowDiscount>1</AllowDiscount>
      <ItemStatus>1</ItemStatus>
      <ItemId>45288</ItemId>
    </Item>
    <Item>
      <PriceUpdateDate>2025-01-01 21:29:18</PriceUpdateDate>
      <ItemCode>7290017065434</ItemCode>
      <ItemType>1</ItemType>
      <ItemName>פרוסות גאודה בקר 200</ItemName>
      <ManufacturerName>מחלבות גד</ManufacturerName>
      <ManufactureCountry>הולנד</ManufactureCountry>
      <ManufacturerItemDescription>מחלבות גד</ManufacturerItemDescription>
      <UnitQty>גרמים</UnitQty>
      <Quantity>200.00</Quantity>
      <UnitOfMeasure>100 גרם</UnitOfMeasure>
      <bIsWeighted>0</bIsWeighted>
      <QtyInPackage>לא ידוע</QtyInPackage>
      <ItemPrice>25.10</ItemPrice>
      <UnitOfMeasurePrice>0.1255</UnitOfMeasurePrice>
      <AllowDiscount>1</AllowDiscount>
      <ItemStatus>1</ItemStatus>
      <ItemId>45301</ItemId>
    </Item>
    <Item>
      <PriceUpdateDate>2025-01-01 21:29:18</PriceUpdateDate>
      <ItemCode>7290017065731</ItemCode>
      <ItemType>1</ItemType>
      <ItemName>גבינת שמנת כמהין ניו</ItemName>
      <ManufacturerName>מחלבות גד</ManufacturerName>
      <ManufactureCountry>ישראל</ManufactureCountry>
      <ManufacturerItemDescription>מחלבות גד</ManufacturerItemDescription>
      <UnitQty>גרמים</UnitQty>
      <Quantity>200.00</Quantity>
      <UnitOfMeasure>100 גרם</UnitOfMeasure>
      <bIsWeighted>0</bIsWeighted>
      <QtyInPackage>לא ידוע</QtyInPackage>
      <ItemPrice>16.00</ItemPrice>
      <UnitOfMeasurePrice>0.0800</UnitOfMeasurePrice>
      <AllowDiscount>1</AllowDiscount>
      <ItemStatus>1</ItemStatus>
      <ItemId>45320</ItemId>
    </Item>
    <Item>
      <PriceUpdateDate>2025-01-02 15:56:57</PriceUpdateDate>
      <ItemCode>7290002603504</ItemCode>
      <ItemType>1</ItemType>
      <ItemName>פוקצ'ה עגבניות ובצל</ItemName>
      <ManufacturerName>שלושת האופים</ManufacturerName>
      <ManufactureCountry>ישראל</ManufactureCountry>
      <ManufacturerItemDescription>שגב</ManufacturerItemDescription>
      <UnitQty>גרמים</UnitQty>
      <Quantity>220.00</Quantity>
      <UnitOfMeasure>100 גרם</UnitOfMeasure>
      <bIsWeighted>0</bIsWeighted>
      <QtyInPackage>לא ידוע</QtyInPackage>
      <ItemPrice>14.00</ItemPrice>
      <UnitOfMeasurePrice>0.0636</UnitOfMeasurePrice>
      <AllowDiscount>1</AllowDiscount>
      <ItemStatus>1</ItemStatus>
      <ItemId>45546</ItemId>
    </Item>
    <Item>
      <PriceUpdateDate>2025-06-25 11:50:49</PriceUpdateDate>
      <ItemCode>7290119384242</ItemCode>
      <ItemType>1</ItemType>
      <ItemName>דנונה פרו 20 גר קרם</ItemName>
      <ManufacturerName>שטראוס גרופ</ManufacturerName>
      <ManufactureCountry>ישראל</ManufactureCountry>
      <ManufacturerItemDescription>דנונה פרו</ManufacturerItemDescription>
      <UnitQty>גרמים</UnitQty>
      <Quantity>200.00</Quantity>
      <UnitOfMeasure>100 גרם</UnitOfMeasure>
      <bIsWeighted>0</bIsWeighted>
      <QtyInPackage>לא ידוע</QtyInPackage>
      <ItemPrice>6.50</ItemPrice>
      <UnitOfMeasurePrice>0.0325</UnitOfMeasurePrice>
      <AllowDiscount>1</AllowDiscount>
      <ItemStatus>1</ItemStatus>
      <ItemId>114301</ItemId>
    </Item>
    <Item>
      <PriceUpdateDate>2025-04-11 10:56:15</PriceUpdateDate>
      <ItemCode>7290018720554</ItemCode>
      <ItemType>1</ItemType>
      <ItemName>וופל קראנץ' במילוי ק</ItemName>
      <ManufacturerName>לא ידוע</ManufacturerName>
      <ManufactureCountry>ישראל</ManufactureCountry>
      <ManufacturerItemDescription>וופל קראנץ' במילוי ק</ManufacturerItemDescription>
      <UnitQty>גרמים</UnitQty>
      <Quantity>150.00</Quantity>
      <UnitOfMeasure>100 גרם</UnitOfMeasure>
      <bIsWeighted>0</bIsWeighted>
      <QtyInPackage>לא ידוע</QtyInPackage>
      <ItemPrice>3.50</ItemPrice>
      <UnitOfMeasurePrice>0.0233</UnitOfMeasurePrice>
      <AllowDiscount>1</AllowDiscount>
      <ItemStatus>1</ItemStatus>
      <ItemId>111032</ItemId>
    </Item>
    <Item>
      <PriceUpdateDate>2024-12-04 16:19:38</PriceUpdateDate>
      <ItemCode>7290002715511</ItemCode>
      <ItemType>1</ItemType>
      <ItemName>מגיק בכוס טעם בשר 70</ItemName>
      <ManufacturerName>ויינברג</ManufacturerName>
      <ManufactureCountry>סינגפור</ManufactureCountry>
      <ManufacturerItemDescription>מג'יק</ManufacturerItemDescription>
      <UnitQty>גרמים</UnitQty>
      <Quantity>70.00</Quantity>
      <UnitOfMeasure>100 גרם</UnitOfMeasure>
      <bIsWeighted>0</bIsWeighted>
      <QtyInPackage>לא ידוע</QtyInPackage>
      <ItemPrice>4.90</ItemPrice>
      <UnitOfMeasurePrice>0.0700</UnitOfMeasurePrice>
      <AllowDiscount>1</AllowDiscount>
      <ItemStatus>1</ItemStatus>
      <ItemId>45559</ItemId>
    </Item>
    <Item>
      <PriceUpdateDate>2024-12-04 16:19:38</PriceUpdateDate>
      <ItemCode>7290002715580</ItemCode>
      <ItemType>1</ItemType>
      <ItemName>מגיק בכוס טעם סיני 7</ItemName>
      <ManufacturerName>ויינברג</ManufacturerName>
      <ManufactureCountry>סינגפור</ManufactureCountry>
      <ManufacturerItemDescription>מג'יק</ManufacturerItemDescription>
      <UnitQty>גרמים</UnitQty>
      <Quantity>70.00</Quantity>
      <UnitOfMeasure>100 גרם</UnitOfMeasure>
      <bIsWeighted>0</bIsWeighted>
      <QtyInPackage>לא ידוע</QtyInPackage>
      <ItemPrice>4.90</ItemPrice>
      <UnitOfMeasurePrice>0.0700</UnitOfMeasurePrice>
      <AllowDiscount>1</AllowDiscount>
      <ItemStatus>1</ItemStatus>
      <ItemId>45561</ItemId>
    </Item>
    <Item>
      <PriceUpdateDate>2024-01-16 12:31:47</PriceUpdateDate>
      <ItemCode>7290003550753</ItemCode>
      <ItemType>1</ItemType>
      <ItemName>טונה פוסידון רביעיה</ItemName>
      <ManufacturerName>פוסידון</ManufacturerName>
      <ManufactureCountry>ישראל</ManufactureCountry>
      <ManufacturerItemDescription>פוסידון</ManufacturerItemDescription>
      <UnitQty>גרמים</UnitQty>
      <Quantity>432.00</Quantity>
      <UnitOfMeasure>100 גרם</UnitOfMeasure>
      <bIsWeighted>0</bIsWeighted>
      <QtyInPackage>לא ידוע</QtyInPackage>
      <ItemPrice>23.90</ItemPrice>
      <UnitOfMeasurePrice>0.0553</UnitOfMeasurePrice>
      <AllowDiscount>1</AllowDiscount>
      <ItemStatus>1</ItemStatus>
      <ItemId>45609</ItemId>
    </Item>
    <Item>
      <PriceUpdateDate>2025-01-01 10:28:16</PriceUpdateDate>
      <ItemCode>7290004011284</ItemCode>
      <ItemType>1</ItemType>
      <ItemName>ריץ בסיס להכנת קצפת</ItemName>
      <ManufacturerName>ריץ'</ManufacturerName>
      <ManufactureCountry>ארצות הברית</ManufactureCountry>
      <ManufacturerItemDescription>ריץ'</ManufacturerItemDescription>
      <UnitQty>מיליליטרים</UnitQty>
      <Quantity>212.00</Quantity>
      <UnitOfMeasure>100 מ"ל</UnitOfMeasure>
      <bIsWeighted>0</bIsWeighted>
      <QtyInPackage>לא ידוע</QtyInPackage>
      <ItemPrice>9.00</ItemPrice>
      <UnitOfMeasurePrice>0.0425</UnitOfMeasurePrice>
      <AllowDiscount>1</AllowDiscount>
      <ItemStatus>1</ItemStatus>
      <ItemId>45613</ItemId>
    </Item>
    <Item>
      <PriceUpdateDate>2025-01-01 10:28:16</PriceUpdateDate>
      <ItemCode>7290004011338</ItemCode>
      <ItemType>1</ItemType>
      <ItemName>ריץ קצפת ארוסול 250</ItemName>
      <ManufacturerName>ריץ'</ManufacturerName>
      <ManufactureCountry>ארצות הברית</ManufactureCountry>
      <ManufacturerItemDescription>ריץ'</ManufacturerItemDescription>
      <UnitQty>מיליליטרים</UnitQty>
      <Quantity>250.00</Quantity>
      <UnitOfMeasure>100 מ"ל</UnitOfMeasure>
      <bIsWeighted>0</bIsWeighted>
      <QtyInPackage>לא ידוע</QtyInPackage>
      <ItemPrice>12.00</ItemPrice>
      <UnitOfMeasurePrice>0.0480</UnitOfMeasurePrice>
      <AllowDiscount>1</AllowDiscount>
      <ItemStatus>1</ItemStatus>
      <ItemId>45615</ItemId>
    </Item>
    <Item>
      <PriceUpdateDate>2025-01-02 15:56:58</PriceUpdateDate>
      <ItemCode>7290004011819</ItemCode>
      <ItemType>1</ItemType>
      <ItemName>המבורגר ריב אנטריקוט</ItemName>
      <ManufacturerName>טיבון ויל</ManufacturerName>
      <ManufactureCountry>ישראל</ManufactureCountry>
      <ManufacturerItemDescription>טיבון ויל</ManufacturerItemDescription>
      <UnitQty>גרמים</UnitQty>
      <Quantity>360.00</Quantity>
      <UnitOfMeasure>100 גרם</UnitOfMeasure>
      <bIsWeighted>0</bIsWeighted>
      <QtyInPackage>לא ידוע</QtyInPackage>
      <ItemPrice>23.10</ItemPrice>
      <UnitOfMeasurePrice>0.0642</UnitOfMeasurePrice>
      <AllowDiscount>1</AllowDiscount>
      <ItemStatus>1</ItemStatus>
      <ItemId>45619</ItemId>
    </Item>
    <Item>
      <PriceUpdateDate>2025-01-02 15:56:58</PriceUpdateDate>
      <ItemCode>7290004011826</ItemCode>
      <ItemType>1</ItemType>
      <ItemName>מיני המבורגר ריב אל</ItemName>
      <ManufacturerName>טיבון ויל</ManufacturerName>
      <ManufactureCountry>ישראל</ManufactureCountry>
      <ManufacturerItemDescription>טיבון ויל</ManufacturerItemDescription>
      <UnitQty>גרמים</UnitQty>
      <Quantity>320.00</Quantity>
      <UnitOfMeasure>100 גרם</UnitOfMeasure>
      <bIsWeighted>0</bIsWeighted>
      <QtyInPackage>לא ידוע</QtyInPackage>
      <ItemPrice>23.10</ItemPrice>
      <UnitOfMeasurePrice>0.0722</UnitOfMeasurePrice>
      <AllowDiscount>1</AllowDiscount>
      <ItemStatus>1</ItemStatus>
      <ItemId>45620</ItemId>
    </Item>
    <Item>
      <PriceUpdateDate>2025-07-20 16:40:07</PriceUpdateDate>
      <ItemCode>7290005938245</ItemCode>
      <ItemType>1</ItemType>
      <ItemName>ממרח פסטו קלאסי 220</ItemName>
      <ManufacturerName>פרסקו חצבה</ManufacturerName>
      <ManufactureCountry>ישראל</ManufactureCountry>
      <ManufacturerItemDescription>פרסקו חצבה</ManufacturerItemDescription>
      <UnitQty>גרמים</UnitQty>
      <Quantity>220.00</Quantity>
      <UnitOfMeasure>100 גרם</UnitOfMeasure>
      <bIsWeighted>0</bIsWeighted>
      <QtyInPackage>לא ידוע</QtyInPackage>
      <ItemPrice>17.90</ItemPrice>
      <UnitOfMeasurePrice>0.0814</UnitOfMeasurePrice>
      <AllowDiscount>1</AllowDiscount>
      <ItemStatus>1</ItemStatus>
      <ItemId>45671</ItemId>
    </Item>
    <Item>
      <PriceUpdateDate>2025-07-20 16:40:07</PriceUpdateDate>
      <ItemCode>7290005938627</ItemCode>
      <ItemType>1</ItemType>
      <ItemName>ממרח עגבניות מיובשות</ItemName>
      <ManufacturerName>פרסקו חצבה</ManufacturerName>
      <ManufactureCountry>ישראל</ManufactureCountry>
      <ManufacturerItemDescription>פרסקו</ManufacturerItemDescription>
      <UnitQty>גרמים</UnitQty>
      <Quantity>220.00</Quantity>
      <UnitOfMeasure>100 גרם</UnitOfMeasure>
      <bIsWeighted>0</bIsWeighted>
      <QtyInPackage>לא ידוע</QtyInPackage>
      <ItemPrice>17.90</ItemPrice>
      <UnitOfMeasurePrice>0.0814</UnitOfMeasurePrice>
      <AllowDiscount>1</AllowDiscount>
      <ItemStatus>1</ItemStatus>
      <ItemId>45674</ItemId>
    </Item>
    <Item>
      <PriceUpdateDate>2025-01-01 21:30:12</PriceUpdateDate>
      <ItemCode>7290008333115</ItemCode>
      <ItemType>1</ItemType>
      <ItemName>ג'לטין טהור 28 גרם</ItemName>
      <ManufacturerName>ויינברג</ManufacturerName>
      <ManufactureCountry>ישראל</ManufactureCountry>
      <ManufacturerItemDescription>ויינברג</ManufacturerItemDescription>
      <UnitQty>גרמים</UnitQty>
      <Quantity>28.00</Quantity>
      <UnitOfMeasure>100 גרם</UnitOfMeasure>
      <bIsWeighted>0</bIsWeighted>
      <QtyInPackage>לא ידוע</QtyInPackage>
      <ItemPrice>10.00</ItemPrice>
      <UnitOfMeasurePrice>0.3571</UnitOfMeasurePrice>
      <AllowDiscount>1</AllowDiscount>
      <ItemStatus>1</ItemStatus>
      <ItemId>45676</ItemId>
    </Item>
    <Item>
      <PriceUpdateDate>2025-01-05 18:12:47</PriceUpdateDate>
      <ItemCode>7290010154012</ItemCode>
      <ItemType>1</ItemType>
      <ItemName>לימון כבוש 250 גרם</ItemName>
      <ManufacturerName>תבליני יוחאי ביטון</ManufacturerName>
      <ManufactureCountry>ישראל</ManufactureCountry>
      <ManufacturerItemDescription>תבליני יוחאי ביטון</ManufacturerItemDescription>
      <UnitQty>גרמים</UnitQty>
      <Quantity>250.00</Quantity>
      <UnitOfMeasure>100 גרם</UnitOfMeasure>
      <bIsWeighted>0</bIsWeighted>
      <QtyInPackage>לא ידוע</QtyInPackage>
      <ItemPrice>16.90</ItemPrice>
      <UnitOfMeasurePrice>0.0676</UnitOfMeasurePrice>
      <AllowDiscount>1</AllowDiscount>
      <ItemStatus>1</ItemStatus>
      <ItemId>45701</ItemId>
    </Item>
    <Item>
      <PriceUpdateDate>2025-01-05 18:12:47</PriceUpdateDate>
      <ItemCode>7290010154036</ItemCode>
      <ItemType>1</ItemType>
      <ItemName>עמבה 250 גר</ItemName>
      <ManufacturerName>תבליני יוחאי ביטון</ManufacturerName>
      <ManufactureCountry>ישראל</ManufactureCountry>
      <ManufacturerItemDescription>תבליני יוחאי ביטון</ManufacturerItemDescription>
      <UnitQty>גרמים</UnitQty>
      <Quantity>250.00</Quantity>
      <UnitOfMeasure>100 גרם</UnitOfMeasure>
      <bIsWeighted>0</bIsWeighted>
      <QtyInPackage>לא ידוע</QtyInPackage>
      <ItemPrice>16.90</ItemPrice>
      <UnitOfMeasurePrice>0.0676</UnitOfMeasurePrice>
      <AllowDiscount>1</AllowDiscount>
      <ItemStatus>1</ItemStatus>
      <ItemId>45703</ItemId>
    </Item>
    <Item>
      <PriceUpdateDate>2025-01-05 18:12:47</PriceUpdateDate>
      <ItemCode>7290010154241</ItemCode>
      <ItemType>1</ItemType>
      <ItemName>חזרת ביתית 250 גרם ב</ItemName>
      <ManufacturerName>תבליני יוחאי ביטון</ManufacturerName>
      <ManufactureCountry>ישראל</ManufactureCountry>
      <ManufacturerItemDescription>תבליני יוחאי ביטון</ManufacturerItemDescription>
      <UnitQty>גרמים</UnitQty>
      <Quantity>250.00</Quantity>
      <UnitOfMeasure>100 גרם</UnitOfMeasure>
      <bIsWeighted>0</bIsWeighted>
      <QtyInPackage>לא ידוע</QtyInPackage>
      <ItemPrice>16.90</ItemPrice>
      <UnitOfMeasurePrice>0.0676</UnitOfMeasurePrice>
      <AllowDiscount>1</AllowDiscount>
      <ItemStatus>1</ItemStatus>
      <ItemId>45705</ItemId>
    </Item>
    <Item>
      <PriceUpdateDate>2025-01-05 18:12:47</PriceUpdateDate>
      <ItemCode>7290010154678</ItemCode>
      <ItemType>1</ItemType>
      <ItemName>אריסה מרוקאית 250  ג</ItemName>
      <ManufacturerName>תבליני יוחאי ביטון</ManufacturerName>
      <ManufactureCountry>ישראל</ManufactureCountry>
      <ManufacturerItemDescription>תבליני יוחאי ביטון</ManufacturerItemDescription>
      <UnitQty>גרמים</UnitQty>
      <Quantity>250.00</Quantity>
      <UnitOfMeasure>100 גרם</UnitOfMeasure>
      <bIsWeighted>0</bIsWeighted>
      <QtyInPackage>לא ידוע</QtyInPackage>
      <ItemPrice>16.90</ItemPrice>
      <UnitOfMeasurePrice>0.0676</UnitOfMeasurePrice>
      <AllowDiscount>1</AllowDiscount>
      <ItemStatus>1</ItemStatus>
      <ItemId>45711</ItemId>
    </Item>
    <Item>
      <PriceUpdateDate>2025-10-19 15:21:05</PriceUpdateDate>
      <ItemCode>7622201139278</ItemCode>
      <ItemType>1</ItemType>
      <ItemName>גבינת פילדלפיה 25% ש</ItemName>
      <ManufacturerName>מונדלז</ManufacturerName>
      <ManufactureCountry>ספרד</ManufactureCountry>
      <ManufacturerItemDescription>פילדלפיה</ManufacturerItemDescription>
      <UnitQty>גרמים</UnitQty>
      <Quantity>150.00</Quantity>
      <UnitOfMeasure>100 גרם</UnitOfMeasure>
      <bIsWeighted>0</bIsWeighted>
      <QtyInPackage>לא ידוע</QtyInPackage>
      <ItemPrice>15.90</ItemPrice>
      <UnitOfMeasurePrice>0.1060</UnitOfMeasurePrice>
      <AllowDiscount>1</AllowDiscount>
      <ItemStatus>1</ItemStatus>
      <ItemId>45751</ItemId>
    </Item>
    <Item>
      <PriceUpdateDate>2025-10-19 15:21:05</PriceUpdateDate>
      <ItemCode>7622201798154</ItemCode>
      <ItemType>1</ItemType>
      <ItemName>פילדלפיה לייט 150 גר</ItemName>
      <ManufacturerName>מונדלז</ManufacturerName>
      <ManufactureCountry>ספרד</ManufactureCountry>
      <ManufacturerItemDescription>פילדלפיה</ManufacturerItemDescription>
      <UnitQty>גרמים</UnitQty>
      <Quantity>150.00</Quantity>
      <UnitOfMeasure>100 גרם</UnitOfMeasure>
      <bIsWeighted>0</bIsWeighted>
      <QtyInPackage>לא ידוע</QtyInPackage>
      <ItemPrice>15.90</ItemPrice>
      <UnitOfMeasurePrice>0.1060</UnitOfMeasurePrice>
      <AllowDiscount>1</AllowDiscount>
      <ItemStatus>1</ItemStatus>
      <ItemId>45753</ItemId>
    </Item>
    <Item>
      <PriceUpdateDate>2025-01-01 21:30:21</PriceUpdateDate>
      <ItemCode>7290111355295</ItemCode>
      <ItemType>1</ItemType>
      <ItemName>סוכריות ג'לי בטעם פי</ItemName>
      <ManufacturerName>sarragioto</ManufacturerName>
      <ManufactureCountry>איטליה</ManufactureCountry>
      <ManufacturerItemDescription>סוכריות ג'לי בטעם פי</ManufacturerItemDescription>
      <UnitQty>גרמים</UnitQty>
      <Quantity>600.00</Quantity>
      <UnitOfMeasure>100 גרם</UnitOfMeasure>
      <bIsWeighted>0</bIsWeighted>
      <QtyInPackage>לא ידוע</QtyInPackage>
      <ItemPrice>20.10</ItemPrice>
      <UnitOfMeasurePrice>0.0335</UnitOfMeasurePrice>
      <AllowDiscount>1</AllowDiscount>
      <ItemStatus>1</ItemStatus>
      <ItemId>77875</ItemId>
    </Item>
    <Item>
      <PriceUpdateDate>2025-04-06 16:45:52</PriceUpdateDate>
      <ItemCode>7290103706937</ItemCode>
      <ItemType>1</ItemType>
      <ItemName>נייר טישו תלת שכבתי</ItemName>
      <ManufacturerName>לא ידוע</ManufacturerName>
      <ManufactureCountry>ישראל</ManufactureCountry>
      <ManufacturerItemDescription>נייר טישו תלת שכבתי</ManufacturerItemDescription>
      <UnitQty>מטרים</UnitQty>
      <Quantity>528.00</Quantity>
      <UnitOfMeasure>מטר</UnitOfMeasure>
      <bIsWeighted>0</bIsWeighted>
      <QtyInPackage>לא ידוע</QtyInPackage>
      <ItemPrice>41.90</ItemPrice>
      <UnitOfMeasurePrice>0.0794</UnitOfMeasurePrice>
      <AllowDiscount>1</AllowDiscount>
      <ItemStatus>1</ItemStatus>
      <ItemId>110799</ItemId>
    </Item>
    <Item>
      <PriceUpdateDate>2024-03-19 14:21:28</PriceUpdateDate>
      <ItemCode>72909768</ItemCode>
      <ItemType>1</ItemType>
      <ItemName>פסק זמן פור פלי</ItemName>
      <ManufacturerName>שטראוס גרופ</ManufacturerName>
      <ManufactureCountry>ישראל</ManufactureCountry>
      <ManufacturerItemDescription>עלית</ManufacturerItemDescription>
      <UnitQty>גרמים</UnitQty>
      <Quantity>40.00</Quantity>
      <UnitOfMeasure>100 גרם</UnitOfMeasure>
      <bIsWeighted>0</bIsWeighted>
      <QtyInPackage>לא ידוע</QtyInPackage>
      <ItemPrice>5.90</ItemPrice>
      <UnitOfMeasurePrice>0.1475</UnitOfMeasurePrice>
      <AllowDiscount>1</AllowDiscount>
      <ItemStatus>1</ItemStatus>
      <ItemId>46266</ItemId>
    </Item>
    <Item>
      <PriceUpdateDate>2025-11-10 18:39:22</PriceUpdateDate>
      <ItemCode>72917329</ItemCode>
      <ItemType>1</ItemType>
      <ItemName>אגוזי 45 גרם</ItemName>
      <ManufacturerName>שטראוס גרופ</ManufacturerName>
      <ManufactureCountry>ישראל</ManufactureCountry>
      <ManufacturerItemDescription>עלית</ManufacturerItemDescription>
      <UnitQty>גרמים</UnitQty>
      <Quantity>45.00</Quantity>
      <UnitOfMeasure>100 גרם</UnitOfMeasure>
      <bIsWeighted>0</bIsWeighted>
      <QtyInPackage>לא ידוע</QtyInPackage>
      <ItemPrice>5.50</ItemPrice>
      <UnitOfMeasurePrice>0.1222</UnitOfMeasurePrice>
      <AllowDiscount>1</AllowDiscount>
      <ItemStatus>1</ItemStatus>
      <ItemId>46267</ItemId>
    </Item>
    <Item>
      <PriceUpdateDate>2025-11-10 18:39:22</PriceUpdateDate>
      <ItemCode>72917367</ItemCode>
      <ItemType>1</ItemType>
      <ItemName>טעמי</ItemName>
      <ManufacturerName>שטראוס גרופ</ManufacturerName>
      <ManufactureCountry>ישראל</ManufactureCountry>
      <ManufacturerItemDescription>עלית</ManufacturerItemDescription>
      <UnitQty>גרמים</UnitQty>
      <Quantity>40.00</Quantity>
      <UnitOfMeasure>100 גרם</UnitOfMeasure>
      <bIsWeighted>0</bIsWeighted>
      <QtyInPackage>לא ידוע</QtyInPackage>
      <ItemPrice>5.50</ItemPrice>
      <UnitOfMeasurePrice>0.1375</UnitOfMeasurePrice>
      <AllowDiscount>1</AllowDiscount>
      <ItemStatus>1</ItemStatus>
      <ItemId>46268</ItemId>
    </Item>
    <Item>
      <PriceUpdateDate>2024-03-19 14:21:28</PriceUpdateDate>
      <ItemCode>72991008</ItemCode>
      <ItemType>1</ItemType>
      <ItemName>פסק זמן מגדים</ItemName>
      <ManufacturerName>שטראוס גרופ</ManufacturerName>
      <ManufactureCountry>לא ידוע</ManufactureCountry>
      <ManufacturerItemDescription>עלית</ManufacturerItemDescription>
      <UnitQty>יחידה   </UnitQty>
      <Quantity>0.00</Quantity>
      <UnitOfMeasure>יחידה   </UnitOfMeasure>
      <bIsWeighted>0</bIsWeighted>
      <QtyInPackage>לא ידוע</QtyInPackage>
      <ItemPrice>5.90</ItemPrice>
      <UnitOfMeasurePrice>0.0000</UnitOfMeasurePrice>
      <AllowDiscount>1</AllowDiscount>
      <ItemStatus>1</ItemStatus>
      <ItemId>46274</ItemId>
    </Item>
    <Item>
      <PriceUpdateDate>2025-11-10 19:13:45</PriceUpdateDate>
      <ItemCode>5411188112709</ItemCode>
      <ItemType>1</ItemType>
      <ItemName>אלפרו משקה שקדים ללא</ItemName>
      <ManufacturerName>ALPRO</ManufacturerName>
      <ManufactureCountry>בלגיה</ManufactureCountry>
      <ManufacturerItemDescription>אלפרו</ManufacturerItemDescription>
      <UnitQty>ליטרים</UnitQty>
      <Quantity>1.00</Quantity>
      <UnitOfMeasure>ליטר    </UnitOfMeasure>
      <bIsWeighted>0</bIsWeighted>
      <QtyInPackage>לא ידוע</QtyInPackage>
      <ItemPrice>16.90</ItemPrice>
      <UnitOfMeasurePrice>16.9000</UnitOfMeasurePrice>
      <AllowDiscount>1</AllowDiscount>
      <ItemStatus>1</ItemStatus>
      <ItemId>46295</ItemId>
    </Item>
    <Item>
      <PriceUpdateDate>2025-11-10 19:13:45</PriceUpdateDate>
      <ItemCode>5411188543398</ItemCode>
      <ItemType>1</ItemType>
      <ItemName>אלפרו סויה ללס 1 ליט</ItemName>
      <ManufacturerName>ALPRO</ManufacturerName>
      <ManufactureCountry>בלגיה</ManufactureCountry>
      <ManufacturerItemDescription>אלפרו</ManufacturerItemDescription>
      <UnitQty>ליטרים</UnitQty>
      <Quantity>1.00</Quantity>
      <UnitOfMeasure>ליטר    </UnitOfMeasure>
      <bIsWeighted>0</bIsWeighted>
      <QtyInPackage>לא ידוע</QtyInPackage>
      <ItemPrice>16.90</ItemPrice>
      <UnitOfMeasurePrice>16.9000</UnitOfMeasurePrice>
      <AllowDiscount>1</AllowDiscount>
      <ItemStatus>1</ItemStatus>
      <ItemId>46324</ItemId>
    </Item>
    <Item>
      <PriceUpdateDate>2025-12-07 17:51:11</PriceUpdateDate>
      <ItemCode>7290000170053</ItemCode>
      <ItemType>1</ItemType>
      <ItemName>שוקולד חלב 100 גרם מ</ItemName>
      <ManufacturerName>שטראוס גרופ</ManufacturerName>
      <ManufactureCountry>ישראל</ManufactureCountry>
      <ManufacturerItemDescription>עלית</ManufacturerItemDescription>
      <UnitQty>גרמים</UnitQty>
      <Quantity>100.00</Quantity>
      <UnitOfMeasure>100 גרם</UnitOfMeasure>
      <bIsWeighted>0</bIsWeighted>
      <QtyInPackage>לא ידוע</QtyInPackage>
      <ItemPrice>9.90</ItemPrice>
      <UnitOfMeasurePrice>0.0990</UnitOfMeasurePrice>
      <AllowDiscount>1</AllowDiscount>
      <ItemStatus>1</ItemStatus>
      <ItemId>46329</ItemId>
    </Item>
    <Item>
      <PriceUpdateDate>2025-07-08 14:12:01</PriceUpdateDate>
      <ItemCode>7290000174099</ItemCode>
      <ItemType>1</ItemType>
      <ItemName>וופל שוקו 500 גרם</ItemName>
      <ManufacturerName>שטראוס גרופ</ManufacturerName>
      <ManufactureCountry>לא ידוע</ManufactureCountry>
      <ManufacturerItemDescription>עלית</ManufacturerItemDescription>
      <UnitQty>יחידה   </UnitQty>
      <Quantity>0.00</Quantity>
      <UnitOfMeasure>יחידה   </UnitOfMeasure>
      <bIsWeighted>0</bIsWeighted>
      <QtyInPackage>לא ידוע</QtyInPackage>
      <ItemPrice>16.90</ItemPrice>
      <UnitOfMeasurePrice>0.0000</UnitOfMeasurePrice>
      <AllowDiscount>1</AllowDiscount>
      <ItemStatus>1</ItemStatus>
      <ItemId>46335</ItemId>
    </Item>
    <Item>
      <PriceUpdateDate>2025-01-20 16:31:17</PriceUpdateDate>
      <ItemCode>7290000174723</ItemCode>
      <ItemType>1</ItemType>
      <ItemName>שוקולית בקופסא 500 ג</ItemName>
      <ManufacturerName>שטראוס גרופ</ManufacturerName>
      <ManufactureCountry>ישראל</ManufactureCountry>
      <ManufacturerItemDescription>עלית</ManufacturerItemDescription>
      <UnitQty>גרמים</UnitQty>
      <Quantity>500.00</Quantity>
      <UnitOfMeasure>100 גרם</UnitOfMeasure>
      <bIsWeighted>0</bIsWeighted>
      <QtyInPackage>לא ידוע</QtyInPackage>
      <ItemPrice>16.90</ItemPrice>
      <UnitOfMeasurePrice>0.0338</UnitOfMeasurePrice>
      <AllowDiscount>1</AllowDiscount>
      <ItemStatus>1</ItemStatus>
      <ItemId>46336</ItemId>
    </Item>
    <Item>
      <PriceUpdateDate>2025-01-13 15:04:57</PriceUpdateDate>
      <ItemCode>7290000176062</ItemCode>
      <ItemType>1</ItemType>
      <ItemName>קפה טורקי 100 גרם</ItemName>
      <ManufacturerName>שטראוס גרופ</ManufacturerName>
      <ManufactureCountry>ישראל</ManufactureCountry>
      <ManufacturerItemDescription>עלית</ManufacturerItemDescription>
      <UnitQty>גרמים</UnitQty>
      <Quantity>100.00</Quantity>
      <UnitOfMeasure>100 גרם</UnitOfMeasure>
      <bIsWeighted>0</bIsWeighted>
      <QtyInPackage>לא ידוע</QtyInPackage>
      <ItemPrice>11.90</ItemPrice>
      <UnitOfMeasurePrice>0.1190</UnitOfMeasurePrice>
      <AllowDiscount>1</AllowDiscount>
      <ItemStatus>1</ItemStatus>
      <ItemId>46338</ItemId>
    </Item>
    <Item>
      <PriceUpdateDate>2025-01-13 15:04:57</PriceUpdateDate>
      <ItemCode>7290000176079</ItemCode>
      <ItemType>1</ItemType>
      <ItemName>קפה עם הל</ItemName>
      <ManufacturerName>שטראוס גרופ</ManufacturerName>
      <ManufactureCountry>ישראל</ManufactureCountry>
      <ManufacturerItemDescription>עלית</ManufacturerItemDescription>
      <UnitQty>גרמים</UnitQty>
      <Quantity>100.00</Quantity>
      <UnitOfMeasure>100 גרם</UnitOfMeasure>
      <bIsWeighted>0</bIsWeighted>
      <QtyInPackage>לא ידוע</QtyInPackage>
      <ItemPrice>11.90</ItemPrice>
      <UnitOfMeasurePrice>0.1190</UnitOfMeasurePrice>
      <AllowDiscount>1</AllowDiscount>
      <ItemStatus>1</ItemStatus>
      <ItemId>46339</ItemId>
    </Item>
    <Item>
      <PriceUpdateDate>2025-11-10 18:39:22</PriceUpdateDate>
      <ItemCode>7290000176475</ItemCode>
      <ItemType>1</ItemType>
      <ItemName>קפה האג נמס 200</ItemName>
      <ManufacturerName>שטראוס גרופ</ManufacturerName>
      <ManufactureCountry>ישראל</ManufactureCountry>
      <ManufacturerItemDescription>האג</ManufacturerItemDescription>
      <UnitQty>גרמים</UnitQty>
      <Quantity>200.00</Quantity>
      <UnitOfMeasure>100 גרם</UnitOfMeasure>
      <bIsWeighted>0</bIsWeighted>
      <QtyInPackage>לא ידוע</QtyInPackage>
      <ItemPrice>38.90</ItemPrice>
      <UnitOfMeasurePrice>0.1945</UnitOfMeasurePrice>
      <AllowDiscount>1</AllowDiscount>
      <ItemStatus>1</ItemStatus>
      <ItemId>46347</ItemId>
    </Item>
    <Item>
      <PriceUpdateDate>2025-01-13 15:04:57</PriceUpdateDate>
      <ItemCode>7290000181103</ItemCode>
      <ItemType>1</ItemType>
      <ItemName>עד חצות חלב</ItemName>
      <ManufacturerName>שטראוס גרופ</ManufacturerName>
      <ManufactureCountry>ישראל</ManufactureCountry>
      <ManufacturerItemDescription>עלית</ManufacturerItemDescription>
      <UnitQty>גרמים</UnitQty>
      <Quantity>200.00</Quantity>
      <UnitOfMeasure>100 גרם</UnitOfMeasure>
      <bIsWeighted>0</bIsWeighted>
      <QtyInPackage>לא ידוע</QtyInPackage>
      <ItemPrice>17.90</ItemPrice>
      <UnitOfMeasurePrice>0.0895</UnitOfMeasurePrice>
      <AllowDiscount>1</AllowDiscount>
      <ItemStatus>1</ItemStatus>
      <ItemId>46355</ItemId>
    </Item>
    <Item>
      <PriceUpdateDate>2025-01-02 16:15:30</PriceUpdateDate>
      <ItemCode>7290000504049</ItemCode>
      <ItemType>1</ItemType>
      <ItemName>סוכרזית קנקן</ItemName>
      <ManufacturerName>סוכרזית בע"מ</ManufacturerName>
      <ManufactureCountry>ישראל</ManufactureCountry>
      <ManufacturerItemDescription>סוכרזית</ManufacturerItemDescription>
      <UnitQty>גרמים</UnitQty>
      <Quantity>98.00</Quantity>
      <UnitOfMeasure>100 גרם</UnitOfMeasure>
      <bIsWeighted>0</bIsWeighted>
      <QtyInPackage>לא ידוע</QtyInPackage>
      <ItemPrice>23.50</ItemPrice>
      <UnitOfMeasurePrice>0.2398</UnitOfMeasurePrice>
      <AllowDiscount>1</AllowDiscount>
      <ItemStatus>1</ItemStatus>
      <ItemId>46378</ItemId>
    </Item>
    <Item>
      <PriceUpdateDate>2024-03-19 14:21:28</PriceUpdateDate>
      <ItemCode>7290002130567</ItemCode>
      <ItemType>1</ItemType>
      <ItemName>דבש 350 גרם</ItemName>
      <ManufacturerName>שטראוס גרופ</ManufacturerName>
      <ManufactureCountry>ישראל</ManufactureCountry>
      <ManufacturerItemDescription>יד מרדכי</ManufacturerItemDescription>
      <UnitQty>גרמים</UnitQty>
      <Quantity>350.00</Quantity>
      <UnitOfMeasure>100 גרם</UnitOfMeasure>
      <bIsWeighted>0</bIsWeighted>
      <QtyInPackage>לא ידוע</QtyInPackage>
      <ItemPrice>21.60</ItemPrice>
      <UnitOfMeasurePrice>0.0617</UnitOfMeasurePrice>
      <AllowDiscount>1</AllowDiscount>
      <ItemStatus>1</ItemStatus>
      <ItemId>46407</ItemId>
    </Item>
    <Item>
      <PriceUpdateDate>2025-12-07 17:51:11</PriceUpdateDate>
      <ItemCode>7290003903955</ItemCode>
      <ItemType>1</ItemType>
      <ItemName>שוקולד קרם חלב מגדים</ItemName>
      <ManufacturerName>שטראוס גרופ</ManufacturerName>
      <ManufactureCountry>ישראל</ManufactureCountry>
      <ManufacturerItemDescription>עלית</ManufacturerItemDescription>
      <UnitQty>גרמים</UnitQty>
      <Quantity>100.00</Quantity>
      <UnitOfMeasure>100 גרם</UnitOfMeasure>
      <bIsWeighted>0</bIsWeighted>
      <QtyInPackage>לא ידוע</QtyInPackage>
      <ItemPrice>9.90</ItemPrice>
      <UnitOfMeasurePrice>0.0990</UnitOfMeasurePrice>
      <AllowDiscount>1</AllowDiscount>
      <ItemStatus>1</ItemStatus>
      <ItemId>46416</ItemId>
    </Item>
    <Item>
      <PriceUpdateDate>2025-01-13 15:04:57</PriceUpdateDate>
      <ItemCode>7290005201882</ItemCode>
      <ItemType>1</ItemType>
      <ItemName>קפה טורקי שקית 200 ג</ItemName>
      <ManufacturerName>שטראוס גרופ</ManufacturerName>
      <ManufactureCountry>ישראל</ManufactureCountry>
      <ManufacturerItemDescription>עלית</ManufacturerItemDescription>
      <UnitQty>גרמים</UnitQty>
      <Quantity>200.00</Quantity>
      <UnitOfMeasure>100 גרם</UnitOfMeasure>
      <bIsWeighted>0</bIsWeighted>
      <QtyInPackage>לא ידוע</QtyInPackage>
      <ItemPrice>19.90</ItemPrice>
      <UnitOfMeasurePrice>0.0995</UnitOfMeasurePrice>
      <AllowDiscount>1</AllowDiscount>
      <ItemStatus>1</ItemStatus>
      <ItemId>46430</ItemId>
    </Item>
    <Item>
      <PriceUpdateDate>2025-11-10 18:39:22</PriceUpdateDate>
      <ItemCode>7290006374738</ItemCode>
      <ItemType>1</ItemType>
      <ItemName>קונפיטורת תות יד מרד</ItemName>
      <ManufacturerName>בית אל מזון בע"מ</ManufacturerName>
      <ManufactureCountry>ישראל</ManufactureCountry>
      <ManufacturerItemDescription>יד מרדכי</ManufacturerItemDescription>
      <UnitQty>גרמים</UnitQty>
      <Quantity>340.00</Quantity>
      <UnitOfMeasure>100 גרם</UnitOfMeasure>
      <bIsWeighted>0</bIsWeighted>
      <QtyInPackage>לא ידוע</QtyInPackage>
      <ItemPrice>16.90</ItemPrice>
      <UnitOfMeasurePrice>0.0497</UnitOfMeasurePrice>
      <AllowDiscount>1</AllowDiscount>
      <ItemStatus>1</ItemStatus>
      <ItemId>46435</ItemId>
    </Item>
    <Item>
      <PriceUpdateDate>2025-07-08 14:12:02</PriceUpdateDate>
      <ItemCode>7290008748384</ItemCode>
      <ItemType>1</ItemType>
      <ItemName>שוקולד ספלנדיד 70%</ItemName>
      <ManufacturerName>שטראוס גרופ</ManufacturerName>
      <ManufactureCountry>ישראל</ManufactureCountry>
      <ManufacturerItemDescription>עלית</ManufacturerItemDescription>
      <UnitQty>גרמים</UnitQty>
      <Quantity>100.00</Quantity>
      <UnitOfMeasure>100 גרם</UnitOfMeasure>
      <bIsWeighted>0</bIsWeighted>
      <QtyInPackage>לא ידוע</QtyInPackage>
      <ItemPrice>15.90</ItemPrice>
      <UnitOfMeasurePrice>0.1590</UnitOfMeasurePrice>
      <AllowDiscount>1</AllowDiscount>
      <ItemStatus>1</ItemStatus>
      <ItemId>46441</ItemId>
    </Item>
    <Item>
      <PriceUpdateDate>2025-01-08 14:47:25</PriceUpdateDate>
      <ItemCode>7290017842011</ItemCode>
      <ItemType>1</ItemType>
      <ItemName>תבניות ומכסים 105 (R</ItemName>
      <ManufacturerName>לא ידוע</ManufacturerName>
      <ManufactureCountry>ישראל</ManufactureCountry>
      <ManufacturerItemDescription>תבניות ומכסים 105 (R</ManufacturerItemDescription>
      <UnitQty>יח'</UnitQty>
      <Quantity>1.00</Quantity>
      <UnitOfMeasure>יח'</UnitOfMeasure>
      <bIsWeighted>0</bIsWeighted>
      <QtyInPackage>לא ידוע</QtyInPackage>
      <ItemPrice>10.00</ItemPrice>
      <UnitOfMeasurePrice>10.0000</UnitOfMeasurePrice>
      <AllowDiscount>1</AllowDiscount>
      <ItemStatus>1</ItemStatus>
      <ItemId>91585</ItemId>
    </Item>
    <Item>
      <PriceUpdateDate>2025-07-08 14:12:02</PriceUpdateDate>
      <ItemCode>7290100857045</ItemCode>
      <ItemType>1</ItemType>
      <ItemName>שוקולד ספלנדיד מריר</ItemName>
      <ManufacturerName>שטראוס גרופ</ManufacturerName>
      <ManufactureCountry>ישראל</ManufactureCountry>
      <ManufacturerItemDescription>עלית</ManufacturerItemDescription>
      <UnitQty>גרמים</UnitQty>
      <Quantity>100.00</Quantity>
      <UnitOfMeasure>100 גרם</UnitOfMeasure>
      <bIsWeighted>0</bIsWeighted>
      <QtyInPackage>לא ידוע</QtyInPackage>
      <ItemPrice>15.90</ItemPrice>
      <UnitOfMeasurePrice>0.1590</UnitOfMeasurePrice>
      <AllowDiscount>1</AllowDiscount>
      <ItemStatus>1</ItemStatus>
      <ItemId>46520</ItemId>
    </Item>
    <Item>
      <PriceUpdateDate>2025-11-10 18:39:22</PriceUpdateDate>
      <ItemCode>7290100858592</ItemCode>
      <ItemType>1</ItemType>
      <ItemName>קקאו עלית 150 גרם</ItemName>
      <ManufacturerName>שטראוס גרופ</ManufacturerName>
      <ManufactureCountry>ישראל</ManufactureCountry>
      <ManufacturerItemDescription>עלית</ManufacturerItemDescription>
      <UnitQty>גרמים</UnitQty>
      <Quantity>150.00</Quantity>
      <UnitOfMeasure>100 גרם</UnitOfMeasure>
      <bIsWeighted>0</bIsWeighted>
      <QtyInPackage>לא ידוע</QtyInPackage>
      <ItemPrice>15.90</ItemPrice>
      <UnitOfMeasurePrice>0.1060</UnitOfMeasurePrice>
      <AllowDiscount>1</AllowDiscount>
      <ItemStatus>1</ItemStatus>
      <ItemId>46523</ItemId>
    </Item>
    <Item>
      <PriceUpdateDate>2024-03-19 14:21:28</PriceUpdateDate>
      <ItemCode>7290101551027</ItemCode>
      <ItemType>1</ItemType>
      <ItemName>קפסולות למכונה 14</ItemName>
      <ManufacturerName>שטראוס גרופ</ManufacturerName>
      <ManufactureCountry>ישראל</ManufactureCountry>
      <ManufacturerItemDescription>עלית</ManufacturerItemDescription>
      <UnitQty>גרמים</UnitQty>
      <Quantity>50.00</Quantity>
      <UnitOfMeasure>100 גרם</UnitOfMeasure>
      <bIsWeighted>0</bIsWeighted>
      <QtyInPackage>לא ידוע</QtyInPackage>
      <ItemPrice>19.90</ItemPrice>
      <UnitOfMeasurePrice>0.3980</UnitOfMeasurePrice>
      <AllowDiscount>1</AllowDiscount>
      <ItemStatus>1</ItemStatus>
      <ItemId>46529</ItemId>
    </Item>
    <Item>
      <PriceUpdateDate>2025-07-08 14:12:02</PriceUpdateDate>
      <ItemCode>7290104721762</ItemCode>
      <ItemType>1</ItemType>
      <ItemName>מארז טורקי 3*85 גרם</ItemName>
      <ManufacturerName>שטראוס גרופ</ManufacturerName>
      <ManufactureCountry>ישראל</ManufactureCountry>
      <ManufacturerItemDescription>עלית</ManufacturerItemDescription>
      <UnitQty>גרמים</UnitQty>
      <Quantity>255.00</Quantity>
      <UnitOfMeasure>100 גרם</UnitOfMeasure>
      <bIsWeighted>0</bIsWeighted>
      <QtyInPackage>לא ידוע</QtyInPackage>
      <ItemPrice>23.90</ItemPrice>
      <UnitOfMeasurePrice>0.0937</UnitOfMeasurePrice>
      <AllowDiscount>1</AllowDiscount>
      <ItemStatus>1</ItemStatus>
      <ItemId>46571</ItemId>
    </Item>
    <Item>
      <PriceUpdateDate>2024-03-19 14:21:28</PriceUpdateDate>
      <ItemCode>7290105360328</ItemCode>
      <ItemType>1</ItemType>
      <ItemName>קפסולות 10 למכונות N</ItemName>
      <ManufacturerName>שטראוס גרופ</ManufacturerName>
      <ManufactureCountry>ישראל</ManufactureCountry>
      <ManufacturerItemDescription>עלית</ManufacturerItemDescription>
      <UnitQty>גרמים</UnitQty>
      <Quantity>50.00</Quantity>
      <UnitOfMeasure>100 גרם</UnitOfMeasure>
      <bIsWeighted>0</bIsWeighted>
      <QtyInPackage>לא ידוע</QtyInPackage>
      <ItemPrice>19.90</ItemPrice>
      <UnitOfMeasurePrice>0.3980</UnitOfMeasurePrice>
      <AllowDiscount>1</AllowDiscount>
      <ItemStatus>1</ItemStatus>
      <ItemId>46585</ItemId>
    </Item>
    <Item>
      <PriceUpdateDate>2024-03-19 14:21:28</PriceUpdateDate>
      <ItemCode>7290105360335</ItemCode>
      <ItemType>1</ItemType>
      <ItemName>קפסולות 07 למכונות N</ItemName>
      <ManufacturerName>שטראוס גרופ</ManufacturerName>
      <ManufactureCountry>ישראל</ManufactureCountry>
      <ManufacturerItemDescription>עלית</ManufacturerItemDescription>
      <UnitQty>גרמים</UnitQty>
      <Quantity>50.00</Quantity>
      <UnitOfMeasure>100 גרם</UnitOfMeasure>
      <bIsWeighted>0</bIsWeighted>
      <QtyInPackage>לא ידוע</QtyInPackage>
      <ItemPrice>19.90</ItemPrice>
      <UnitOfMeasurePrice>0.3980</UnitOfMeasurePrice>
      <AllowDiscount>1</AllowDiscount>
      <ItemStatus>1</ItemStatus>
      <ItemId>46586</ItemId>
    </Item>
    <Item>
      <PriceUpdateDate>2025-11-10 18:39:22</PriceUpdateDate>
      <ItemCode>7290105362377</ItemCode>
      <ItemType>1</ItemType>
      <ItemName>כיף כף</ItemName>
      <ManufacturerName>שטראוס גרופ</ManufacturerName>
      <ManufactureCountry>ישראל</ManufactureCountry>
      <ManufacturerItemDescription>עלית</ManufacturerItemDescription>
      <UnitQty>גרמים</UnitQty>
      <Quantity>45.00</Quantity>
      <UnitOfMeasure>100 גרם</UnitOfMeasure>
      <bIsWeighted>0</bIsWeighted>
      <QtyInPackage>לא ידוע</QtyInPackage>
      <ItemPrice>5.50</ItemPrice>
      <UnitOfMeasurePrice>0.1222</UnitOfMeasurePrice>
      <AllowDiscount>1</AllowDiscount>
      <ItemStatus>1</ItemStatus>
      <ItemId>46592</ItemId>
    </Item>
    <Item>
      <PriceUpdateDate>2025-07-08 14:12:02</PriceUpdateDate>
      <ItemCode>7290105961525</ItemCode>
      <ItemType>1</ItemType>
      <ItemName>שוקולד ספלנדיד 85%</ItemName>
      <ManufacturerName>שטראוס גרופ</ManufacturerName>
      <ManufactureCountry>ישראל</ManufactureCountry>
      <ManufacturerItemDescription>עלית</ManufacturerItemDescription>
      <UnitQty>גרמים</UnitQty>
      <Quantity>100.00</Quantity>
      <UnitOfMeasure>100 גרם</UnitOfMeasure>
      <bIsWeighted>0</bIsWeighted>
      <QtyInPackage>לא ידוע</QtyInPackage>
      <ItemPrice>15.90</ItemPrice>
      <UnitOfMeasurePrice>0.1590</UnitOfMeasurePrice>
      <AllowDiscount>1</AllowDiscount>
      <ItemStatus>1</ItemStatus>
      <ItemId>46608</ItemId>
    </Item>
    <Item>
      <PriceUpdateDate>2025-01-02 08:49:48</PriceUpdateDate>
      <ItemCode>7290105968777</ItemCode>
      <ItemType>1</ItemType>
      <ItemName>פריכיות תחתית שוקולד</ItemName>
      <ManufacturerName>שטראוס גרופ</ManufacturerName>
      <ManufactureCountry>ישראל</ManufactureCountry>
      <ManufacturerItemDescription>עלית</ManufacturerItemDescription>
      <UnitQty>גרמים</UnitQty>
      <Quantity>80.00</Quantity>
      <UnitOfMeasure>100 גרם</UnitOfMeasure>
      <bIsWeighted>0</bIsWeighted>
      <QtyInPackage>לא ידוע</QtyInPackage>
      <ItemPrice>10.00</ItemPrice>
      <UnitOfMeasurePrice>0.1250</UnitOfMeasurePrice>
      <AllowDiscount>1</AllowDiscount>
      <ItemStatus>1</ItemStatus>
      <ItemId>46619</ItemId>
    </Item>
    <Item>
      <PriceUpdateDate>2025-01-13 15:04:58</PriceUpdateDate>
      <ItemCode>7290106520066</ItemCode>
      <ItemType>1</ItemType>
      <ItemName>רבע לשבע גלילי ופל</ItemName>
      <ManufacturerName>הגביע מוצרי וופלים</ManufacturerName>
      <ManufactureCountry>ישראל</ManufactureCountry>
      <ManufacturerItemDescription>עלית</ManufacturerItemDescription>
      <UnitQty>גרמים</UnitQty>
      <Quantity>120.00</Quantity>
      <UnitOfMeasure>100 גרם</UnitOfMeasure>
      <bIsWeighted>0</bIsWeighted>
      <QtyInPackage>לא ידוע</QtyInPackage>
      <ItemPrice>15.90</ItemPrice>
      <UnitOfMeasurePrice>0.1325</UnitOfMeasurePrice>
      <AllowDiscount>1</AllowDiscount>
      <ItemStatus>1</ItemStatus>
      <ItemId>46620</ItemId>
    </Item>
    <Item>
      <PriceUpdateDate>2025-11-10 18:39:22</PriceUpdateDate>
      <ItemCode>7290106525504</ItemCode>
      <ItemType>1</ItemType>
      <ItemName>חטיף טעמי בייגלה 40</ItemName>
      <ManufacturerName>שטראוס גרופ</ManufacturerName>
      <ManufactureCountry>ישראל</ManufactureCountry>
      <ManufacturerItemDescription>עלית</ManufacturerItemDescription>
      <UnitQty>גרמים</UnitQty>
      <Quantity>40.00</Quantity>
      <UnitOfMeasure>100 גרם</UnitOfMeasure>
      <bIsWeighted>0</bIsWeighted>
      <QtyInPackage>לא ידוע</QtyInPackage>
      <ItemPrice>5.50</ItemPrice>
      <UnitOfMeasurePrice>0.1375</UnitOfMeasurePrice>
      <AllowDiscount>1</AllowDiscount>
      <ItemStatus>1</ItemStatus>
      <ItemId>46633</ItemId>
    </Item>
    <Item>
      <PriceUpdateDate>2025-01-03 11:34:28</PriceUpdateDate>
      <ItemCode>7290106526822</ItemCode>
      <ItemType>1</ItemType>
      <ItemName>פריכיות תחתית שוקולד</ItemName>
      <ManufacturerName>שטראוס גרופ</ManufacturerName>
      <ManufactureCountry>ישראל</ManufactureCountry>
      <ManufacturerItemDescription>אנרג'י</ManufacturerItemDescription>
      <UnitQty>גרמים</UnitQty>
      <Quantity>70.00</Quantity>
      <UnitOfMeasure>100 גרם</UnitOfMeasure>
      <bIsWeighted>0</bIsWeighted>
      <QtyInPackage>לא ידוע</QtyInPackage>
      <ItemPrice>10.00</ItemPrice>
      <UnitOfMeasurePrice>0.1429</UnitOfMeasurePrice>
      <AllowDiscount>1</AllowDiscount>
      <ItemStatus>1</ItemStatus>
      <ItemId>46636</ItemId>
    </Item>
    <Item>
      <PriceUpdateDate>2025-01-02 15:56:55</PriceUpdateDate>
      <ItemCode>7290000664002</ItemCode>
      <ItemType>1</ItemType>
      <ItemName>פילה דג אמנון בציפוי</ItemName>
      <ManufacturerName>תנובה</ManufacturerName>
      <ManufactureCountry>סין</ManufactureCountry>
      <ManufacturerItemDescription>פילה דג אמנון בציפוי</ManufacturerItemDescription>
      <UnitQty>גרמים</UnitQty>
      <Quantity>450.00</Quantity>
      <UnitOfMeasure>100 גרם</UnitOfMeasure>
      <bIsWeighted>0</bIsWeighted>
      <QtyInPackage>לא ידוע</QtyInPackage>
      <ItemPrice>35.20</ItemPrice>
      <UnitOfMeasurePrice>0.0782</UnitOfMeasurePrice>
      <AllowDiscount>1</AllowDiscount>
      <ItemStatus>1</ItemStatus>
      <ItemId>90330</ItemId>
    </Item>
    <Item>
      <PriceUpdateDate>2024-02-20 08:38:22</PriceUpdateDate>
      <ItemCode>7290106656727</ItemCode>
      <ItemType>1</ItemType>
      <ItemName>חיוכים שוקו 600 גרם</ItemName>
      <ManufacturerName>אפיפית נצרת תעשיות ב</ManufacturerName>
      <ManufactureCountry>ישראל</ManufactureCountry>
      <ManufacturerItemDescription>עלית</ManufacturerItemDescription>
      <UnitQty>גרמים</UnitQty>
      <Quantity>600.00</Quantity>
      <UnitOfMeasure>100 גרם</UnitOfMeasure>
      <bIsWeighted>0</bIsWeighted>
      <QtyInPackage>לא ידוע</QtyInPackage>
      <ItemPrice>20.50</ItemPrice>
      <UnitOfMeasurePrice>0.0342</UnitOfMeasurePrice>
      <AllowDiscount>1</AllowDiscount>
      <ItemStatus>1</ItemStatus>
      <ItemId>46646</ItemId>
    </Item>
    <Item>
      <PriceUpdateDate>2025-11-10 18:39:22</PriceUpdateDate>
      <ItemCode>7290106658479</ItemCode>
      <ItemType>1</ItemType>
      <ItemName>טורטית 40 גרם</ItemName>
      <ManufacturerName>שטראוס גרופ</ManufacturerName>
      <ManufactureCountry>ישראל</ManufactureCountry>
      <ManufacturerItemDescription>עלית</ManufacturerItemDescription>
      <UnitQty>גרמים</UnitQty>
      <Quantity>40.00</Quantity>
      <UnitOfMeasure>100 גרם</UnitOfMeasure>
      <bIsWeighted>0</bIsWeighted>
      <QtyInPackage>לא ידוע</QtyInPackage>
      <ItemPrice>5.50</ItemPrice>
      <UnitOfMeasurePrice>0.1375</UnitOfMeasurePrice>
      <AllowDiscount>1</AllowDiscount>
      <ItemStatus>1</ItemStatus>
      <ItemId>46652</ItemId>
    </Item>
    <Item>
      <PriceUpdateDate>2025-01-01 21:30:20</PriceUpdateDate>
      <ItemCode>7290106663558</ItemCode>
      <ItemType>1</ItemType>
      <ItemName>רוטב טריאקי רימון 28</ItemName>
      <ManufacturerName>בית אל מזון בע"מ</ManufacturerName>
      <ManufactureCountry>ישראל</ManufactureCountry>
      <ManufacturerItemDescription>עלית</ManufacturerItemDescription>
      <UnitQty>מיליליטרים</UnitQty>
      <Quantity>280.00</Quantity>
      <UnitOfMeasure>100 מ"ל</UnitOfMeasure>
      <bIsWeighted>0</bIsWeighted>
      <QtyInPackage>לא ידוע</QtyInPackage>
      <ItemPrice>13.00</ItemPrice>
      <UnitOfMeasurePrice>0.0464</UnitOfMeasurePrice>
      <AllowDiscount>1</AllowDiscount>
      <ItemStatus>1</ItemStatus>
      <ItemId>46679</ItemId>
    </Item>
    <Item>
      <PriceUpdateDate>2025-11-10 18:39:22</PriceUpdateDate>
      <ItemCode>7290106668577</ItemCode>
      <ItemType>1</ItemType>
      <ItemName>מיץ לימון טבעי 250 מ</ItemName>
      <ManufacturerName>יורופוד</ManufacturerName>
      <ManufactureCountry>איטליה</ManufactureCountry>
      <ManufacturerItemDescription>מיץ לימון טבעי 250 מ</ManufacturerItemDescription>
      <UnitQty>מיליליטרים</UnitQty>
      <Quantity>250.00</Quantity>
      <UnitOfMeasure>100 מ"ל</UnitOfMeasure>
      <bIsWeighted>0</bIsWeighted>
      <QtyInPackage>לא ידוע</QtyInPackage>
      <ItemPrice>9.90</ItemPrice>
      <UnitOfMeasurePrice>0.0396</UnitOfMeasurePrice>
      <AllowDiscount>1</AllowDiscount>
      <ItemStatus>1</ItemStatus>
      <ItemId>46691</ItemId>
    </Item>
    <Item>
      <PriceUpdateDate>2025-11-10 19:13:15</PriceUpdateDate>
      <ItemCode>7290106725867</ItemCode>
      <ItemType>1</ItemType>
      <ItemName>סירופ מייפל טבעי 189</ItemName>
      <ManufacturerName>ציטדל</ManufacturerName>
      <ManufactureCountry>קנדה</ManufactureCountry>
      <ManufacturerItemDescription>סירופ מייפל טבעי 189</ManufacturerItemDescription>
      <UnitQty>מיליליטרים</UnitQty>
      <Quantity>189.00</Quantity>
      <UnitOfMeasure>100 מ"ל</UnitOfMeasure>
      <bIsWeighted>0</bIsWeighted>
      <QtyInPackage>לא ידוע</QtyInPackage>
      <ItemPrice>31.90</ItemPrice>
      <UnitOfMeasurePrice>0.1688</UnitOfMeasurePrice>
      <AllowDiscount>1</AllowDiscount>
      <ItemStatus>1</ItemStatus>
      <ItemId>46725</ItemId>
    </Item>
    <Item>
      <PriceUpdateDate>2025-01-13 15:04:58</PriceUpdateDate>
      <ItemCode>7290107936965</ItemCode>
      <ItemType>1</ItemType>
      <ItemName>עד חצות עיגולים 225</ItemName>
      <ManufacturerName>עלית</ManufacturerName>
      <ManufactureCountry>ישראל</ManufactureCountry>
      <ManufacturerItemDescription>עד חצות</ManufacturerItemDescription>
      <UnitQty>גרמים</UnitQty>
      <Quantity>225.00</Quantity>
      <UnitOfMeasure>100 גרם</UnitOfMeasure>
      <bIsWeighted>0</bIsWeighted>
      <QtyInPackage>לא ידוע</QtyInPackage>
      <ItemPrice>17.90</ItemPrice>
      <UnitOfMeasurePrice>0.0796</UnitOfMeasurePrice>
      <AllowDiscount>1</AllowDiscount>
      <ItemStatus>1</ItemStatus>
      <ItemId>46770</ItemId>
    </Item>
    <Item>
      <PriceUpdateDate>2024-03-19 14:21:29</PriceUpdateDate>
      <ItemCode>7290107937856</ItemCode>
      <ItemType>1</ItemType>
      <ItemName>קפסולות 11 גואטמלה ל</ItemName>
      <ManufacturerName>שטראוס גרופ</ManufacturerName>
      <ManufactureCountry>ישראל</ManufactureCountry>
      <ManufacturerItemDescription>עלית</ManufacturerItemDescription>
      <UnitQty>גרמים</UnitQty>
      <Quantity>50.00</Quantity>
      <UnitOfMeasure>100 גרם</UnitOfMeasure>
      <bIsWeighted>0</bIsWeighted>
      <QtyInPackage>לא ידוע</QtyInPackage>
      <ItemPrice>19.90</ItemPrice>
      <UnitOfMeasurePrice>0.3980</UnitOfMeasurePrice>
      <AllowDiscount>1</AllowDiscount>
      <ItemStatus>1</ItemStatus>
      <ItemId>46781</ItemId>
    </Item>
    <Item>
      <PriceUpdateDate>2025-01-26 11:30:59</PriceUpdateDate>
      <ItemCode>7290107944243</ItemCode>
      <ItemType>1</ItemType>
      <ItemName>אפיפית 200 ג'</ItemName>
      <ManufacturerName>עלית</ManufacturerName>
      <ManufactureCountry>ישראל</ManufactureCountry>
      <ManufacturerItemDescription>עלית</ManufacturerItemDescription>
      <UnitQty>גרמים</UnitQty>
      <Quantity>200.00</Quantity>
      <UnitOfMeasure>100 גרם</UnitOfMeasure>
      <bIsWeighted>0</bIsWeighted>
      <QtyInPackage>לא ידוע</QtyInPackage>
      <ItemPrice>11.90</ItemPrice>
      <UnitOfMeasurePrice>0.0595</UnitOfMeasurePrice>
      <AllowDiscount>1</AllowDiscount>
      <ItemStatus>1</ItemStatus>
      <ItemId>46809</ItemId>
    </Item>
    <Item>
      <PriceUpdateDate>2025-01-26 11:34:09</PriceUpdateDate>
      <ItemCode>7290019997108</ItemCode>
      <ItemType>1</ItemType>
      <ItemName>מלפפונים במלח 13-17</ItemName>
      <ManufacturerName>בית השיטה עסיס תעשיו</ManufacturerName>
      <ManufactureCountry>ישראל</ManufactureCountry>
      <ManufacturerItemDescription>מלפפונים במלח 13-17</ManufacturerItemDescription>
      <UnitQty>גרמים</UnitQty>
      <Quantity>560.00</Quantity>
      <UnitOfMeasure>100 גרם</UnitOfMeasure>
      <bIsWeighted>0</bIsWeighted>
      <QtyInPackage>לא ידוע</QtyInPackage>
      <ItemPrice>9.50</ItemPrice>
      <UnitOfMeasurePrice>0.0170</UnitOfMeasurePrice>
      <AllowDiscount>1</AllowDiscount>
      <ItemStatus>1</ItemStatus>
      <ItemId>103866</ItemId>
    </Item>
    <Item>
      <PriceUpdateDate>2025-06-17 17:00:49</PriceUpdateDate>
      <ItemCode>7290117034811</ItemCode>
      <ItemType>1</ItemType>
      <ItemName>פסטה ספירלה דיי מאק</ItemName>
      <ManufacturerName>לא ידוע</ManufacturerName>
      <ManufactureCountry>אזרבייגן</ManufactureCountry>
      <ManufacturerItemDescription>פסטה ספירלה דיי מאק</ManufacturerItemDescription>
      <UnitQty>גרמים</UnitQty>
      <Quantity>400.00</Quantity>
      <UnitOfMeasure>100 גרם</UnitOfMeasure>
      <bIsWeighted>0</bIsWeighted>
      <QtyInPackage>לא ידוע</QtyInPackage>
      <ItemPrice>3.50</ItemPrice>
      <UnitOfMeasurePrice>0.0088</UnitOfMeasurePrice>
      <AllowDiscount>1</AllowDiscount>
      <ItemStatus>1</ItemStatus>
      <ItemId>114131</ItemId>
    </Item>
    <Item>
      <PriceUpdateDate>2024-07-30 07:06:15</PriceUpdateDate>
      <ItemCode>7290000092171</ItemCode>
      <ItemType>1</ItemType>
      <ItemName>פקאן טבעי במשקל</ItemName>
      <ManufacturerName>לא ידוע</ManufacturerName>
      <ManufactureCountry>לא ידוע</ManufactureCountry>
      <ManufacturerItemDescription>פקאן טבעי במשקל</ManufacturerItemDescription>
      <UnitQty>קילוגרמים</UnitQty>
      <Quantity>1.00</Quantity>
      <UnitOfMeasure>ק"ג</UnitOfMeasure>
      <bIsWeighted>1</bIsWeighted>
      <QtyInPackage>לא ידוע</QtyInPackage>
      <ItemPrice>119.00</ItemPrice>
      <UnitOfMeasurePrice>119.0000</UnitOfMeasurePrice>
      <AllowDiscount>1</AllowDiscount>
      <ItemStatus>1</ItemStatus>
      <ItemId>69553</ItemId>
    </Item>
    <Item>
      <PriceUpdateDate>2025-01-05 16:22:12</PriceUpdateDate>
      <ItemCode>7290110554422</ItemCode>
      <ItemType>1</ItemType>
      <ItemName>רוטב עגבניות ופלפלים</ItemName>
      <ManufacturerName>אמיליאנה קונסרב</ManufacturerName>
      <ManufactureCountry>איטליה</ManufactureCountry>
      <ManufacturerItemDescription>יד מרדכי</ManufacturerItemDescription>
      <UnitQty>גרמים</UnitQty>
      <Quantity>350.00</Quantity>
      <UnitOfMeasure>100 גרם</UnitOfMeasure>
      <bIsWeighted>0</bIsWeighted>
      <QtyInPackage>לא ידוע</QtyInPackage>
      <ItemPrice>13.60</ItemPrice>
      <UnitOfMeasurePrice>0.0389</UnitOfMeasurePrice>
      <AllowDiscount>1</AllowDiscount>
      <ItemStatus>1</ItemStatus>
      <ItemId>46987</ItemId>
    </Item>
    <Item>
      <PriceUpdateDate>2025-05-19 13:54:43</PriceUpdateDate>
      <ItemCode>7290120343801</ItemCode>
      <ItemType>1</ItemType>
      <ItemName>פולי סויה אדממה 400</ItemName>
      <ManufacturerName>ונטאי פנגידאן</ManufacturerName>
      <ManufactureCountry>סין</ManufactureCountry>
      <ManufacturerItemDescription>פולי סויה אדממה 400</ManufacturerItemDescription>
      <UnitQty>גרמים</UnitQty>
      <Quantity>400.00</Quantity>
      <UnitOfMeasure>100 גרם</UnitOfMeasure>
      <bIsWeighted>0</bIsWeighted>
      <QtyInPackage>לא ידוע</QtyInPackage>
      <ItemPrice>7.00</ItemPrice>
      <UnitOfMeasurePrice>0.0175</UnitOfMeasurePrice>
      <AllowDiscount>1</AllowDiscount>
      <ItemStatus>1</ItemStatus>
      <ItemId>112772</ItemId>
    </Item>
    <Item>
      <PriceUpdateDate>2025-01-23 14:48:31</PriceUpdateDate>
      <ItemCode>7290110560300</ItemCode>
      <ItemType>1</ItemType>
      <ItemName>פריכיות משולשות עדשי</ItemName>
      <ManufacturerName>לא ידוע</ManufacturerName>
      <ManufactureCountry>לא ידוע</ManufactureCountry>
      <ManufacturerItemDescription>פריכיות משולשות עדשי</ManufacturerItemDescription>
      <UnitQty>גרמים</UnitQty>
      <Quantity>30.00</Quantity>
      <UnitOfMeasure>100 גרם</UnitOfMeasure>
      <bIsWeighted>0</bIsWeighted>
      <QtyInPackage>לא ידוע</QtyInPackage>
      <ItemPrice>6.90</ItemPrice>
      <UnitOfMeasurePrice>0.2300</UnitOfMeasurePrice>
      <AllowDiscount>1</AllowDiscount>
      <ItemStatus>1</ItemStatus>
      <ItemId>47013</ItemId>
    </Item>
    <Item>
      <PriceUpdateDate>2025-01-23 14:48:31</PriceUpdateDate>
      <ItemCode>7290110560317</ItemCode>
      <ItemType>1</ItemType>
      <ItemName>פריכיות משולשות מלח</ItemName>
      <ManufacturerName>לא ידוע</ManufacturerName>
      <ManufactureCountry>לא ידוע</ManufactureCountry>
      <ManufacturerItemDescription>פריכיות משולשות מלח</ManufacturerItemDescription>
      <UnitQty>גרמים</UnitQty>
      <Quantity>30.00</Quantity>
      <UnitOfMeasure>100 גרם</UnitOfMeasure>
      <bIsWeighted>0</bIsWeighted>
      <QtyInPackage>לא ידוע</QtyInPackage>
      <ItemPrice>6.90</ItemPrice>
      <UnitOfMeasurePrice>0.2300</UnitOfMeasurePrice>
      <AllowDiscount>1</AllowDiscount>
      <ItemStatus>1</ItemStatus>
      <ItemId>47014</ItemId>
    </Item>
    <Item>
      <PriceUpdateDate>2025-06-17 17:00:49</PriceUpdateDate>
      <ItemCode>7290117034828</ItemCode>
      <ItemType>1</ItemType>
      <ItemName>פסטה קונכיות דיי מאק</ItemName>
      <ManufacturerName>לא ידוע</ManufacturerName>
      <ManufactureCountry>אזרבייגן</ManufactureCountry>
      <ManufacturerItemDescription>פסטה קונכיות דיי מאק</ManufacturerItemDescription>
      <UnitQty>גרמים</UnitQty>
      <Quantity>400.00</Quantity>
      <UnitOfMeasure>100 גרם</UnitOfMeasure>
      <bIsWeighted>0</bIsWeighted>
      <QtyInPackage>לא ידוע</QtyInPackage>
      <ItemPrice>3.50</ItemPrice>
      <UnitOfMeasurePrice>0.0088</UnitOfMeasurePrice>
      <AllowDiscount>1</AllowDiscount>
      <ItemStatus>1</ItemStatus>
      <ItemId>114132</ItemId>
    </Item>
    <Item>
      <PriceUpdateDate>2025-07-28 13:49:01</PriceUpdateDate>
      <ItemCode>7290110571184</ItemCode>
      <ItemType>1</ItemType>
      <ItemName>עדשים חומות ט. הטבע</ItemName>
      <ManufacturerName>קונסרב איטליה</ManufacturerName>
      <ManufactureCountry>איטליה</ManufactureCountry>
      <ManufacturerItemDescription>טעם הטבע</ManufacturerItemDescription>
      <UnitQty>גרמים</UnitQty>
      <Quantity>380.00</Quantity>
      <UnitOfMeasure>100 גרם</UnitOfMeasure>
      <bIsWeighted>0</bIsWeighted>
      <QtyInPackage>לא ידוע</QtyInPackage>
      <ItemPrice>8.90</ItemPrice>
      <UnitOfMeasurePrice>0.0234</UnitOfMeasurePrice>
      <AllowDiscount>1</AllowDiscount>
      <ItemStatus>1</ItemStatus>
      <ItemId>47085</ItemId>
    </Item>
    <Item>
      <PriceUpdateDate>2025-01-13 15:04:59</PriceUpdateDate>
      <ItemCode>7290112331984</ItemCode>
      <ItemType>1</ItemType>
      <ItemName>שוקולד פרה בסקוויט ק</ItemName>
      <ManufacturerName>שטראוס גרופ</ManufacturerName>
      <ManufactureCountry>ישראל</ManufactureCountry>
      <ManufacturerItemDescription>עלית</ManufacturerItemDescription>
      <UnitQty>גרמים</UnitQty>
      <Quantity>100.00</Quantity>
      <UnitOfMeasure>100 גרם</UnitOfMeasure>
      <bIsWeighted>0</bIsWeighted>
      <QtyInPackage>לא ידוע</QtyInPackage>
      <ItemPrice>8.90</ItemPrice>
      <UnitOfMeasurePrice>0.0890</UnitOfMeasurePrice>
      <AllowDiscount>1</AllowDiscount>
      <ItemStatus>1</ItemStatus>
      <ItemId>47103</ItemId>
    </Item>
    <Item>
      <PriceUpdateDate>2025-11-10 19:13:31</PriceUpdateDate>
      <ItemCode>7290112335500</ItemCode>
      <ItemType>1</ItemType>
      <ItemName>פריכיות חומוס אורז ע</ItemName>
      <ManufacturerName>עלית</ManufacturerName>
      <ManufactureCountry>ישראל</ManufactureCountry>
      <ManufacturerItemDescription>פריכיות חומוס אורז ע</ManufacturerItemDescription>
      <UnitQty>גרמים</UnitQty>
      <Quantity>135.00</Quantity>
      <UnitOfMeasure>100 גרם</UnitOfMeasure>
      <bIsWeighted>0</bIsWeighted>
      <QtyInPackage>לא ידוע</QtyInPackage>
      <ItemPrice>13.90</ItemPrice>
      <UnitOfMeasurePrice>0.1030</UnitOfMeasurePrice>
      <AllowDiscount>1</AllowDiscount>
      <ItemStatus>1</ItemStatus>
      <ItemId>47134</ItemId>
    </Item>
    <Item>
      <PriceUpdateDate>2025-11-10 19:13:31</PriceUpdateDate>
      <ItemCode>7290112340122</ItemCode>
      <ItemType>1</ItemType>
      <ItemName>פריכיות 3 דגנים אנרג</ItemName>
      <ManufacturerName>עלית</ManufacturerName>
      <ManufactureCountry>ישראל</ManufactureCountry>
      <ManufacturerItemDescription>פריכיות 3 דגנים אנרג</ManufacturerItemDescription>
      <UnitQty>גרמים</UnitQty>
      <Quantity>135.00</Quantity>
      <UnitOfMeasure>100 גרם</UnitOfMeasure>
      <bIsWeighted>0</bIsWeighted>
      <QtyInPackage>לא ידוע</QtyInPackage>
      <ItemPrice>13.90</ItemPrice>
      <UnitOfMeasurePrice>0.1030</UnitOfMeasurePrice>
      <AllowDiscount>1</AllowDiscount>
      <ItemStatus>1</ItemStatus>
      <ItemId>47163</ItemId>
    </Item>
    <Item>
      <PriceUpdateDate>2025-11-12 17:29:43</PriceUpdateDate>
      <ItemCode>8715700124964</ItemCode>
      <ItemType>1</ItemType>
      <ItemName>מתבל עגבניות 50% פחו</ItemName>
      <ManufacturerName>ה.י. היינץ</ManufacturerName>
      <ManufactureCountry>הולנד</ManufactureCountry>
      <ManufacturerItemDescription>היינץ</ManufacturerItemDescription>
      <UnitQty>גרמים</UnitQty>
      <Quantity>435.00</Quantity>
      <UnitOfMeasure>100 גרם</UnitOfMeasure>
      <bIsWeighted>0</bIsWeighted>
      <QtyInPackage>לא ידוע</QtyInPackage>
      <ItemPrice>12.90</ItemPrice>
      <UnitOfMeasurePrice>0.0297</UnitOfMeasurePrice>
      <AllowDiscount>1</AllowDiscount>
      <ItemStatus>1</ItemStatus>
      <ItemId>74493</ItemId>
    </Item>
    <Item>
      <PriceUpdateDate>2025-07-28 13:49:01</PriceUpdateDate>
      <ItemCode>7290112348142</ItemCode>
      <ItemType>1</ItemType>
      <ItemName>שעועית לבנה ט. הטבע</ItemName>
      <ManufacturerName>קונסרב איטליה</ManufacturerName>
      <ManufactureCountry>איטליה</ManufactureCountry>
      <ManufacturerItemDescription>טעם הטבע</ManufacturerItemDescription>
      <UnitQty>גרמים</UnitQty>
      <Quantity>380.00</Quantity>
      <UnitOfMeasure>100 גרם</UnitOfMeasure>
      <bIsWeighted>0</bIsWeighted>
      <QtyInPackage>לא ידוע</QtyInPackage>
      <ItemPrice>8.90</ItemPrice>
      <UnitOfMeasurePrice>0.0234</UnitOfMeasurePrice>
      <AllowDiscount>1</AllowDiscount>
      <ItemStatus>1</ItemStatus>
      <ItemId>47224</ItemId>
    </Item>
    <Item>
      <PriceUpdateDate>2025-10-21 14:59:44</PriceUpdateDate>
      <ItemCode>7290119383535</ItemCode>
      <ItemType>1</ItemType>
      <ItemName>מילקי שכבות בטעם  מו</ItemName>
      <ManufacturerName>שטראוס גרופ</ManufacturerName>
      <ManufactureCountry>ישראל</ManufactureCountry>
      <ManufacturerItemDescription>מילקי</ManufacturerItemDescription>
      <UnitQty>גרמים</UnitQty>
      <Quantity>113.00</Quantity>
      <UnitOfMeasure>100 גרם</UnitOfMeasure>
      <bIsWeighted>0</bIsWeighted>
      <QtyInPackage>לא ידוע</QtyInPackage>
      <ItemPrice>4.00</ItemPrice>
      <UnitOfMeasurePrice>0.0354</UnitOfMeasurePrice>
      <AllowDiscount>1</AllowDiscount>
      <ItemStatus>1</ItemStatus>
      <ItemId>119300</ItemId>
    </Item>
    <Item>
      <PriceUpdateDate>2025-11-10 19:13:31</PriceUpdateDate>
      <ItemCode>7290112348999</ItemCode>
      <ItemType>1</ItemType>
      <ItemName>פרכיות תירס דקות אנר</ItemName>
      <ManufacturerName>עלית</ManufacturerName>
      <ManufactureCountry>ישראל</ManufactureCountry>
      <ManufacturerItemDescription>פרכיות תירס דקות אנר</ManufacturerItemDescription>
      <UnitQty>גרמים</UnitQty>
      <Quantity>135.00</Quantity>
      <UnitOfMeasure>100 גרם</UnitOfMeasure>
      <bIsWeighted>0</bIsWeighted>
      <QtyInPackage>לא ידוע</QtyInPackage>
      <ItemPrice>13.90</ItemPrice>
      <UnitOfMeasurePrice>0.1030</UnitOfMeasurePrice>
      <AllowDiscount>1</AllowDiscount>
      <ItemStatus>1</ItemStatus>
      <ItemId>47234</ItemId>
    </Item>
    <Item>
      <PriceUpdateDate>2025-07-08 14:12:02</PriceUpdateDate>
      <ItemCode>7290112349668</ItemCode>
      <ItemType>1</ItemType>
      <ItemName>שוקולד ספלנדיד 90%</ItemName>
      <ManufacturerName>שטראוס גרופ</ManufacturerName>
      <ManufactureCountry>ישראל</ManufactureCountry>
      <ManufacturerItemDescription>עלית</ManufacturerItemDescription>
      <UnitQty>גרמים</UnitQty>
      <Quantity>100.00</Quantity>
      <UnitOfMeasure>100 גרם</UnitOfMeasure>
      <bIsWeighted>0</bIsWeighted>
      <QtyInPackage>לא ידוע</QtyInPackage>
      <ItemPrice>15.90</ItemPrice>
      <UnitOfMeasurePrice>0.1590</UnitOfMeasurePrice>
      <AllowDiscount>1</AllowDiscount>
      <ItemStatus>1</ItemStatus>
      <ItemId>47243</ItemId>
    </Item>
    <Item>
      <PriceUpdateDate>2025-01-05 16:22:12</PriceUpdateDate>
      <ItemCode>7290112349705</ItemCode>
      <ItemType>1</ItemType>
      <ItemName>רוטב עגבניות קלאסי ל</ItemName>
      <ManufacturerName>אמיליאנה קונסרב</ManufacturerName>
      <ManufactureCountry>איטליה</ManufactureCountry>
      <ManufacturerItemDescription>יד מרדכי</ManufacturerItemDescription>
      <UnitQty>גרמים</UnitQty>
      <Quantity>350.00</Quantity>
      <UnitOfMeasure>100 גרם</UnitOfMeasure>
      <bIsWeighted>0</bIsWeighted>
      <QtyInPackage>לא ידוע</QtyInPackage>
      <ItemPrice>13.60</ItemPrice>
      <UnitOfMeasurePrice>0.0389</UnitOfMeasurePrice>
      <AllowDiscount>1</AllowDiscount>
      <ItemStatus>1</ItemStatus>
      <ItemId>47245</ItemId>
    </Item>
    <Item>
      <PriceUpdateDate>2025-01-05 16:22:12</PriceUpdateDate>
      <ItemCode>7290112349736</ItemCode>
      <ItemType>1</ItemType>
      <ItemName>רוטב עגבניות בזיליקו</ItemName>
      <ManufacturerName>אמיליאנה קונסרב</ManufacturerName>
      <ManufactureCountry>איטליה</ManufactureCountry>
      <ManufacturerItemDescription>יד מרדכי</ManufacturerItemDescription>
      <UnitQty>גרמים</UnitQty>
      <Quantity>350.00</Quantity>
      <UnitOfMeasure>100 גרם</UnitOfMeasure>
      <bIsWeighted>0</bIsWeighted>
      <QtyInPackage>לא ידוע</QtyInPackage>
      <ItemPrice>13.60</ItemPrice>
      <UnitOfMeasurePrice>0.0389</UnitOfMeasurePrice>
      <AllowDiscount>1</AllowDiscount>
      <ItemStatus>1</ItemStatus>
      <ItemId>47246</ItemId>
    </Item>
    <Item>
      <PriceUpdateDate>2025-01-01 21:30:21</PriceUpdateDate>
      <ItemCode>7290112349750</ItemCode>
      <ItemType>1</ItemType>
      <ItemName>רוטב עגבניות לפיצה 3</ItemName>
      <ManufacturerName>אמיליאנה קונסרב</ManufacturerName>
      <ManufactureCountry>איטליה</ManufactureCountry>
      <ManufacturerItemDescription>יד מרדכי</ManufacturerItemDescription>
      <UnitQty>גרמים</UnitQty>
      <Quantity>350.00</Quantity>
      <UnitOfMeasure>100 גרם</UnitOfMeasure>
      <bIsWeighted>0</bIsWeighted>
      <QtyInPackage>לא ידוע</QtyInPackage>
      <ItemPrice>13.60</ItemPrice>
      <UnitOfMeasurePrice>0.0389</UnitOfMeasurePrice>
      <AllowDiscount>1</AllowDiscount>
      <ItemStatus>1</ItemStatus>
      <ItemId>47248</ItemId>
    </Item>
    <Item>
      <PriceUpdateDate>2025-12-07 17:51:11</PriceUpdateDate>
      <ItemCode>7290112351104</ItemCode>
      <ItemType>1</ItemType>
      <ItemName>שוקולד פרה פצפוצי או</ItemName>
      <ManufacturerName>שטראוס</ManufacturerName>
      <ManufactureCountry>ישראל</ManufactureCountry>
      <ManufacturerItemDescription>שוקולד פרה פצפוצי או</ManufacturerItemDescription>
      <UnitQty>גרמים</UnitQty>
      <Quantity>100.00</Quantity>
      <UnitOfMeasure>100 גרם</UnitOfMeasure>
      <bIsWeighted>0</bIsWeighted>
      <QtyInPackage>לא ידוע</QtyInPackage>
      <ItemPrice>9.90</ItemPrice>
      <UnitOfMeasurePrice>0.0990</UnitOfMeasurePrice>
      <AllowDiscount>1</AllowDiscount>
      <ItemStatus>1</ItemStatus>
      <ItemId>47257</ItemId>
    </Item>
    <Item>
      <PriceUpdateDate>2025-07-28 13:49:01</PriceUpdateDate>
      <ItemCode>7290112357083</ItemCode>
      <ItemType>1</ItemType>
      <ItemName>אפונת גינה ט. הטבע 3</ItemName>
      <ManufacturerName>קונסרב איטליה</ManufacturerName>
      <ManufactureCountry>איטליה</ManufactureCountry>
      <ManufacturerItemDescription>טעם הטבע</ManufacturerItemDescription>
      <UnitQty>גרמים</UnitQty>
      <Quantity>380.00</Quantity>
      <UnitOfMeasure>100 גרם</UnitOfMeasure>
      <bIsWeighted>0</bIsWeighted>
      <QtyInPackage>לא ידוע</QtyInPackage>
      <ItemPrice>8.90</ItemPrice>
      <UnitOfMeasurePrice>0.0234</UnitOfMeasurePrice>
      <AllowDiscount>1</AllowDiscount>
      <ItemStatus>1</ItemStatus>
      <ItemId>47302</ItemId>
    </Item>
    <Item>
      <PriceUpdateDate>2025-07-28 13:49:01</PriceUpdateDate>
      <ItemCode>7290112357106</ItemCode>
      <ItemType>1</ItemType>
      <ItemName>שעועית אדומה ט. הטבע</ItemName>
      <ManufacturerName>קונסרב איטליה</ManufacturerName>
      <ManufactureCountry>איטליה</ManufactureCountry>
      <ManufacturerItemDescription>טעם הטבע</ManufacturerItemDescription>
      <UnitQty>גרמים</UnitQty>
      <Quantity>380.00</Quantity>
      <UnitOfMeasure>100 גרם</UnitOfMeasure>
      <bIsWeighted>0</bIsWeighted>
      <QtyInPackage>לא ידוע</QtyInPackage>
      <ItemPrice>8.90</ItemPrice>
      <UnitOfMeasurePrice>0.0234</UnitOfMeasurePrice>
      <AllowDiscount>1</AllowDiscount>
      <ItemStatus>1</ItemStatus>
      <ItemId>47303</ItemId>
    </Item>
    <Item>
      <PriceUpdateDate>2025-07-28 13:49:01</PriceUpdateDate>
      <ItemCode>7290112357113</ItemCode>
      <ItemType>1</ItemType>
      <ItemName>גרגירי חומוס ט. הטבע</ItemName>
      <ManufacturerName>קונסרב איטליה</ManufacturerName>
      <ManufactureCountry>איטליה</ManufactureCountry>
      <ManufacturerItemDescription>טעם הטבע</ManufacturerItemDescription>
      <UnitQty>גרמים</UnitQty>
      <Quantity>380.00</Quantity>
      <UnitOfMeasure>100 גרם</UnitOfMeasure>
      <bIsWeighted>0</bIsWeighted>
      <QtyInPackage>לא ידוע</QtyInPackage>
      <ItemPrice>8.90</ItemPrice>
      <UnitOfMeasurePrice>0.0234</UnitOfMeasurePrice>
      <AllowDiscount>1</AllowDiscount>
      <ItemStatus>1</ItemStatus>
      <ItemId>47304</ItemId>
    </Item>
    <Item>
      <PriceUpdateDate>2025-01-05 16:22:13</PriceUpdateDate>
      <ItemCode>7290112358219</ItemCode>
      <ItemType>1</ItemType>
      <ItemName>רוטב צ'ילי מתוק 280</ItemName>
      <ManufacturerName>בית אל מזון בע"מ</ManufacturerName>
      <ManufactureCountry>ישראל</ManufactureCountry>
      <ManufacturerItemDescription>עלית</ManufacturerItemDescription>
      <UnitQty>מיליליטרים</UnitQty>
      <Quantity>300.00</Quantity>
      <UnitOfMeasure>100 מ"ל</UnitOfMeasure>
      <bIsWeighted>0</bIsWeighted>
      <QtyInPackage>לא ידוע</QtyInPackage>
      <ItemPrice>13.00</ItemPrice>
      <UnitOfMeasurePrice>0.0433</UnitOfMeasurePrice>
      <AllowDiscount>1</AllowDiscount>
      <ItemStatus>1</ItemStatus>
      <ItemId>47313</ItemId>
    </Item>
    <Item>
      <PriceUpdateDate>2024-02-18 07:17:31</PriceUpdateDate>
      <ItemCode>7290000178707</ItemCode>
      <ItemType>1</ItemType>
      <ItemName>תפוציפס 50 גר</ItemName>
      <ManufacturerName>שטראוס פריטו ליי (מל</ManufacturerName>
      <ManufactureCountry>ישראל</ManufactureCountry>
      <ManufacturerItemDescription>עלית</ManufacturerItemDescription>
      <UnitQty>גרמים</UnitQty>
      <Quantity>50.00</Quantity>
      <UnitOfMeasure>100 גרם</UnitOfMeasure>
      <bIsWeighted>0</bIsWeighted>
      <QtyInPackage>לא ידוע</QtyInPackage>
      <ItemPrice>4.80</ItemPrice>
      <UnitOfMeasurePrice>0.0960</UnitOfMeasurePrice>
      <AllowDiscount>1</AllowDiscount>
      <ItemStatus>1</ItemStatus>
      <ItemId>47417</ItemId>
    </Item>
    <Item>
      <PriceUpdateDate>2025-11-05 22:46:52</PriceUpdateDate>
      <ItemCode>7290000178721</ItemCode>
      <ItemType>1</ItemType>
      <ItemName>תפוציפס 200 גר</ItemName>
      <ManufacturerName>שטראוס פריטו ליי (מל</ManufacturerName>
      <ManufactureCountry>ישראל</ManufactureCountry>
      <ManufacturerItemDescription>עלית</ManufacturerItemDescription>
      <UnitQty>גרמים</UnitQty>
      <Quantity>200.00</Quantity>
      <UnitOfMeasure>100 גרם</UnitOfMeasure>
      <bIsWeighted>0</bIsWeighted>
      <QtyInPackage>לא ידוע</QtyInPackage>
      <ItemPrice>11.90</ItemPrice>
      <UnitOfMeasurePrice>0.0595</UnitOfMeasurePrice>
      <AllowDiscount>1</AllowDiscount>
      <ItemStatus>1</ItemStatus>
      <ItemId>47418</ItemId>
    </Item>
    <Item>
      <PriceUpdateDate>2025-07-27 17:43:04</PriceUpdateDate>
      <ItemCode>7290000480107</ItemCode>
      <ItemType>1</ItemType>
      <ItemName>קוואקר פח 500 גרם</ItemName>
      <ManufacturerName>FRITO-LAY TRADING CO</ManufacturerName>
      <ManufactureCountry>בריטניה</ManufactureCountry>
      <ManufacturerItemDescription>קוואקר</ManufacturerItemDescription>
      <UnitQty>גרמים</UnitQty>
      <Quantity>500.00</Quantity>
      <UnitOfMeasure>100 גרם</UnitOfMeasure>
      <bIsWeighted>0</bIsWeighted>
      <QtyInPackage>לא ידוע</QtyInPackage>
      <ItemPrice>14.90</ItemPrice>
      <UnitOfMeasurePrice>0.0298</UnitOfMeasurePrice>
      <AllowDiscount>1</AllowDiscount>
      <ItemStatus>1</ItemStatus>
      <ItemId>47420</ItemId>
    </Item>
    <Item>
      <PriceUpdateDate>2025-01-01 21:30:07</PriceUpdateDate>
      <ItemCode>7290000480442</ItemCode>
      <ItemType>1</ItemType>
      <ItemName>קואקר שקית 500 גרם</ItemName>
      <ManufacturerName>FRITO-LAY TRADING CO</ManufacturerName>
      <ManufactureCountry>בריטניה</ManufactureCountry>
      <ManufacturerItemDescription>קוואקר</ManufacturerItemDescription>
      <UnitQty>גרמים</UnitQty>
      <Quantity>500.00</Quantity>
      <UnitOfMeasure>100 גרם</UnitOfMeasure>
      <bIsWeighted>0</bIsWeighted>
      <QtyInPackage>לא ידוע</QtyInPackage>
      <ItemPrice>16.00</ItemPrice>
      <UnitOfMeasurePrice>0.0320</UnitOfMeasurePrice>
      <AllowDiscount>1</AllowDiscount>
      <ItemStatus>1</ItemStatus>
      <ItemId>47421</ItemId>
    </Item>
    <Item>
      <PriceUpdateDate>2025-12-15 08:56:39</PriceUpdateDate>
      <ItemCode>7290001817377</ItemCode>
      <ItemType>1</ItemType>
      <ItemName>ציטוס איקס עיגול 55</ItemName>
      <ManufacturerName>שטראוס פריטו ליי (מל</ManufacturerName>
      <ManufactureCountry>ישראל</ManufactureCountry>
      <ManufacturerItemDescription>עלית</ManufacturerItemDescription>
      <UnitQty>גרמים</UnitQty>
      <Quantity>55.00</Quantity>
      <UnitOfMeasure>100 גרם</UnitOfMeasure>
      <bIsWeighted>0</bIsWeighted>
      <QtyInPackage>לא ידוע</QtyInPackage>
      <ItemPrice>4.50</ItemPrice>
      <UnitOfMeasurePrice>0.0818</UnitOfMeasurePrice>
      <AllowDiscount>1</AllowDiscount>
      <ItemStatus>1</ItemStatus>
      <ItemId>47431</ItemId>
    </Item>
    <Item>
      <PriceUpdateDate>2025-12-15 08:56:39</PriceUpdateDate>
      <ItemCode>7290001817728</ItemCode>
      <ItemType>1</ItemType>
      <ItemName>ציטוס כאפה 55 ג</ItemName>
      <ManufacturerName>שטראוס פריטו ליי (מל</ManufacturerName>
      <ManufactureCountry>ישראל</ManufactureCountry>
      <ManufacturerItemDescription>עלית</ManufacturerItemDescription>
      <UnitQty>גרמים</UnitQty>
      <Quantity>55.00</Quantity>
      <UnitOfMeasure>100 גרם</UnitOfMeasure>
      <bIsWeighted>0</bIsWeighted>
      <QtyInPackage>לא ידוע</QtyInPackage>
      <ItemPrice>4.50</ItemPrice>
      <UnitOfMeasurePrice>0.0818</UnitOfMeasurePrice>
      <AllowDiscount>1</AllowDiscount>
      <ItemStatus>1</ItemStatus>
      <ItemId>47433</ItemId>
    </Item>
    <Item>
      <PriceUpdateDate>2024-02-18 07:17:31</PriceUpdateDate>
      <ItemCode>7290005200786</ItemCode>
      <ItemType>1</ItemType>
      <ItemName>תפוציפס בטעם שמנת בצ</ItemName>
      <ManufacturerName>שטראוס פריטו ליי (מל</ManufacturerName>
      <ManufactureCountry>ישראל</ManufactureCountry>
      <ManufacturerItemDescription>עלית</ManufacturerItemDescription>
      <UnitQty>גרמים</UnitQty>
      <Quantity>50.00</Quantity>
      <UnitOfMeasure>100 גרם</UnitOfMeasure>
      <bIsWeighted>0</bIsWeighted>
      <QtyInPackage>לא ידוע</QtyInPackage>
      <ItemPrice>4.80</ItemPrice>
      <UnitOfMeasurePrice>0.0960</UnitOfMeasurePrice>
      <AllowDiscount>1</AllowDiscount>
      <ItemStatus>1</ItemStatus>
      <ItemId>47435</ItemId>
    </Item>
    <Item>
      <PriceUpdateDate>2024-02-18 07:17:31</PriceUpdateDate>
      <ItemCode>7290008745239</ItemCode>
      <ItemType>1</ItemType>
      <ItemName>תפוציפס קראנצ'</ItemName>
      <ManufacturerName>שטראוס פריטו ליי (מל</ManufacturerName>
      <ManufactureCountry>ישראל</ManufactureCountry>
      <ManufacturerItemDescription>עלית</ManufacturerItemDescription>
      <UnitQty>גרמים</UnitQty>
      <Quantity>50.00</Quantity>
      <UnitOfMeasure>100 גרם</UnitOfMeasure>
      <bIsWeighted>0</bIsWeighted>
      <QtyInPackage>לא ידוע</QtyInPackage>
      <ItemPrice>4.80</ItemPrice>
      <UnitOfMeasurePrice>0.0960</UnitOfMeasurePrice>
      <AllowDiscount>1</AllowDiscount>
      <ItemStatus>1</ItemStatus>
      <ItemId>47436</ItemId>
    </Item>
    <Item>
      <PriceUpdateDate>2025-11-05 22:46:52</PriceUpdateDate>
      <ItemCode>7290008747547</ItemCode>
      <ItemType>1</ItemType>
      <ItemName>תפוציפס קראנצ' טבעי</ItemName>
      <ManufacturerName>שטראוס פריטו ליי (מל</ManufacturerName>
      <ManufactureCountry>ישראל</ManufactureCountry>
      <ManufacturerItemDescription>עלית</ManufacturerItemDescription>
      <UnitQty>גרמים</UnitQty>
      <Quantity>200.00</Quantity>
      <UnitOfMeasure>100 גרם</UnitOfMeasure>
      <bIsWeighted>0</bIsWeighted>
      <QtyInPackage>לא ידוע</QtyInPackage>
      <ItemPrice>11.90</ItemPrice>
      <UnitOfMeasurePrice>0.0595</UnitOfMeasurePrice>
      <AllowDiscount>1</AllowDiscount>
      <ItemStatus>1</ItemStatus>
      <ItemId>47438</ItemId>
    </Item>
    <Item>
      <PriceUpdateDate>2024-02-18 07:17:31</PriceUpdateDate>
      <ItemCode>7290008752244</ItemCode>
      <ItemType>1</ItemType>
      <ItemName>תפוציפס אקסטרא</ItemName>
      <ManufacturerName>שטראוס פריטו ליי (מל</ManufacturerName>
      <ManufactureCountry>ישראל</ManufactureCountry>
      <ManufacturerItemDescription>עלית</ManufacturerItemDescription>
      <UnitQty>גרמים</UnitQty>
      <Quantity>50.00</Quantity>
      <UnitOfMeasure>100 גרם</UnitOfMeasure>
      <bIsWeighted>0</bIsWeighted>
      <QtyInPackage>לא ידוע</QtyInPackage>
      <ItemPrice>4.80</ItemPrice>
      <UnitOfMeasurePrice>0.0960</UnitOfMeasurePrice>
      <AllowDiscount>1</AllowDiscount>
      <ItemStatus>1</ItemStatus>
      <ItemId>47439</ItemId>
    </Item>
    <Item>
      <PriceUpdateDate>2024-02-18 07:17:31</PriceUpdateDate>
      <ItemCode>7290008753111</ItemCode>
      <ItemType>1</ItemType>
      <ItemName>תפוציפס מקסיקני</ItemName>
      <ManufacturerName>שטראוס פריטו ליי (מל</ManufacturerName>
      <ManufactureCountry>ישראל</ManufactureCountry>
      <ManufacturerItemDescription>עלית</ManufacturerItemDescription>
      <UnitQty>גרמים</UnitQty>
      <Quantity>50.00</Quantity>
      <UnitOfMeasure>100 גרם</UnitOfMeasure>
      <bIsWeighted>0</bIsWeighted>
      <QtyInPackage>לא ידוע</QtyInPackage>
      <ItemPrice>4.80</ItemPrice>
      <UnitOfMeasurePrice>0.0960</UnitOfMeasurePrice>
      <AllowDiscount>1</AllowDiscount>
      <ItemStatus>1</ItemStatus>
      <ItemId>47440</ItemId>
    </Item>
    <Item>
      <PriceUpdateDate>2025-01-01 21:30:13</PriceUpdateDate>
      <ItemCode>7290010118328</ItemCode>
      <ItemType>1</ItemType>
      <ItemName>מארז תפוציפס שישיה 6</ItemName>
      <ManufacturerName>שטראוס פריטו ליי (מל</ManufacturerName>
      <ManufactureCountry>ישראל</ManufactureCountry>
      <ManufacturerItemDescription>תפוציפס</ManufacturerItemDescription>
      <UnitQty>גרמים</UnitQty>
      <Quantity>240.00</Quantity>
      <UnitOfMeasure>100 גרם</UnitOfMeasure>
      <bIsWeighted>0</bIsWeighted>
      <QtyInPackage>לא ידוע</QtyInPackage>
      <ItemPrice>14.60</ItemPrice>
      <UnitOfMeasurePrice>0.0608</UnitOfMeasurePrice>
      <AllowDiscount>1</AllowDiscount>
      <ItemStatus>1</ItemStatus>
      <ItemId>47444</ItemId>
    </Item>
    <Item>
      <PriceUpdateDate>2024-03-19 14:21:36</PriceUpdateDate>
      <ItemCode>7290100850916</ItemCode>
      <ItemType>1</ItemType>
      <ItemName>דוריטוס חמוץ חריף 70</ItemName>
      <ManufacturerName>שטראוס פריטו ליי (מל</ManufacturerName>
      <ManufactureCountry>ישראל</ManufactureCountry>
      <ManufacturerItemDescription>עלית</ManufacturerItemDescription>
      <UnitQty>גרמים</UnitQty>
      <Quantity>70.00</Quantity>
      <UnitOfMeasure>100 גרם</UnitOfMeasure>
      <bIsWeighted>0</bIsWeighted>
      <QtyInPackage>לא ידוע</QtyInPackage>
      <ItemPrice>5.20</ItemPrice>
      <UnitOfMeasurePrice>0.0743</UnitOfMeasurePrice>
      <AllowDiscount>1</AllowDiscount>
      <ItemStatus>1</ItemStatus>
      <ItemId>47447</ItemId>
    </Item>
    <Item>
      <PriceUpdateDate>2024-03-19 14:21:36</PriceUpdateDate>
      <ItemCode>7290100850923</ItemCode>
      <ItemType>1</ItemType>
      <ItemName>דוריטוס גריל 70 גרם</ItemName>
      <ManufacturerName>שטראוס פריטו ליי (מל</ManufacturerName>
      <ManufactureCountry>ישראל</ManufactureCountry>
      <ManufacturerItemDescription>עלית</ManufacturerItemDescription>
      <UnitQty>גרמים</UnitQty>
      <Quantity>70.00</Quantity>
      <UnitOfMeasure>100 גרם</UnitOfMeasure>
      <bIsWeighted>0</bIsWeighted>
      <QtyInPackage>לא ידוע</QtyInPackage>
      <ItemPrice>5.20</ItemPrice>
      <UnitOfMeasurePrice>0.0743</UnitOfMeasurePrice>
      <AllowDiscount>1</AllowDiscount>
      <ItemStatus>1</ItemStatus>
      <ItemId>47448</ItemId>
    </Item>
    <Item>
      <PriceUpdateDate>2024-03-19 14:21:36</PriceUpdateDate>
      <ItemCode>7290100850930</ItemCode>
      <ItemType>1</ItemType>
      <ItemName>דוריטוס טבעי 70 גרם</ItemName>
      <ManufacturerName>שטראוס פריטו ליי (מל</ManufacturerName>
      <ManufactureCountry>ישראל</ManufactureCountry>
      <ManufacturerItemDescription>עלית</ManufacturerItemDescription>
      <UnitQty>גרמים</UnitQty>
      <Quantity>70.00</Quantity>
      <UnitOfMeasure>100 גרם</UnitOfMeasure>
      <bIsWeighted>0</bIsWeighted>
      <QtyInPackage>לא ידוע</QtyInPackage>
      <ItemPrice>5.20</ItemPrice>
      <UnitOfMeasurePrice>0.0743</UnitOfMeasurePrice>
      <AllowDiscount>1</AllowDiscount>
      <ItemStatus>1</ItemStatus>
      <ItemId>47449</ItemId>
    </Item>
    <Item>
      <PriceUpdateDate>2025-11-05 22:46:52</PriceUpdateDate>
      <ItemCode>7290102030330</ItemCode>
      <ItemType>1</ItemType>
      <ItemName>תפוציפס מקסיקני 200</ItemName>
      <ManufacturerName>שטראוס פריטו ליי (מל</ManufacturerName>
      <ManufactureCountry>ישראל</ManufactureCountry>
      <ManufacturerItemDescription>עלית</ManufacturerItemDescription>
      <UnitQty>גרמים</UnitQty>
      <Quantity>200.00</Quantity>
      <UnitOfMeasure>100 גרם</UnitOfMeasure>
      <bIsWeighted>0</bIsWeighted>
      <QtyInPackage>לא ידוע</QtyInPackage>
      <ItemPrice>11.90</ItemPrice>
      <UnitOfMeasurePrice>0.0595</UnitOfMeasurePrice>
      <AllowDiscount>1</AllowDiscount>
      <ItemStatus>1</ItemStatus>
      <ItemId>47464</ItemId>
    </Item>
    <Item>
      <PriceUpdateDate>2025-11-05 22:46:52</PriceUpdateDate>
      <ItemCode>7290104722530</ItemCode>
      <ItemType>1</ItemType>
      <ItemName>תפוציפס 200-180 גרם</ItemName>
      <ManufacturerName>שטראוס פריטו ליי (מל</ManufacturerName>
      <ManufactureCountry>ישראל</ManufactureCountry>
      <ManufacturerItemDescription>עלית</ManufacturerItemDescription>
      <UnitQty>גרמים</UnitQty>
      <Quantity>200.00</Quantity>
      <UnitOfMeasure>100 גרם</UnitOfMeasure>
      <bIsWeighted>0</bIsWeighted>
      <QtyInPackage>לא ידוע</QtyInPackage>
      <ItemPrice>11.90</ItemPrice>
      <UnitOfMeasurePrice>0.0595</UnitOfMeasurePrice>
      <AllowDiscount>1</AllowDiscount>
      <ItemStatus>1</ItemStatus>
      <ItemId>47469</ItemId>
    </Item>
    <Item>
      <PriceUpdateDate>2024-02-18 07:17:31</PriceUpdateDate>
      <ItemCode>7290106524439</ItemCode>
      <ItemType>1</ItemType>
      <ItemName>תפוציפס פופס 60 גרם</ItemName>
      <ManufacturerName>שטראוס פריטו ליי (מל</ManufacturerName>
      <ManufactureCountry>ישראל</ManufactureCountry>
      <ManufacturerItemDescription>עלית</ManufacturerItemDescription>
      <UnitQty>גרמים</UnitQty>
      <Quantity>60.00</Quantity>
      <UnitOfMeasure>100 גרם</UnitOfMeasure>
      <bIsWeighted>0</bIsWeighted>
      <QtyInPackage>לא ידוע</QtyInPackage>
      <ItemPrice>4.80</ItemPrice>
      <UnitOfMeasurePrice>0.0800</UnitOfMeasurePrice>
      <AllowDiscount>1</AllowDiscount>
      <ItemStatus>1</ItemStatus>
      <ItemId>47478</ItemId>
    </Item>
    <Item>
      <PriceUpdateDate>2025-12-15 08:56:39</PriceUpdateDate>
      <ItemCode>7290106528628</ItemCode>
      <ItemType>1</ItemType>
      <ItemName>דוריטוס טבעי 185 גרם</ItemName>
      <ManufacturerName>שטראוס פריטו ליי (מל</ManufacturerName>
      <ManufactureCountry>ישראל</ManufactureCountry>
      <ManufacturerItemDescription>עלית</ManufacturerItemDescription>
      <UnitQty>גרמים</UnitQty>
      <Quantity>185.00</Quantity>
      <UnitOfMeasure>100 גרם</UnitOfMeasure>
      <bIsWeighted>0</bIsWeighted>
      <QtyInPackage>לא ידוע</QtyInPackage>
      <ItemPrice>9.90</ItemPrice>
      <UnitOfMeasurePrice>0.0535</UnitOfMeasurePrice>
      <AllowDiscount>1</AllowDiscount>
      <ItemStatus>1</ItemStatus>
      <ItemId>47481</ItemId>
    </Item>
    <Item>
      <PriceUpdateDate>2025-12-15 08:56:39</PriceUpdateDate>
      <ItemCode>7290106667266</ItemCode>
      <ItemType>1</ItemType>
      <ItemName>דוריטוס חמוץ חריף  1</ItemName>
      <ManufacturerName>שטראוס פריטו ליי (מל</ManufacturerName>
      <ManufactureCountry>ישראל</ManufactureCountry>
      <ManufacturerItemDescription>עלית</ManufacturerItemDescription>
      <UnitQty>גרמים</UnitQty>
      <Quantity>185.00</Quantity>
      <UnitOfMeasure>100 גרם</UnitOfMeasure>
      <bIsWeighted>0</bIsWeighted>
      <QtyInPackage>לא ידוע</QtyInPackage>
      <ItemPrice>9.90</ItemPrice>
      <UnitOfMeasurePrice>0.0535</UnitOfMeasurePrice>
      <AllowDiscount>1</AllowDiscount>
      <ItemStatus>1</ItemStatus>
      <ItemId>47507</ItemId>
    </Item>
    <Item>
      <PriceUpdateDate>2025-12-15 08:56:39</PriceUpdateDate>
      <ItemCode>7290106720626</ItemCode>
      <ItemType>1</ItemType>
      <ItemName>ציטוס גבינה 80 גר</ItemName>
      <ManufacturerName>שטראוס פריטו ליי (מל</ManufacturerName>
      <ManufactureCountry>ישראל</ManufactureCountry>
      <ManufacturerItemDescription>עלית</ManufacturerItemDescription>
      <UnitQty>גרמים</UnitQty>
      <Quantity>80.00</Quantity>
      <UnitOfMeasure>100 גרם</UnitOfMeasure>
      <bIsWeighted>0</bIsWeighted>
      <QtyInPackage>לא ידוע</QtyInPackage>
      <ItemPrice>5.90</ItemPrice>
      <UnitOfMeasurePrice>0.0738</UnitOfMeasurePrice>
      <AllowDiscount>1</AllowDiscount>
      <ItemStatus>1</ItemStatus>
      <ItemId>47510</ItemId>
    </Item>
    <Item>
      <PriceUpdateDate>2025-12-15 08:56:40</PriceUpdateDate>
      <ItemCode>7290110553623</ItemCode>
      <ItemType>1</ItemType>
      <ItemName>ציטוס קראנץ צ'דר חלפ</ItemName>
      <ManufacturerName>שטראוס פריטו ליי (מל</ManufacturerName>
      <ManufactureCountry>ישראל</ManufactureCountry>
      <ManufacturerItemDescription>עלית</ManufacturerItemDescription>
      <UnitQty>גרמים</UnitQty>
      <Quantity>80.00</Quantity>
      <UnitOfMeasure>100 גרם</UnitOfMeasure>
      <bIsWeighted>0</bIsWeighted>
      <QtyInPackage>לא ידוע</QtyInPackage>
      <ItemPrice>5.90</ItemPrice>
      <UnitOfMeasurePrice>0.0738</UnitOfMeasurePrice>
      <AllowDiscount>1</AllowDiscount>
      <ItemStatus>1</ItemStatus>
      <ItemId>47551</ItemId>
    </Item>
    <Item>
      <PriceUpdateDate>2025-12-15 08:56:40</PriceUpdateDate>
      <ItemCode>7290112343499</ItemCode>
      <ItemType>1</ItemType>
      <ItemName>ציטוס פאף 55 גרם</ItemName>
      <ManufacturerName>שטראוס פריטו ליי (מל</ManufacturerName>
      <ManufactureCountry>ישראל</ManufactureCountry>
      <ManufacturerItemDescription>עלית</ManufacturerItemDescription>
      <UnitQty>גרמים</UnitQty>
      <Quantity>55.00</Quantity>
      <UnitOfMeasure>100 גרם</UnitOfMeasure>
      <bIsWeighted>0</bIsWeighted>
      <QtyInPackage>לא ידוע</QtyInPackage>
      <ItemPrice>4.50</ItemPrice>
      <UnitOfMeasurePrice>0.0818</UnitOfMeasurePrice>
      <AllowDiscount>1</AllowDiscount>
      <ItemStatus>1</ItemStatus>
      <ItemId>47589</ItemId>
    </Item>
    <Item>
      <PriceUpdateDate>2024-07-23 19:46:05</PriceUpdateDate>
      <ItemCode>745314261234</ItemCode>
      <ItemType>1</ItemType>
      <ItemName>מיקס פירות יער 500 ג</ItemName>
      <ManufacturerName>עבודי פירות קפואים ב</ManufacturerName>
      <ManufactureCountry>פולין</ManufactureCountry>
      <ManufacturerItemDescription>מיקס פירות יער 500 ג</ManufacturerItemDescription>
      <UnitQty>גרמים</UnitQty>
      <Quantity>500.00</Quantity>
      <UnitOfMeasure>100 גרם</UnitOfMeasure>
      <bIsWeighted>0</bIsWeighted>
      <QtyInPackage>לא ידוע</QtyInPackage>
      <ItemPrice>17.90</ItemPrice>
      <UnitOfMeasurePrice>0.0358</UnitOfMeasurePrice>
      <AllowDiscount>1</AllowDiscount>
      <ItemStatus>1</ItemStatus>
      <ItemId>96196</ItemId>
    </Item>
    <Item>
      <PriceUpdateDate>2024-02-27 22:30:48</PriceUpdateDate>
      <ItemCode>7290115679960</ItemCode>
      <ItemType>1</ItemType>
      <ItemName>ציטוס פופקורן טבעי 6</ItemName>
      <ManufacturerName>שטראוס פריטו ליי (מל</ManufacturerName>
      <ManufactureCountry>ישראל</ManufactureCountry>
      <ManufacturerItemDescription>עלית</ManufacturerItemDescription>
      <UnitQty>גרמים</UnitQty>
      <Quantity>60.00</Quantity>
      <UnitOfMeasure>100 גרם</UnitOfMeasure>
      <bIsWeighted>0</bIsWeighted>
      <QtyInPackage>לא ידוע</QtyInPackage>
      <ItemPrice>4.90</ItemPrice>
      <UnitOfMeasurePrice>0.0817</UnitOfMeasurePrice>
      <AllowDiscount>1</AllowDiscount>
      <ItemStatus>1</ItemStatus>
      <ItemId>47628</ItemId>
    </Item>
    <Item>
      <PriceUpdateDate>2025-05-07 17:29:21</PriceUpdateDate>
      <ItemCode>7622202265648</ItemCode>
      <ItemType>1</ItemType>
      <ItemName>מילקה שוקולד לבן 90</ItemName>
      <ManufacturerName>מונדלייז</ManufacturerName>
      <ManufactureCountry>גרמניה</ManufactureCountry>
      <ManufacturerItemDescription>מילקה</ManufacturerItemDescription>
      <UnitQty>גרמים</UnitQty>
      <Quantity>90.00</Quantity>
      <UnitOfMeasure>100 גרם</UnitOfMeasure>
      <bIsWeighted>0</bIsWeighted>
      <QtyInPackage>לא ידוע</QtyInPackage>
      <ItemPrice>10.90</ItemPrice>
      <UnitOfMeasurePrice>0.1211</UnitOfMeasurePrice>
      <AllowDiscount>1</AllowDiscount>
      <ItemStatus>1</ItemStatus>
      <ItemId>110251</ItemId>
    </Item>
    <Item>
      <PriceUpdateDate>2025-04-21 12:46:39</PriceUpdateDate>
      <ItemCode>7290000089188</ItemCode>
      <ItemType>1</ItemType>
      <ItemName>פומפדיתא יין אדום מת</ItemName>
      <ManufacturerName>אליעז בנימינה</ManufacturerName>
      <ManufactureCountry>ישראל</ManufactureCountry>
      <ManufacturerItemDescription>בנימינה</ManufacturerItemDescription>
      <UnitQty>ליטרים</UnitQty>
      <Quantity>1.00</Quantity>
      <UnitOfMeasure>ליטר    </UnitOfMeasure>
      <bIsWeighted>0</bIsWeighted>
      <QtyInPackage>לא ידוע</QtyInPackage>
      <ItemPrice>20.90</ItemPrice>
      <UnitOfMeasurePrice>20.9000</UnitOfMeasurePrice>
      <AllowDiscount>1</AllowDiscount>
      <ItemStatus>1</ItemStatus>
      <ItemId>47717</ItemId>
    </Item>
    <Item>
      <PriceUpdateDate>2025-01-01 21:30:02</PriceUpdateDate>
      <ItemCode>11210000094</ItemCode>
      <ItemType>1</ItemType>
      <ItemName>רוטב טבסקו 60 מ"ל</ItemName>
      <ManufacturerName>מקאילהייני קו</ManufacturerName>
      <ManufactureCountry>ארצות הברית</ManufactureCountry>
      <ManufacturerItemDescription>טבסקו</ManufacturerItemDescription>
      <UnitQty>מיליליטרים</UnitQty>
      <Quantity>60.00</Quantity>
      <UnitOfMeasure>100 מ"ל</UnitOfMeasure>
      <bIsWeighted>0</bIsWeighted>
      <QtyInPackage>לא ידוע</QtyInPackage>
      <ItemPrice>12.00</ItemPrice>
      <UnitOfMeasurePrice>0.2000</UnitOfMeasurePrice>
      <AllowDiscount>1</AllowDiscount>
      <ItemStatus>1</ItemStatus>
      <ItemId>47915</ItemId>
    </Item>
    <Item>
      <PriceUpdateDate>2025-01-13 15:05:02</PriceUpdateDate>
      <ItemCode>7290002057062</ItemCode>
      <ItemType>1</ItemType>
      <ItemName>זיתים ירוקים  בינוני</ItemName>
      <ManufacturerName>קבוצת יבנה</ManufacturerName>
      <ManufactureCountry>ישראל</ManufactureCountry>
      <ManufacturerItemDescription>קבוצת יבנה</ManufacturerItemDescription>
      <UnitQty>גרמים</UnitQty>
      <Quantity>560.00</Quantity>
      <UnitOfMeasure>100 גרם</UnitOfMeasure>
      <bIsWeighted>0</bIsWeighted>
      <QtyInPackage>לא ידוע</QtyInPackage>
      <ItemPrice>9.90</ItemPrice>
      <UnitOfMeasurePrice>0.0177</UnitOfMeasurePrice>
      <AllowDiscount>1</AllowDiscount>
      <ItemStatus>1</ItemStatus>
      <ItemId>48036</ItemId>
    </Item>
    <Item>
      <PriceUpdateDate>2025-06-23 17:03:10</PriceUpdateDate>
      <ItemCode>7290000474540</ItemCode>
      <ItemType>1</ItemType>
      <ItemName>טוב טעם 3% 250 גרם ב</ItemName>
      <ManufacturerName>טרה</ManufacturerName>
      <ManufactureCountry>ישראל</ManufactureCountry>
      <ManufacturerItemDescription>גבינות טרה</ManufacturerItemDescription>
      <UnitQty>גרמים</UnitQty>
      <Quantity>250.00</Quantity>
      <UnitOfMeasure>100 גרם</UnitOfMeasure>
      <bIsWeighted>0</bIsWeighted>
      <QtyInPackage>לא ידוע</QtyInPackage>
      <ItemPrice>14.20</ItemPrice>
      <UnitOfMeasurePrice>0.0568</UnitOfMeasurePrice>
      <AllowDiscount>1</AllowDiscount>
      <ItemStatus>1</ItemStatus>
      <ItemId>48209</ItemId>
    </Item>
    <Item>
      <PriceUpdateDate>2025-06-25 11:33:07</PriceUpdateDate>
      <ItemCode>7290119377480</ItemCode>
      <ItemType>1</ItemType>
      <ItemName>דנונה פרו קראנצ' במת</ItemName>
      <ManufacturerName>שטראוס</ManufacturerName>
      <ManufactureCountry>ישראל</ManufactureCountry>
      <ManufacturerItemDescription>דנונה פרו קראנצ' במת</ManufacturerItemDescription>
      <UnitQty>גרמים</UnitQty>
      <Quantity>178.00</Quantity>
      <UnitOfMeasure>100 גרם</UnitOfMeasure>
      <bIsWeighted>0</bIsWeighted>
      <QtyInPackage>לא ידוע</QtyInPackage>
      <ItemPrice>7.30</ItemPrice>
      <UnitOfMeasurePrice>0.0410</UnitOfMeasurePrice>
      <AllowDiscount>1</AllowDiscount>
      <ItemStatus>1</ItemStatus>
      <ItemId>95963</ItemId>
    </Item>
    <Item>
      <PriceUpdateDate>2025-06-23 17:03:10</PriceUpdateDate>
      <ItemCode>7290002107491</ItemCode>
      <ItemType>1</ItemType>
      <ItemName>גבינת עיזים למריחה 5</ItemName>
      <ManufacturerName>מחלבת משק צוריאל</ManufacturerName>
      <ManufactureCountry>ישראל</ManufactureCountry>
      <ManufacturerItemDescription>משק צוריאל</ManufacturerItemDescription>
      <UnitQty>גרמים</UnitQty>
      <Quantity>250.00</Quantity>
      <UnitOfMeasure>100 גרם</UnitOfMeasure>
      <bIsWeighted>0</bIsWeighted>
      <QtyInPackage>לא ידוע</QtyInPackage>
      <ItemPrice>19.90</ItemPrice>
      <UnitOfMeasurePrice>0.0796</UnitOfMeasurePrice>
      <AllowDiscount>1</AllowDiscount>
      <ItemStatus>1</ItemStatus>
      <ItemId>48235</ItemId>
    </Item>
    <Item>
      <PriceUpdateDate>2025-06-23 17:03:10</PriceUpdateDate>
      <ItemCode>7290002107965</ItemCode>
      <ItemType>1</ItemType>
      <ItemName>טבורוג - גבינה לאפיי</ItemName>
      <ManufacturerName>מחלבת משק צוריאל</ManufacturerName>
      <ManufactureCountry>ישראל</ManufactureCountry>
      <ManufacturerItemDescription>משק צוריאל</ManufacturerItemDescription>
      <UnitQty>גרמים</UnitQty>
      <Quantity>500.00</Quantity>
      <UnitOfMeasure>100 גרם</UnitOfMeasure>
      <bIsWeighted>0</bIsWeighted>
      <QtyInPackage>לא ידוע</QtyInPackage>
      <ItemPrice>30.90</ItemPrice>
      <UnitOfMeasurePrice>0.0618</UnitOfMeasurePrice>
      <AllowDiscount>1</AllowDiscount>
      <ItemStatus>1</ItemStatus>
      <ItemId>48238</ItemId>
    </Item>
    <Item>
      <PriceUpdateDate>2025-06-23 17:03:10</PriceUpdateDate>
      <ItemCode>7290002868996</ItemCode>
      <ItemType>1</ItemType>
      <ItemName>קוטג' 5% 250 גרם נעם</ItemName>
      <ManufacturerName>טרה</ManufacturerName>
      <ManufactureCountry>ישראל</ManufactureCountry>
      <ManufacturerItemDescription>טרה</ManufacturerItemDescription>
      <UnitQty>גרמים</UnitQty>
      <Quantity>250.00</Quantity>
      <UnitOfMeasure>100 גרם</UnitOfMeasure>
      <bIsWeighted>0</bIsWeighted>
      <QtyInPackage>לא ידוע</QtyInPackage>
      <ItemPrice>6.70</ItemPrice>
      <UnitOfMeasurePrice>0.0268</UnitOfMeasurePrice>
      <AllowDiscount>1</AllowDiscount>
      <ItemStatus>1</ItemStatus>
      <ItemId>48239</ItemId>
    </Item>
    <Item>
      <PriceUpdateDate>2025-07-01 13:49:30</PriceUpdateDate>
      <ItemCode>7290003009640</ItemCode>
      <ItemType>1</ItemType>
      <ItemName>סחוט תפוז 1 ליטר</ItemName>
      <ManufacturerName>פריגת מצוננים</ManufacturerName>
      <ManufactureCountry>ישראל</ManufactureCountry>
      <ManufacturerItemDescription>סחוט טבעי</ManufacturerItemDescription>
      <UnitQty>ליטרים</UnitQty>
      <Quantity>1.00</Quantity>
      <UnitOfMeasure>ליטר    </UnitOfMeasure>
      <bIsWeighted>0</bIsWeighted>
      <QtyInPackage>לא ידוע</QtyInPackage>
      <ItemPrice>18.50</ItemPrice>
      <UnitOfMeasurePrice>18.5000</UnitOfMeasurePrice>
      <AllowDiscount>1</AllowDiscount>
      <ItemStatus>1</ItemStatus>
      <ItemId>48240</ItemId>
    </Item>
    <Item>
      <PriceUpdateDate>2023-02-19 13:01:11</PriceUpdateDate>
      <ItemCode>7290000092263</ItemCode>
      <ItemType>1</ItemType>
      <ItemName>חמוציות ברכז תפוחים</ItemName>
      <ManufacturerName>לא ידוע</ManufacturerName>
      <ManufactureCountry>לא ידוע</ManufactureCountry>
      <ManufacturerItemDescription>חמוציות ברכז תפוחים</ManufacturerItemDescription>
      <UnitQty>קילוגרמים</UnitQty>
      <Quantity>1.00</Quantity>
      <UnitOfMeasure>ק"ג</UnitOfMeasure>
      <bIsWeighted>1</bIsWeighted>
      <QtyInPackage>לא ידוע</QtyInPackage>
      <ItemPrice>59.00</ItemPrice>
      <UnitOfMeasurePrice>59.0000</UnitOfMeasurePrice>
      <AllowDiscount>1</AllowDiscount>
      <ItemStatus>1</ItemStatus>
      <ItemId>69562</ItemId>
    </Item>
    <Item>
      <PriceUpdateDate>2025-06-16 14:19:18</PriceUpdateDate>
      <ItemCode>7290013153418</ItemCode>
      <ItemType>1</ItemType>
      <ItemName>סחוט לימונענע 1 ליטר</ItemName>
      <ManufacturerName>פריגת מצוננים</ManufacturerName>
      <ManufactureCountry>ישראל</ManufactureCountry>
      <ManufacturerItemDescription>סחוט טבעי</ManufacturerItemDescription>
      <UnitQty>ליטרים</UnitQty>
      <Quantity>1.00</Quantity>
      <UnitOfMeasure>ליטר    </UnitOfMeasure>
      <bIsWeighted>0</bIsWeighted>
      <QtyInPackage>לא ידוע</QtyInPackage>
      <ItemPrice>18.90</ItemPrice>
      <UnitOfMeasurePrice>18.9000</UnitOfMeasurePrice>
      <AllowDiscount>1</AllowDiscount>
      <ItemStatus>1</ItemStatus>
      <ItemId>48265</ItemId>
    </Item>
    <Item>
      <PriceUpdateDate>2025-06-23 17:03:10</PriceUpdateDate>
      <ItemCode>7290102390427</ItemCode>
      <ItemType>1</ItemType>
      <ItemName>Muller Froop תות 150</ItemName>
      <ManufacturerName>לא ידוע</ManufacturerName>
      <ManufactureCountry>לא ידוע</ManufactureCountry>
      <ManufacturerItemDescription>Muller Froop תות 150</ManufacturerItemDescription>
      <UnitQty>גרמים</UnitQty>
      <Quantity>150.00</Quantity>
      <UnitOfMeasure>100 גרם</UnitOfMeasure>
      <bIsWeighted>0</bIsWeighted>
      <QtyInPackage>לא ידוע</QtyInPackage>
      <ItemPrice>6.20</ItemPrice>
      <UnitOfMeasurePrice>0.0413</UnitOfMeasurePrice>
      <AllowDiscount>1</AllowDiscount>
      <ItemStatus>1</ItemStatus>
      <ItemId>48282</ItemId>
    </Item>
    <Item>
      <PriceUpdateDate>2025-06-23 17:03:10</PriceUpdateDate>
      <ItemCode>7290102390465</ItemCode>
      <ItemType>1</ItemType>
      <ItemName>Muller Froop אפרסק פ</ItemName>
      <ManufacturerName>טרה</ManufacturerName>
      <ManufactureCountry>ישראל</ManufactureCountry>
      <ManufacturerItemDescription>MULLER</ManufacturerItemDescription>
      <UnitQty>גרמים</UnitQty>
      <Quantity>150.00</Quantity>
      <UnitOfMeasure>100 גרם</UnitOfMeasure>
      <bIsWeighted>0</bIsWeighted>
      <QtyInPackage>לא ידוע</QtyInPackage>
      <ItemPrice>6.20</ItemPrice>
      <UnitOfMeasurePrice>0.0413</UnitOfMeasurePrice>
      <AllowDiscount>1</AllowDiscount>
      <ItemStatus>1</ItemStatus>
      <ItemId>48283</ItemId>
    </Item>
    <Item>
      <PriceUpdateDate>2025-06-23 17:03:10</PriceUpdateDate>
      <ItemCode>7290102390489</ItemCode>
      <ItemType>1</ItemType>
      <ItemName>Muller Froop לימון 1</ItemName>
      <ManufacturerName>טרה</ManufacturerName>
      <ManufactureCountry>ישראל</ManufactureCountry>
      <ManufacturerItemDescription>MULLER</ManufacturerItemDescription>
      <UnitQty>גרמים</UnitQty>
      <Quantity>150.00</Quantity>
      <UnitOfMeasure>100 גרם</UnitOfMeasure>
      <bIsWeighted>0</bIsWeighted>
      <QtyInPackage>לא ידוע</QtyInPackage>
      <ItemPrice>6.20</ItemPrice>
      <UnitOfMeasurePrice>0.0413</UnitOfMeasurePrice>
      <AllowDiscount>1</AllowDiscount>
      <ItemStatus>1</ItemStatus>
      <ItemId>48284</ItemId>
    </Item>
    <Item>
      <PriceUpdateDate>2025-06-23 17:03:10</PriceUpdateDate>
      <ItemCode>7290102391844</ItemCode>
      <ItemType>1</ItemType>
      <ItemName>Muller Froop פירות י</ItemName>
      <ManufacturerName>טרה</ManufacturerName>
      <ManufactureCountry>ישראל</ManufactureCountry>
      <ManufacturerItemDescription>MULLER</ManufacturerItemDescription>
      <UnitQty>גרמים</UnitQty>
      <Quantity>150.00</Quantity>
      <UnitOfMeasure>100 גרם</UnitOfMeasure>
      <bIsWeighted>0</bIsWeighted>
      <QtyInPackage>לא ידוע</QtyInPackage>
      <ItemPrice>6.20</ItemPrice>
      <UnitOfMeasurePrice>0.0413</UnitOfMeasurePrice>
      <AllowDiscount>1</AllowDiscount>
      <ItemStatus>1</ItemStatus>
      <ItemId>48287</ItemId>
    </Item>
    <Item>
      <PriceUpdateDate>2025-06-23 17:03:10</PriceUpdateDate>
      <ItemCode>7290102393060</ItemCode>
      <ItemType>1</ItemType>
      <ItemName>Muller mix גליליות ק</ItemName>
      <ManufacturerName>טרה</ManufacturerName>
      <ManufactureCountry>ישראל</ManufactureCountry>
      <ManufacturerItemDescription>MULLER</ManufacturerItemDescription>
      <UnitQty>גרמים</UnitQty>
      <Quantity>170.00</Quantity>
      <UnitOfMeasure>100 גרם</UnitOfMeasure>
      <bIsWeighted>0</bIsWeighted>
      <QtyInPackage>לא ידוע</QtyInPackage>
      <ItemPrice>7.00</ItemPrice>
      <UnitOfMeasurePrice>0.0412</UnitOfMeasurePrice>
      <AllowDiscount>1</AllowDiscount>
      <ItemStatus>1</ItemStatus>
      <ItemId>48295</ItemId>
    </Item>
    <Item>
      <PriceUpdateDate>2025-06-23 17:03:10</PriceUpdateDate>
      <ItemCode>7290102393299</ItemCode>
      <ItemType>1</ItemType>
      <ItemName>יוגורט עיזים לשתייה</ItemName>
      <ManufacturerName>מחלבת משק צוריאל</ManufacturerName>
      <ManufactureCountry>ישראל</ManufactureCountry>
      <ManufacturerItemDescription>משק צוריאל</ManufacturerItemDescription>
      <UnitQty>גרמים</UnitQty>
      <Quantity>500.00</Quantity>
      <UnitOfMeasure>100 גרם</UnitOfMeasure>
      <bIsWeighted>0</bIsWeighted>
      <QtyInPackage>לא ידוע</QtyInPackage>
      <ItemPrice>16.50</ItemPrice>
      <UnitOfMeasurePrice>0.0330</UnitOfMeasurePrice>
      <AllowDiscount>1</AllowDiscount>
      <ItemStatus>1</ItemStatus>
      <ItemId>48301</ItemId>
    </Item>
    <Item>
      <PriceUpdateDate>2025-12-18 17:06:07</PriceUpdateDate>
      <ItemCode>7290102393718</ItemCode>
      <ItemType>1</ItemType>
      <ItemName>חלומי בקר 200 גרם</ItemName>
      <ManufacturerName>מחלבת משק צוריאל</ManufacturerName>
      <ManufactureCountry>ישראל</ManufactureCountry>
      <ManufacturerItemDescription>משק צוריאל</ManufacturerItemDescription>
      <UnitQty>גרמים</UnitQty>
      <Quantity>200.00</Quantity>
      <UnitOfMeasure>100 גרם</UnitOfMeasure>
      <bIsWeighted>0</bIsWeighted>
      <QtyInPackage>לא ידוע</QtyInPackage>
      <ItemPrice>24.90</ItemPrice>
      <UnitOfMeasurePrice>0.1245</UnitOfMeasurePrice>
      <AllowDiscount>1</AllowDiscount>
      <ItemStatus>1</ItemStatus>
      <ItemId>48302</ItemId>
    </Item>
    <Item>
      <PriceUpdateDate>2025-02-26 17:29:45</PriceUpdateDate>
      <ItemCode>7290117035139</ItemCode>
      <ItemType>1</ItemType>
      <ItemName>ניילון נצמד זוג יוחנ</ItemName>
      <ManufacturerName>לא ידוע</ManufacturerName>
      <ManufactureCountry>סין</ManufactureCountry>
      <ManufacturerItemDescription>ניילון נצמד זוג יוחנ</ManufacturerItemDescription>
      <UnitQty>מטרים</UnitQty>
      <Quantity>60.00</Quantity>
      <UnitOfMeasure>מטר</UnitOfMeasure>
      <bIsWeighted>0</bIsWeighted>
      <QtyInPackage>לא ידוע</QtyInPackage>
      <ItemPrice>7.90</ItemPrice>
      <UnitOfMeasurePrice>0.1317</UnitOfMeasurePrice>
      <AllowDiscount>1</AllowDiscount>
      <ItemStatus>1</ItemStatus>
      <ItemId>108723</ItemId>
    </Item>
    <Item>
      <PriceUpdateDate>2025-06-23 17:03:10</PriceUpdateDate>
      <ItemCode>7290102393947</ItemCode>
      <ItemType>1</ItemType>
      <ItemName>קיווי Muller Simply</ItemName>
      <ManufacturerName>טרה</ManufacturerName>
      <ManufactureCountry>ישראל</ManufactureCountry>
      <ManufacturerItemDescription>MULLER</ManufacturerItemDescription>
      <UnitQty>גרמים</UnitQty>
      <Quantity>150.00</Quantity>
      <UnitOfMeasure>100 גרם</UnitOfMeasure>
      <bIsWeighted>0</bIsWeighted>
      <QtyInPackage>לא ידוע</QtyInPackage>
      <ItemPrice>6.20</ItemPrice>
      <UnitOfMeasurePrice>0.0413</UnitOfMeasurePrice>
      <AllowDiscount>1</AllowDiscount>
      <ItemStatus>1</ItemStatus>
      <ItemId>48305</ItemId>
    </Item>
    <Item>
      <PriceUpdateDate>2025-06-23 17:03:10</PriceUpdateDate>
      <ItemCode>7290102394821</ItemCode>
      <ItemType>1</ItemType>
      <ItemName>גבנצ 28% דק דק 200 ג</ItemName>
      <ManufacturerName>טרה</ManufacturerName>
      <ManufactureCountry>ישראל</ManufactureCountry>
      <ManufacturerItemDescription>טרה</ManufacturerItemDescription>
      <UnitQty>גרמים</UnitQty>
      <Quantity>200.00</Quantity>
      <UnitOfMeasure>100 גרם</UnitOfMeasure>
      <bIsWeighted>0</bIsWeighted>
      <QtyInPackage>לא ידוע</QtyInPackage>
      <ItemPrice>20.90</ItemPrice>
      <UnitOfMeasurePrice>0.1045</UnitOfMeasurePrice>
      <AllowDiscount>1</AllowDiscount>
      <ItemStatus>1</ItemStatus>
      <ItemId>48311</ItemId>
    </Item>
    <Item>
      <PriceUpdateDate>2025-06-23 17:03:10</PriceUpdateDate>
      <ItemCode>7290102394845</ItemCode>
      <ItemType>1</ItemType>
      <ItemName>גבנצ 9% דק דק 200 ג'</ItemName>
      <ManufacturerName>טרה</ManufacturerName>
      <ManufactureCountry>ישראל</ManufactureCountry>
      <ManufacturerItemDescription>טרה</ManufacturerItemDescription>
      <UnitQty>גרמים</UnitQty>
      <Quantity>200.00</Quantity>
      <UnitOfMeasure>100 גרם</UnitOfMeasure>
      <bIsWeighted>0</bIsWeighted>
      <QtyInPackage>לא ידוע</QtyInPackage>
      <ItemPrice>20.90</ItemPrice>
      <UnitOfMeasurePrice>0.1045</UnitOfMeasurePrice>
      <AllowDiscount>1</AllowDiscount>
      <ItemStatus>1</ItemStatus>
      <ItemId>48312</ItemId>
    </Item>
    <Item>
      <PriceUpdateDate>2023-11-13 14:45:58</PriceUpdateDate>
      <ItemCode>7290019229971</ItemCode>
      <ItemType>1</ItemType>
      <ItemName>מרכך כביסה מרוכז יוח</ItemName>
      <ManufacturerName>לא ידוע</ManufacturerName>
      <ManufactureCountry>לא ידוע</ManufactureCountry>
      <ManufacturerItemDescription>מרכך כביסה מרוכז יוח</ManufacturerItemDescription>
      <UnitQty>ליטרים</UnitQty>
      <Quantity>1.00</Quantity>
      <UnitOfMeasure>ליטר    </UnitOfMeasure>
      <bIsWeighted>0</bIsWeighted>
      <QtyInPackage>לא ידוע</QtyInPackage>
      <ItemPrice>8.90</ItemPrice>
      <UnitOfMeasurePrice>8.9000</UnitOfMeasurePrice>
      <AllowDiscount>1</AllowDiscount>
      <ItemStatus>1</ItemStatus>
      <ItemId>79336</ItemId>
    </Item>
    <Item>
      <PriceUpdateDate>2025-06-23 17:03:10</PriceUpdateDate>
      <ItemCode>7290102396665</ItemCode>
      <ItemType>1</ItemType>
      <ItemName>גבנצ 15% דק דק 200 ג</ItemName>
      <ManufacturerName>טרה</ManufacturerName>
      <ManufactureCountry>ישראל</ManufactureCountry>
      <ManufacturerItemDescription>טרה</ManufacturerItemDescription>
      <UnitQty>גרמים</UnitQty>
      <Quantity>200.00</Quantity>
      <UnitOfMeasure>100 גרם</UnitOfMeasure>
      <bIsWeighted>0</bIsWeighted>
      <QtyInPackage>לא ידוע</QtyInPackage>
      <ItemPrice>20.90</ItemPrice>
      <UnitOfMeasurePrice>0.1045</UnitOfMeasurePrice>
      <AllowDiscount>1</AllowDiscount>
      <ItemStatus>1</ItemStatus>
      <ItemId>48357</ItemId>
    </Item>
    <Item>
      <PriceUpdateDate>2025-06-23 17:03:10</PriceUpdateDate>
      <ItemCode>7290102397204</ItemCode>
      <ItemType>1</ItemType>
      <ItemName>גבנצ 22% דק דק 200 ג</ItemName>
      <ManufacturerName>טרה</ManufacturerName>
      <ManufactureCountry>ישראל</ManufactureCountry>
      <ManufacturerItemDescription>טרה</ManufacturerItemDescription>
      <UnitQty>גרמים</UnitQty>
      <Quantity>200.00</Quantity>
      <UnitOfMeasure>100 גרם</UnitOfMeasure>
      <bIsWeighted>0</bIsWeighted>
      <QtyInPackage>לא ידוע</QtyInPackage>
      <ItemPrice>20.90</ItemPrice>
      <UnitOfMeasurePrice>0.1045</UnitOfMeasurePrice>
      <AllowDiscount>1</AllowDiscount>
      <ItemStatus>1</ItemStatus>
      <ItemId>48383</ItemId>
    </Item>
    <Item>
      <PriceUpdateDate>2025-07-15 16:52:53</PriceUpdateDate>
      <ItemCode>8000380215706</ItemCode>
      <ItemType>1</ItemType>
      <ItemName>לואקר מקסי שוקולד פר</ItemName>
      <ManufacturerName>לואקר</ManufacturerName>
      <ManufactureCountry>אוסטריה</ManufactureCountry>
      <ManufacturerItemDescription>לואקר מקסי שוקולד פר</ManufacturerItemDescription>
      <UnitQty>גרמים</UnitQty>
      <Quantity>200.00</Quantity>
      <UnitOfMeasure>100 גרם</UnitOfMeasure>
      <bIsWeighted>0</bIsWeighted>
      <QtyInPackage>לא ידוע</QtyInPackage>
      <ItemPrice>18.90</ItemPrice>
      <UnitOfMeasurePrice>0.0945</UnitOfMeasurePrice>
      <AllowDiscount>1</AllowDiscount>
      <ItemStatus>1</ItemStatus>
      <ItemId>102548</ItemId>
    </Item>
    <Item>
      <PriceUpdateDate>2024-07-04 10:40:07</PriceUpdateDate>
      <ItemCode>5413149798854</ItemCode>
      <ItemType>1</ItemType>
      <ItemName>פיירי נוזל כלים 650</ItemName>
      <ManufacturerName>פרוקטר אנד גמבל</ManufacturerName>
      <ManufactureCountry>תורכיה</ManufactureCountry>
      <ManufacturerItemDescription>פיירי</ManufacturerItemDescription>
      <UnitQty>מיליליטרים</UnitQty>
      <Quantity>650.00</Quantity>
      <UnitOfMeasure>100 מ"ל</UnitOfMeasure>
      <bIsWeighted>0</bIsWeighted>
      <QtyInPackage>לא ידוע</QtyInPackage>
      <ItemPrice>8.90</ItemPrice>
      <UnitOfMeasurePrice>0.0137</UnitOfMeasurePrice>
      <AllowDiscount>1</AllowDiscount>
      <ItemStatus>1</ItemStatus>
      <ItemId>94725</ItemId>
    </Item>
    <Item>
      <PriceUpdateDate>2025-05-11 15:09:18</PriceUpdateDate>
      <ItemCode>7290102398065</ItemCode>
      <ItemType>1</ItemType>
      <ItemName>חלב בקרטון 3% 2 ליטר</ItemName>
      <ManufacturerName>טרה</ManufacturerName>
      <ManufactureCountry>ישראל</ManufactureCountry>
      <ManufacturerItemDescription>טרה</ManufacturerItemDescription>
      <UnitQty>ליטרים</UnitQty>
      <Quantity>2.00</Quantity>
      <UnitOfMeasure>ליטר    </UnitOfMeasure>
      <bIsWeighted>0</bIsWeighted>
      <QtyInPackage>לא ידוע</QtyInPackage>
      <ItemPrice>14.56</ItemPrice>
      <UnitOfMeasurePrice>7.2800</UnitOfMeasurePrice>
      <AllowDiscount>1</AllowDiscount>
      <ItemStatus>1</ItemStatus>
      <ItemId>48430</ItemId>
    </Item>
    <Item>
      <PriceUpdateDate>2025-01-05 16:22:14</PriceUpdateDate>
      <ItemCode>7290117382899</ItemCode>
      <ItemType>1</ItemType>
      <ItemName>מאסטר שף עגבניות מיו</ItemName>
      <ManufacturerName>סימנס אלמנטרי ס.ו.ל</ManufacturerName>
      <ManufactureCountry>איטליה</ManufactureCountry>
      <ManufacturerItemDescription>מאסטר שף עגבניות מיו</ManufacturerItemDescription>
      <UnitQty>גרמים</UnitQty>
      <Quantity>190.00</Quantity>
      <UnitOfMeasure>100 גרם</UnitOfMeasure>
      <bIsWeighted>0</bIsWeighted>
      <QtyInPackage>לא ידוע</QtyInPackage>
      <ItemPrice>17.90</ItemPrice>
      <UnitOfMeasurePrice>0.0942</UnitOfMeasurePrice>
      <AllowDiscount>1</AllowDiscount>
      <ItemStatus>1</ItemStatus>
      <ItemId>77321</ItemId>
    </Item>
    <Item>
      <PriceUpdateDate>2025-02-02 13:31:57</PriceUpdateDate>
      <ItemCode>5063270101766</ItemCode>
      <ItemType>1</ItemType>
      <ItemName>ליפטון פירמידה תה יר</ItemName>
      <ManufacturerName>ליפטון</ManufacturerName>
      <ManufactureCountry>פולין</ManufactureCountry>
      <ManufacturerItemDescription>ליפטון פירמידה תה יר</ManufacturerItemDescription>
      <UnitQty>גרמים</UnitQty>
      <Quantity>32.00</Quantity>
      <UnitOfMeasure>100 גרם</UnitOfMeasure>
      <bIsWeighted>0</bIsWeighted>
      <QtyInPackage>לא ידוע</QtyInPackage>
      <ItemPrice>19.90</ItemPrice>
      <UnitOfMeasurePrice>0.6219</UnitOfMeasurePrice>
      <AllowDiscount>1</AllowDiscount>
      <ItemStatus>1</ItemStatus>
      <ItemId>104615</ItemId>
    </Item>
    <Item>
      <PriceUpdateDate>2023-03-15 15:35:44</PriceUpdateDate>
      <ItemCode>7290019462002</ItemCode>
      <ItemType>1</ItemType>
      <ItemName>בזיליקום 180 גרם</ItemName>
      <ManufacturerName>לא ידוע</ManufacturerName>
      <ManufactureCountry>לא ידוע</ManufactureCountry>
      <ManufacturerItemDescription>בזיליקום 180 גרם</ManufacturerItemDescription>
      <UnitQty>גרמים</UnitQty>
      <Quantity>180.00</Quantity>
      <UnitOfMeasure>100 גרם</UnitOfMeasure>
      <bIsWeighted>0</bIsWeighted>
      <QtyInPackage>לא ידוע</QtyInPackage>
      <ItemPrice>7.90</ItemPrice>
      <UnitOfMeasurePrice>0.0439</UnitOfMeasurePrice>
      <AllowDiscount>1</AllowDiscount>
      <ItemStatus>1</ItemStatus>
      <ItemId>73255</ItemId>
    </Item>
    <Item>
      <PriceUpdateDate>2025-06-23 17:03:11</PriceUpdateDate>
      <ItemCode>7290102399819</ItemCode>
      <ItemType>1</ItemType>
      <ItemName>פרוטאין פירות יער 1.</ItemName>
      <ManufacturerName>מילקו</ManufacturerName>
      <ManufactureCountry>ישראל</ManufactureCountry>
      <ManufacturerItemDescription>מולר</ManufacturerItemDescription>
      <UnitQty>גרמים</UnitQty>
      <Quantity>20.00</Quantity>
      <UnitOfMeasure>100 גרם</UnitOfMeasure>
      <bIsWeighted>0</bIsWeighted>
      <QtyInPackage>לא ידוע</QtyInPackage>
      <ItemPrice>7.20</ItemPrice>
      <UnitOfMeasurePrice>0.3600</UnitOfMeasurePrice>
      <AllowDiscount>1</AllowDiscount>
      <ItemStatus>1</ItemStatus>
      <ItemId>48550</ItemId>
    </Item>
    <Item>
      <PriceUpdateDate>2025-09-01 13:04:28</PriceUpdateDate>
      <ItemCode>7290116932781</ItemCode>
      <ItemType>1</ItemType>
      <ItemName>משקה יוגורט גו בטעם</ItemName>
      <ManufacturerName>תנובה</ManufacturerName>
      <ManufactureCountry>ישראל</ManufactureCountry>
      <ManufacturerItemDescription>משקה יוגורט גו בטעם</ManufacturerItemDescription>
      <UnitQty>מיליליטרים</UnitQty>
      <Quantity>500.00</Quantity>
      <UnitOfMeasure>100 מ"ל</UnitOfMeasure>
      <bIsWeighted>0</bIsWeighted>
      <QtyInPackage>לא ידוע</QtyInPackage>
      <ItemPrice>13.60</ItemPrice>
      <UnitOfMeasurePrice>0.0272</UnitOfMeasurePrice>
      <AllowDiscount>1</AllowDiscount>
      <ItemStatus>1</ItemStatus>
      <ItemId>80125</ItemId>
    </Item>
    <Item>
      <PriceUpdateDate>2025-07-01 13:49:30</PriceUpdateDate>
      <ItemCode>7290110114893</ItemCode>
      <ItemType>1</ItemType>
      <ItemName>סחוט תפוז 2 ליטר</ItemName>
      <ManufacturerName>פריגת מצוננים</ManufacturerName>
      <ManufactureCountry>ישראל</ManufactureCountry>
      <ManufacturerItemDescription>סחוט טבעי</ManufacturerItemDescription>
      <UnitQty>ליטרים</UnitQty>
      <Quantity>2.00</Quantity>
      <UnitOfMeasure>ליטר    </UnitOfMeasure>
      <bIsWeighted>0</bIsWeighted>
      <QtyInPackage>לא ידוע</QtyInPackage>
      <ItemPrice>31.90</ItemPrice>
      <UnitOfMeasurePrice>15.9500</UnitOfMeasurePrice>
      <AllowDiscount>1</AllowDiscount>
      <ItemStatus>1</ItemStatus>
      <ItemId>48591</ItemId>
    </Item>
    <Item>
      <PriceUpdateDate>2025-06-23 17:03:11</PriceUpdateDate>
      <ItemCode>7290114310239</ItemCode>
      <ItemType>1</ItemType>
      <ItemName>חלב נטול לקטוז מועשר</ItemName>
      <ManufacturerName>מילקו</ManufacturerName>
      <ManufactureCountry>ישראל</ManufactureCountry>
      <ManufacturerItemDescription>טרה</ManufacturerItemDescription>
      <UnitQty>ליטרים</UnitQty>
      <Quantity>1.50</Quantity>
      <UnitOfMeasure>ליטר    </UnitOfMeasure>
      <bIsWeighted>0</bIsWeighted>
      <QtyInPackage>לא ידוע</QtyInPackage>
      <ItemPrice>14.80</ItemPrice>
      <UnitOfMeasurePrice>9.8667</UnitOfMeasurePrice>
      <AllowDiscount>1</AllowDiscount>
      <ItemStatus>1</ItemStatus>
      <ItemId>48615</ItemId>
    </Item>
    <Item>
      <PriceUpdateDate>2025-06-23 17:03:11</PriceUpdateDate>
      <ItemCode>7290114310406</ItemCode>
      <ItemType>1</ItemType>
      <ItemName>מולר פרופ קציפת יוגו</ItemName>
      <ManufacturerName>מילקו</ManufacturerName>
      <ManufactureCountry>ישראל</ManufactureCountry>
      <ManufacturerItemDescription>מולר פרופ קציפת יוגו</ManufacturerItemDescription>
      <UnitQty>גרמים</UnitQty>
      <Quantity>95.00</Quantity>
      <UnitOfMeasure>100 גרם</UnitOfMeasure>
      <bIsWeighted>0</bIsWeighted>
      <QtyInPackage>לא ידוע</QtyInPackage>
      <ItemPrice>5.70</ItemPrice>
      <UnitOfMeasurePrice>0.0600</UnitOfMeasurePrice>
      <AllowDiscount>1</AllowDiscount>
      <ItemStatus>1</ItemStatus>
      <ItemId>48629</ItemId>
    </Item>
    <Item>
      <PriceUpdateDate>2025-01-01 21:29:27</PriceUpdateDate>
      <ItemCode>7290114310536</ItemCode>
      <ItemType>1</ItemType>
      <ItemName>פרוטאין וניל 0% שומן</ItemName>
      <ManufacturerName>מילקו</ManufacturerName>
      <ManufactureCountry>ישראל</ManufactureCountry>
      <ManufacturerItemDescription>מולר</ManufacturerItemDescription>
      <UnitQty>מיליליטרים</UnitQty>
      <Quantity>200.00</Quantity>
      <UnitOfMeasure>100 מ"ל</UnitOfMeasure>
      <bIsWeighted>0</bIsWeighted>
      <QtyInPackage>לא ידוע</QtyInPackage>
      <ItemPrice>7.00</ItemPrice>
      <UnitOfMeasurePrice>0.0350</UnitOfMeasurePrice>
      <AllowDiscount>1</AllowDiscount>
      <ItemStatus>1</ItemStatus>
      <ItemId>48636</ItemId>
    </Item>
    <Item>
      <PriceUpdateDate>2025-01-02 15:57:02</PriceUpdateDate>
      <ItemCode>7290109580937</ItemCode>
      <ItemType>1</ItemType>
      <ItemName>המבורגר מן הצומח 665</ItemName>
      <ManufacturerName>זוגלובק</ManufacturerName>
      <ManufactureCountry>ישראל</ManufactureCountry>
      <ManufacturerItemDescription>המבורגר מן הצומח 665</ManufacturerItemDescription>
      <UnitQty>גרמים</UnitQty>
      <Quantity>665.00</Quantity>
      <UnitOfMeasure>100 גרם</UnitOfMeasure>
      <bIsWeighted>0</bIsWeighted>
      <QtyInPackage>לא ידוע</QtyInPackage>
      <ItemPrice>40.20</ItemPrice>
      <UnitOfMeasurePrice>0.0605</UnitOfMeasurePrice>
      <AllowDiscount>1</AllowDiscount>
      <ItemStatus>1</ItemStatus>
      <ItemId>82731</ItemId>
    </Item>
    <Item>
      <PriceUpdateDate>2025-06-23 17:03:11</PriceUpdateDate>
      <ItemCode>7290114311328</ItemCode>
      <ItemType>1</ItemType>
      <ItemName>חלב 1 ליטר נטול לקטו</ItemName>
      <ManufacturerName>טרה</ManufacturerName>
      <ManufactureCountry>ישראל</ManufactureCountry>
      <ManufacturerItemDescription>חלב טרה</ManufacturerItemDescription>
      <UnitQty>ליטרים</UnitQty>
      <Quantity>1.00</Quantity>
      <UnitOfMeasure>ליטר    </UnitOfMeasure>
      <bIsWeighted>0</bIsWeighted>
      <QtyInPackage>לא ידוע</QtyInPackage>
      <ItemPrice>8.90</ItemPrice>
      <UnitOfMeasurePrice>8.9000</UnitOfMeasurePrice>
      <AllowDiscount>1</AllowDiscount>
      <ItemStatus>1</ItemStatus>
      <ItemId>48695</ItemId>
    </Item>
    <Item>
      <PriceUpdateDate>2025-06-25 11:38:34</PriceUpdateDate>
      <ItemCode>7290001045688</ItemCode>
      <ItemType>1</ItemType>
      <ItemName>מיץ תפוזים סחוט 400</ItemName>
      <ManufacturerName>פרימור</ManufacturerName>
      <ManufactureCountry>ישראל</ManufactureCountry>
      <ManufacturerItemDescription>מיץ תפוזים סחוט 400</ManufacturerItemDescription>
      <UnitQty>מיליליטרים</UnitQty>
      <Quantity>400.00</Quantity>
      <UnitOfMeasure>100 מ"ל</UnitOfMeasure>
      <bIsWeighted>0</bIsWeighted>
      <QtyInPackage>לא ידוע</QtyInPackage>
      <ItemPrice>15.20</ItemPrice>
      <UnitOfMeasurePrice>0.0380</UnitOfMeasurePrice>
      <AllowDiscount>1</AllowDiscount>
      <ItemStatus>1</ItemStatus>
      <ItemId>48706</ItemId>
    </Item>
    <Item>
      <PriceUpdateDate>2023-04-18 09:53:38</PriceUpdateDate>
      <ItemCode>7290008644235</ItemCode>
      <ItemType>1</ItemType>
      <ItemName>סלט עלי בייבי</ItemName>
      <ManufacturerName>שטראוס גרופ</ManufacturerName>
      <ManufactureCountry>ישראל</ManufactureCountry>
      <ManufacturerItemDescription>שטראוס</ManufacturerItemDescription>
      <UnitQty>גרמים</UnitQty>
      <Quantity>120.00</Quantity>
      <UnitOfMeasure>100 גרם</UnitOfMeasure>
      <bIsWeighted>0</bIsWeighted>
      <QtyInPackage>לא ידוע</QtyInPackage>
      <ItemPrice>10.90</ItemPrice>
      <UnitOfMeasurePrice>0.0908</UnitOfMeasurePrice>
      <AllowDiscount>1</AllowDiscount>
      <ItemStatus>1</ItemStatus>
      <ItemId>48708</ItemId>
    </Item>
    <Item>
      <PriceUpdateDate>2025-01-02 08:49:39</PriceUpdateDate>
      <ItemCode>5411188096108</ItemCode>
      <ItemType>1</ItemType>
      <ItemName>אלפרו סויה לבישול 25</ItemName>
      <ManufacturerName>ALPRO</ManufacturerName>
      <ManufactureCountry>בלגיה</ManufactureCountry>
      <ManufacturerItemDescription>אלפרו</ManufacturerItemDescription>
      <UnitQty>מיליליטרים</UnitQty>
      <Quantity>250.00</Quantity>
      <UnitOfMeasure>100 מ"ל</UnitOfMeasure>
      <bIsWeighted>0</bIsWeighted>
      <QtyInPackage>לא ידוע</QtyInPackage>
      <ItemPrice>11.00</ItemPrice>
      <UnitOfMeasurePrice>0.0440</UnitOfMeasurePrice>
      <AllowDiscount>1</AllowDiscount>
      <ItemStatus>1</ItemStatus>
      <ItemId>48719</ItemId>
    </Item>
    <Item>
      <PriceUpdateDate>2025-01-01 21:29:10</PriceUpdateDate>
      <ItemCode>5711953106583</ItemCode>
      <ItemType>1</ItemType>
      <ItemName>ארלה גבינת שמנת טבעי</ItemName>
      <ManufacturerName>ארלה</ManufacturerName>
      <ManufactureCountry>דנמרק</ManufactureCountry>
      <ManufacturerItemDescription>ארלה</ManufacturerItemDescription>
      <UnitQty>גרמים</UnitQty>
      <Quantity>200.00</Quantity>
      <UnitOfMeasure>100 גרם</UnitOfMeasure>
      <bIsWeighted>0</bIsWeighted>
      <QtyInPackage>לא ידוע</QtyInPackage>
      <ItemPrice>16.80</ItemPrice>
      <UnitOfMeasurePrice>0.0840</UnitOfMeasurePrice>
      <AllowDiscount>1</AllowDiscount>
      <ItemStatus>1</ItemStatus>
      <ItemId>48735</ItemId>
    </Item>
    <Item>
      <PriceUpdateDate>2025-01-26 11:34:09</PriceUpdateDate>
      <ItemCode>7290019997252</ItemCode>
      <ItemType>1</ItemType>
      <ItemName>מלפפונים במלח 18-25</ItemName>
      <ManufacturerName>בית השיטה עסיס תעשיו</ManufacturerName>
      <ManufactureCountry>ישראל</ManufactureCountry>
      <ManufacturerItemDescription>מלפפונים במלח 18-25</ManufacturerItemDescription>
      <UnitQty>גרמים</UnitQty>
      <Quantity>560.00</Quantity>
      <UnitOfMeasure>100 גרם</UnitOfMeasure>
      <bIsWeighted>0</bIsWeighted>
      <QtyInPackage>לא ידוע</QtyInPackage>
      <ItemPrice>11.90</ItemPrice>
      <UnitOfMeasurePrice>0.0213</UnitOfMeasurePrice>
      <AllowDiscount>1</AllowDiscount>
      <ItemStatus>1</ItemStatus>
      <ItemId>103869</ItemId>
    </Item>
    <Item>
      <PriceUpdateDate>2025-06-25 11:33:05</PriceUpdateDate>
      <ItemCode>5740900403239</ItemCode>
      <ItemType>1</ItemType>
      <ItemName>ממרח לורפק בלי מלח 2</ItemName>
      <ManufacturerName>ארלה</ManufacturerName>
      <ManufactureCountry>דנמרק</ManufactureCountry>
      <ManufacturerItemDescription>ארלה</ManufacturerItemDescription>
      <UnitQty>גרמים</UnitQty>
      <Quantity>250.00</Quantity>
      <UnitOfMeasure>100 גרם</UnitOfMeasure>
      <bIsWeighted>0</bIsWeighted>
      <QtyInPackage>לא ידוע</QtyInPackage>
      <ItemPrice>18.30</ItemPrice>
      <UnitOfMeasurePrice>0.0732</UnitOfMeasurePrice>
      <AllowDiscount>1</AllowDiscount>
      <ItemStatus>1</ItemStatus>
      <ItemId>48743</ItemId>
    </Item>
    <Item>
      <PriceUpdateDate>2025-06-25 11:33:05</PriceUpdateDate>
      <ItemCode>5740900403260</ItemCode>
      <ItemType>1</ItemType>
      <ItemName>ממרח לורפק ללא מלח מ</ItemName>
      <ManufacturerName>ארלה</ManufacturerName>
      <ManufactureCountry>דנמרק</ManufactureCountry>
      <ManufacturerItemDescription>ארלה</ManufacturerItemDescription>
      <UnitQty>גרמים</UnitQty>
      <Quantity>250.00</Quantity>
      <UnitOfMeasure>100 גרם</UnitOfMeasure>
      <bIsWeighted>0</bIsWeighted>
      <QtyInPackage>לא ידוע</QtyInPackage>
      <ItemPrice>18.30</ItemPrice>
      <UnitOfMeasurePrice>0.0732</UnitOfMeasurePrice>
      <AllowDiscount>1</AllowDiscount>
      <ItemStatus>1</ItemStatus>
      <ItemId>48746</ItemId>
    </Item>
    <Item>
      <PriceUpdateDate>2024-12-30 13:14:53</PriceUpdateDate>
      <ItemCode>7290019635369</ItemCode>
      <ItemType>1</ItemType>
      <ItemName>גבינת שמנת  16%</ItemName>
      <ManufacturerName>מחלבות גד</ManufacturerName>
      <ManufactureCountry>ישראל</ManufactureCountry>
      <ManufacturerItemDescription>מחלבות גד</ManufacturerItemDescription>
      <UnitQty>גרמים</UnitQty>
      <Quantity>200.00</Quantity>
      <UnitOfMeasure>100 גרם</UnitOfMeasure>
      <bIsWeighted>0</bIsWeighted>
      <QtyInPackage>לא ידוע</QtyInPackage>
      <ItemPrice>15.90</ItemPrice>
      <UnitOfMeasurePrice>0.0795</UnitOfMeasurePrice>
      <AllowDiscount>1</AllowDiscount>
      <ItemStatus>1</ItemStatus>
      <ItemId>105748</ItemId>
    </Item>
    <Item>
      <PriceUpdateDate>2025-06-25 11:33:05</PriceUpdateDate>
      <ItemCode>7290000041858</ItemCode>
      <ItemType>1</ItemType>
      <ItemName>שמנת חמוצה 15% מועשר</ItemName>
      <ManufacturerName>שטראוס גרופ</ManufacturerName>
      <ManufactureCountry>ישראל</ManufactureCountry>
      <ManufacturerItemDescription>יטבתה</ManufacturerItemDescription>
      <UnitQty>מיליליטרים</UnitQty>
      <Quantity>200.00</Quantity>
      <UnitOfMeasure>100 מ"ל</UnitOfMeasure>
      <bIsWeighted>0</bIsWeighted>
      <QtyInPackage>לא ידוע</QtyInPackage>
      <ItemPrice>3.40</ItemPrice>
      <UnitOfMeasurePrice>0.0170</UnitOfMeasurePrice>
      <AllowDiscount>1</AllowDiscount>
      <ItemStatus>1</ItemStatus>
      <ItemId>48751</ItemId>
    </Item>
    <Item>
      <PriceUpdateDate>2025-06-25 11:33:05</PriceUpdateDate>
      <ItemCode>7290000408316</ItemCode>
      <ItemType>1</ItemType>
      <ItemName>דנונה ביו 3% 200 גרם</ItemName>
      <ManufacturerName>שטראוס גרופ</ManufacturerName>
      <ManufactureCountry>ישראל</ManufactureCountry>
      <ManufacturerItemDescription>שטראוס</ManufacturerItemDescription>
      <UnitQty>גרמים</UnitQty>
      <Quantity>200.00</Quantity>
      <UnitOfMeasure>100 גרם</UnitOfMeasure>
      <bIsWeighted>0</bIsWeighted>
      <QtyInPackage>לא ידוע</QtyInPackage>
      <ItemPrice>4.50</ItemPrice>
      <UnitOfMeasurePrice>0.0225</UnitOfMeasurePrice>
      <AllowDiscount>1</AllowDiscount>
      <ItemStatus>1</ItemStatus>
      <ItemId>48766</ItemId>
    </Item>
    <Item>
      <PriceUpdateDate>2025-06-25 11:33:05</PriceUpdateDate>
      <ItemCode>7290000408354</ItemCode>
      <ItemType>1</ItemType>
      <ItemName>בר דנונה פצפוצים</ItemName>
      <ManufacturerName>שטראוס גרופ</ManufacturerName>
      <ManufactureCountry>ישראל</ManufactureCountry>
      <ManufacturerItemDescription>שטראוס</ManufacturerItemDescription>
      <UnitQty>גרמים</UnitQty>
      <Quantity>175.00</Quantity>
      <UnitOfMeasure>100 גרם</UnitOfMeasure>
      <bIsWeighted>0</bIsWeighted>
      <QtyInPackage>לא ידוע</QtyInPackage>
      <ItemPrice>5.30</ItemPrice>
      <UnitOfMeasurePrice>0.0303</UnitOfMeasurePrice>
      <AllowDiscount>1</AllowDiscount>
      <ItemStatus>1</ItemStatus>
      <ItemId>48767</ItemId>
    </Item>
    <Item>
      <PriceUpdateDate>2025-01-02 08:49:40</PriceUpdateDate>
      <ItemCode>7290000453408</ItemCode>
      <ItemType>1</ItemType>
      <ItemName>בצק פיצה דק  מצונן ו</ItemName>
      <ManufacturerName>פאקא תעשיות בע"מ</ManufacturerName>
      <ManufactureCountry>צרפת</ManufactureCountry>
      <ManufacturerItemDescription>שמרית</ManufacturerItemDescription>
      <UnitQty>גרמים</UnitQty>
      <Quantity>415.00</Quantity>
      <UnitOfMeasure>100 גרם</UnitOfMeasure>
      <bIsWeighted>0</bIsWeighted>
      <QtyInPackage>לא ידוע</QtyInPackage>
      <ItemPrice>18.10</ItemPrice>
      <UnitOfMeasurePrice>0.0436</UnitOfMeasurePrice>
      <AllowDiscount>1</AllowDiscount>
      <ItemStatus>1</ItemStatus>
      <ItemId>48774</ItemId>
    </Item>
    <Item>
      <PriceUpdateDate>2025-05-25 15:16:26</PriceUpdateDate>
      <ItemCode>7290000453415</ItemCode>
      <ItemType>1</ItemType>
      <ItemName>בצק עלים מצונן ומוכן</ItemName>
      <ManufacturerName>פאקא תעשיות בע"מ</ManufacturerName>
      <ManufactureCountry>צרפת</ManufactureCountry>
      <ManufacturerItemDescription>שמרית</ManufacturerItemDescription>
      <UnitQty>גרמים</UnitQty>
      <Quantity>300.00</Quantity>
      <UnitOfMeasure>100 גרם</UnitOfMeasure>
      <bIsWeighted>0</bIsWeighted>
      <QtyInPackage>לא ידוע</QtyInPackage>
      <ItemPrice>18.10</ItemPrice>
      <UnitOfMeasurePrice>0.0603</UnitOfMeasurePrice>
      <AllowDiscount>1</AllowDiscount>
      <ItemStatus>1</ItemStatus>
      <ItemId>48775</ItemId>
    </Item>
    <Item>
      <PriceUpdateDate>2025-01-02 08:49:40</PriceUpdateDate>
      <ItemCode>7290000453422</ItemCode>
      <ItemType>1</ItemType>
      <ItemName>בצק פילו מוכן לאפייה</ItemName>
      <ManufacturerName>פאקא תעשיות בע"מ</ManufacturerName>
      <ManufactureCountry>צרפת</ManufactureCountry>
      <ManufacturerItemDescription>שמרית</ManufacturerItemDescription>
      <UnitQty>גרמים</UnitQty>
      <Quantity>300.00</Quantity>
      <UnitOfMeasure>100 גרם</UnitOfMeasure>
      <bIsWeighted>0</bIsWeighted>
      <QtyInPackage>לא ידוע</QtyInPackage>
      <ItemPrice>18.10</ItemPrice>
      <UnitOfMeasurePrice>0.0603</UnitOfMeasurePrice>
      <AllowDiscount>1</AllowDiscount>
      <ItemStatus>1</ItemStatus>
      <ItemId>48776</ItemId>
    </Item>
    <Item>
      <PriceUpdateDate>2025-06-25 11:38:34</PriceUpdateDate>
      <ItemCode>7290000525969</ItemCode>
      <ItemType>1</ItemType>
      <ItemName>מיץ תפוזים סחוט 1 לי</ItemName>
      <ManufacturerName>גניר (1992) בע"מ</ManufacturerName>
      <ManufactureCountry>ישראל</ManufactureCountry>
      <ManufacturerItemDescription>תוצרת מסחרית</ManufacturerItemDescription>
      <UnitQty>ליטרים</UnitQty>
      <Quantity>1.00</Quantity>
      <UnitOfMeasure>ליטר    </UnitOfMeasure>
      <bIsWeighted>0</bIsWeighted>
      <QtyInPackage>לא ידוע</QtyInPackage>
      <ItemPrice>22.90</ItemPrice>
      <UnitOfMeasurePrice>22.9000</UnitOfMeasurePrice>
      <AllowDiscount>1</AllowDiscount>
      <ItemStatus>1</ItemStatus>
      <ItemId>48796</ItemId>
    </Item>
    <Item>
      <PriceUpdateDate>2025-01-01 21:29:12</PriceUpdateDate>
      <ItemCode>7290001045657</ItemCode>
      <ItemType>1</ItemType>
      <ItemName>מיץ תפוחים צלול 400</ItemName>
      <ManufacturerName>פרימור</ManufacturerName>
      <ManufactureCountry>לא ידוע</ManufactureCountry>
      <ManufacturerItemDescription>מיץ תפוחים צלול 400</ManufacturerItemDescription>
      <UnitQty>מיליליטרים</UnitQty>
      <Quantity>400.00</Quantity>
      <UnitOfMeasure>100 מ"ל</UnitOfMeasure>
      <bIsWeighted>0</bIsWeighted>
      <QtyInPackage>לא ידוע</QtyInPackage>
      <ItemPrice>13.00</ItemPrice>
      <UnitOfMeasurePrice>0.0325</UnitOfMeasurePrice>
      <AllowDiscount>1</AllowDiscount>
      <ItemStatus>1</ItemStatus>
      <ItemId>48819</ItemId>
    </Item>
    <Item>
      <PriceUpdateDate>2025-06-25 11:33:05</PriceUpdateDate>
      <ItemCode>7290002824466</ItemCode>
      <ItemType>1</ItemType>
      <ItemName>דנונה ביו 0% 200 גרם</ItemName>
      <ManufacturerName>שטראוס גרופ</ManufacturerName>
      <ManufactureCountry>ישראל</ManufactureCountry>
      <ManufacturerItemDescription>שטראוס</ManufacturerItemDescription>
      <UnitQty>מיליליטרים</UnitQty>
      <Quantity>200.00</Quantity>
      <UnitOfMeasure>100 מ"ל</UnitOfMeasure>
      <bIsWeighted>0</bIsWeighted>
      <QtyInPackage>לא ידוע</QtyInPackage>
      <ItemPrice>4.50</ItemPrice>
      <UnitOfMeasurePrice>0.0225</UnitOfMeasurePrice>
      <AllowDiscount>1</AllowDiscount>
      <ItemStatus>1</ItemStatus>
      <ItemId>48822</ItemId>
    </Item>
    <Item>
      <PriceUpdateDate>2025-01-02 08:49:41</PriceUpdateDate>
      <ItemCode>7290002825722</ItemCode>
      <ItemType>1</ItemType>
      <ItemName>כרוב אדום 500 גרם</ItemName>
      <ManufacturerName>שטראוס גרופ</ManufacturerName>
      <ManufactureCountry>ישראל</ManufactureCountry>
      <ManufacturerItemDescription>שטראוס</ManufacturerItemDescription>
      <UnitQty>גרמים</UnitQty>
      <Quantity>500.00</Quantity>
      <UnitOfMeasure>100 גרם</UnitOfMeasure>
      <bIsWeighted>0</bIsWeighted>
      <QtyInPackage>לא ידוע</QtyInPackage>
      <ItemPrice>16.60</ItemPrice>
      <UnitOfMeasurePrice>0.0332</UnitOfMeasurePrice>
      <AllowDiscount>1</AllowDiscount>
      <ItemStatus>1</ItemStatus>
      <ItemId>48825</ItemId>
    </Item>
    <Item>
      <PriceUpdateDate>2025-06-25 11:33:05</PriceUpdateDate>
      <ItemCode>7290003029181</ItemCode>
      <ItemType>1</ItemType>
      <ItemName>שוקו 1 ליטר</ItemName>
      <ManufacturerName>שטראוס גרופ</ManufacturerName>
      <ManufactureCountry>ישראל</ManufactureCountry>
      <ManufacturerItemDescription>יטבתה</ManufacturerItemDescription>
      <UnitQty>ליטרים</UnitQty>
      <Quantity>1.00</Quantity>
      <UnitOfMeasure>ליטר    </UnitOfMeasure>
      <bIsWeighted>0</bIsWeighted>
      <QtyInPackage>לא ידוע</QtyInPackage>
      <ItemPrice>12.90</ItemPrice>
      <UnitOfMeasurePrice>12.9000</UnitOfMeasurePrice>
      <AllowDiscount>1</AllowDiscount>
      <ItemStatus>1</ItemStatus>
      <ItemId>48830</ItemId>
    </Item>
    <Item>
      <PriceUpdateDate>2022-09-20 12:47:48</PriceUpdateDate>
      <ItemCode>7290003029433</ItemCode>
      <ItemType>1</ItemType>
      <ItemName>שוקו פקק 250 מ"ל</ItemName>
      <ManufacturerName>שטראוס גרופ</ManufacturerName>
      <ManufactureCountry>ישראל</ManufactureCountry>
      <ManufacturerItemDescription>יטבתה</ManufacturerItemDescription>
      <UnitQty>מיליליטרים</UnitQty>
      <Quantity>250.00</Quantity>
      <UnitOfMeasure>100 מ"ל</UnitOfMeasure>
      <bIsWeighted>0</bIsWeighted>
      <QtyInPackage>לא ידוע</QtyInPackage>
      <ItemPrice>5.60</ItemPrice>
      <UnitOfMeasurePrice>0.0224</UnitOfMeasurePrice>
      <AllowDiscount>1</AllowDiscount>
      <ItemStatus>1</ItemStatus>
      <ItemId>48834</ItemId>
    </Item>
    <Item>
      <PriceUpdateDate>2025-01-02 08:49:42</PriceUpdateDate>
      <ItemCode>7290003726615</ItemCode>
      <ItemType>0</ItemType>
      <ItemName>טופו ויילר 300 גרם</ItemName>
      <ManufacturerName>משק ויילר</ManufacturerName>
      <ManufactureCountry>ישראל</ManufactureCountry>
      <ManufacturerItemDescription>משק ויילר</ManufacturerItemDescription>
      <UnitQty>גרמים</UnitQty>
      <Quantity>300.00</Quantity>
      <UnitOfMeasure>100 גרם</UnitOfMeasure>
      <bIsWeighted>0</bIsWeighted>
      <QtyInPackage>לא ידוע</QtyInPackage>
      <ItemPrice>14.00</ItemPrice>
      <UnitOfMeasurePrice>0.0467</UnitOfMeasurePrice>
      <AllowDiscount>1</AllowDiscount>
      <ItemStatus>1</ItemStatus>
      <ItemId>48844</ItemId>
    </Item>
    <Item>
      <PriceUpdateDate>2025-01-01 21:29:14</PriceUpdateDate>
      <ItemCode>7290004584351</ItemCode>
      <ItemType>1</ItemType>
      <ItemName>סימפוניה החמישית</ItemName>
      <ManufacturerName>שטראוס גרופ</ManufacturerName>
      <ManufactureCountry>ישראל</ManufactureCountry>
      <ManufacturerItemDescription>שטראוס</ManufacturerItemDescription>
      <UnitQty>גרמים</UnitQty>
      <Quantity>200.00</Quantity>
      <UnitOfMeasure>100 גרם</UnitOfMeasure>
      <bIsWeighted>0</bIsWeighted>
      <QtyInPackage>לא ידוע</QtyInPackage>
      <ItemPrice>12.00</ItemPrice>
      <UnitOfMeasurePrice>0.0600</UnitOfMeasurePrice>
      <AllowDiscount>1</AllowDiscount>
      <ItemStatus>1</ItemStatus>
      <ItemId>48854</ItemId>
    </Item>
    <Item>
      <PriceUpdateDate>2025-06-25 11:33:05</PriceUpdateDate>
      <ItemCode>7290004584528</ItemCode>
      <ItemType>1</ItemType>
      <ItemName>דנונה ביו 1.7% 200 ג</ItemName>
      <ManufacturerName>שטראוס גרופ</ManufacturerName>
      <ManufactureCountry>ישראל</ManufactureCountry>
      <ManufacturerItemDescription>שטראוס</ManufacturerItemDescription>
      <UnitQty>גרמים</UnitQty>
      <Quantity>200.00</Quantity>
      <UnitOfMeasure>100 גרם</UnitOfMeasure>
      <bIsWeighted>0</bIsWeighted>
      <QtyInPackage>לא ידוע</QtyInPackage>
      <ItemPrice>4.50</ItemPrice>
      <UnitOfMeasurePrice>0.0225</UnitOfMeasurePrice>
      <AllowDiscount>1</AllowDiscount>
      <ItemStatus>1</ItemStatus>
      <ItemId>48855</ItemId>
    </Item>
    <Item>
      <PriceUpdateDate>2024-02-29 14:23:44</PriceUpdateDate>
      <ItemCode>7290005174575</ItemCode>
      <ItemType>1</ItemType>
      <ItemName>טחינה 125 משובחת</ItemName>
      <ManufacturerName>שטראוס גרופ</ManufacturerName>
      <ManufactureCountry>ישראל</ManufactureCountry>
      <ManufacturerItemDescription>שטראוס</ManufacturerItemDescription>
      <UnitQty>גרמים</UnitQty>
      <Quantity>125.00</Quantity>
      <UnitOfMeasure>100 גרם</UnitOfMeasure>
      <bIsWeighted>0</bIsWeighted>
      <QtyInPackage>לא ידוע</QtyInPackage>
      <ItemPrice>5.30</ItemPrice>
      <UnitOfMeasurePrice>0.0424</UnitOfMeasurePrice>
      <AllowDiscount>1</AllowDiscount>
      <ItemStatus>1</ItemStatus>
      <ItemId>48860</ItemId>
    </Item>
    <Item>
      <PriceUpdateDate>2024-12-15 17:02:46</PriceUpdateDate>
      <ItemCode>7290005838002</ItemCode>
      <ItemType>1</ItemType>
      <ItemName>דניאלה וניל</ItemName>
      <ManufacturerName>שטראוס גרופ</ManufacturerName>
      <ManufactureCountry>ישראל</ManufactureCountry>
      <ManufacturerItemDescription>שטראוס</ManufacturerItemDescription>
      <UnitQty>מיליליטרים</UnitQty>
      <Quantity>150.00</Quantity>
      <UnitOfMeasure>100 מ"ל</UnitOfMeasure>
      <bIsWeighted>0</bIsWeighted>
      <QtyInPackage>לא ידוע</QtyInPackage>
      <ItemPrice>4.20</ItemPrice>
      <UnitOfMeasurePrice>0.0280</UnitOfMeasurePrice>
      <AllowDiscount>1</AllowDiscount>
      <ItemStatus>1</ItemStatus>
      <ItemId>48862</ItemId>
    </Item>
    <Item>
      <PriceUpdateDate>2025-06-25 11:33:05</PriceUpdateDate>
      <ItemCode>7290005839078</ItemCode>
      <ItemType>1</ItemType>
      <ItemName>מארז 8 חסכון - ביו 3</ItemName>
      <ManufacturerName>שטראוס גרופ</ManufacturerName>
      <ManufactureCountry>ישראל</ManufactureCountry>
      <ManufacturerItemDescription>שטראוס</ManufacturerItemDescription>
      <UnitQty>קילוגרמים</UnitQty>
      <Quantity>1.20</Quantity>
      <UnitOfMeasure>ק"ג     </UnitOfMeasure>
      <bIsWeighted>0</bIsWeighted>
      <QtyInPackage>לא ידוע</QtyInPackage>
      <ItemPrice>20.00</ItemPrice>
      <UnitOfMeasurePrice>16.6667</UnitOfMeasurePrice>
      <AllowDiscount>1</AllowDiscount>
      <ItemStatus>1</ItemStatus>
      <ItemId>48865</ItemId>
    </Item>
    <Item>
      <PriceUpdateDate>2025-01-01 21:29:14</PriceUpdateDate>
      <ItemCode>7290005839108</ItemCode>
      <ItemType>1</ItemType>
      <ItemName>סימפוניה 5% עם זתים</ItemName>
      <ManufacturerName>שטראוס גרופ</ManufacturerName>
      <ManufactureCountry>ישראל</ManufactureCountry>
      <ManufacturerItemDescription>שטראוס</ManufacturerItemDescription>
      <UnitQty>גרמים</UnitQty>
      <Quantity>200.00</Quantity>
      <UnitOfMeasure>100 גרם</UnitOfMeasure>
      <bIsWeighted>0</bIsWeighted>
      <QtyInPackage>לא ידוע</QtyInPackage>
      <ItemPrice>12.00</ItemPrice>
      <UnitOfMeasurePrice>0.0600</UnitOfMeasurePrice>
      <AllowDiscount>1</AllowDiscount>
      <ItemStatus>1</ItemStatus>
      <ItemId>48866</ItemId>
    </Item>
    <Item>
      <PriceUpdateDate>2024-02-29 14:23:44</PriceUpdateDate>
      <ItemCode>7290008644112</ItemCode>
      <ItemType>1</ItemType>
      <ItemName>מטבוחה יום יום 125 ג</ItemName>
      <ManufacturerName>שטראוס גרופ</ManufacturerName>
      <ManufactureCountry>לא ידוע</ManufactureCountry>
      <ManufacturerItemDescription>שטראוס</ManufacturerItemDescription>
      <UnitQty>יחידה   </UnitQty>
      <Quantity>0.00</Quantity>
      <UnitOfMeasure>יחידה   </UnitOfMeasure>
      <bIsWeighted>0</bIsWeighted>
      <QtyInPackage>לא ידוע</QtyInPackage>
      <ItemPrice>5.30</ItemPrice>
      <UnitOfMeasurePrice>0.0000</UnitOfMeasurePrice>
      <AllowDiscount>1</AllowDiscount>
      <ItemStatus>1</ItemStatus>
      <ItemId>48880</ItemId>
    </Item>
    <Item>
      <PriceUpdateDate>2024-12-15 17:02:46</PriceUpdateDate>
      <ItemCode>7290008693134</ItemCode>
      <ItemType>1</ItemType>
      <ItemName>דניאלה תות</ItemName>
      <ManufacturerName>שטראוס גרופ</ManufacturerName>
      <ManufactureCountry>ישראל</ManufactureCountry>
      <ManufacturerItemDescription>שטראוס</ManufacturerItemDescription>
      <UnitQty>גרמים</UnitQty>
      <Quantity>88.00</Quantity>
      <UnitOfMeasure>100 גרם</UnitOfMeasure>
      <bIsWeighted>0</bIsWeighted>
      <QtyInPackage>לא ידוע</QtyInPackage>
      <ItemPrice>4.20</ItemPrice>
      <UnitOfMeasurePrice>0.0477</UnitOfMeasurePrice>
      <AllowDiscount>1</AllowDiscount>
      <ItemStatus>1</ItemStatus>
      <ItemId>48884</ItemId>
    </Item>
    <Item>
      <PriceUpdateDate>2025-06-25 11:38:34</PriceUpdateDate>
      <ItemCode>7290010471669</ItemCode>
      <ItemType>1</ItemType>
      <ItemName>דנונה בר תות קורנפלק</ItemName>
      <ManufacturerName>שטראוס גרופ</ManufacturerName>
      <ManufactureCountry>ישראל</ManufactureCountry>
      <ManufacturerItemDescription>שטראוס</ManufacturerItemDescription>
      <UnitQty>גרמים</UnitQty>
      <Quantity>175.00</Quantity>
      <UnitOfMeasure>100 גרם</UnitOfMeasure>
      <bIsWeighted>0</bIsWeighted>
      <QtyInPackage>לא ידוע</QtyInPackage>
      <ItemPrice>5.30</ItemPrice>
      <UnitOfMeasurePrice>0.0303</UnitOfMeasurePrice>
      <AllowDiscount>1</AllowDiscount>
      <ItemStatus>1</ItemStatus>
      <ItemId>48885</ItemId>
    </Item>
    <Item>
      <PriceUpdateDate>2025-01-02 08:49:43</PriceUpdateDate>
      <ItemCode>7290010931330</ItemCode>
      <ItemType>1</ItemType>
      <ItemName>מטבוחה 500 גרם</ItemName>
      <ManufacturerName>שטראוס גרופ</ManufacturerName>
      <ManufactureCountry>ישראל</ManufactureCountry>
      <ManufacturerItemDescription>שטראוס</ManufacturerItemDescription>
      <UnitQty>גרמים</UnitQty>
      <Quantity>500.00</Quantity>
      <UnitOfMeasure>100 גרם</UnitOfMeasure>
      <bIsWeighted>0</bIsWeighted>
      <QtyInPackage>לא ידוע</QtyInPackage>
      <ItemPrice>17.00</ItemPrice>
      <UnitOfMeasurePrice>0.0340</UnitOfMeasurePrice>
      <AllowDiscount>1</AllowDiscount>
      <ItemStatus>1</ItemStatus>
      <ItemId>48890</ItemId>
    </Item>
    <Item>
      <PriceUpdateDate>2025-01-01 21:29:15</PriceUpdateDate>
      <ItemCode>7290011194246</ItemCode>
      <ItemType>1</ItemType>
      <ItemName>קוטג' 5% 250 גרם</ItemName>
      <ManufacturerName>שטראוס גרופ</ManufacturerName>
      <ManufactureCountry>ישראל</ManufactureCountry>
      <ManufacturerItemDescription>שטראוס</ManufacturerItemDescription>
      <UnitQty>גרמים</UnitQty>
      <Quantity>250.00</Quantity>
      <UnitOfMeasure>100 גרם</UnitOfMeasure>
      <bIsWeighted>0</bIsWeighted>
      <QtyInPackage>לא ידוע</QtyInPackage>
      <ItemPrice>6.70</ItemPrice>
      <UnitOfMeasurePrice>0.0268</UnitOfMeasurePrice>
      <AllowDiscount>1</AllowDiscount>
      <ItemStatus>1</ItemStatus>
      <ItemId>48892</ItemId>
    </Item>
    <Item>
      <PriceUpdateDate>2025-01-01 21:29:15</PriceUpdateDate>
      <ItemCode>7290011438142</ItemCode>
      <ItemType>1</ItemType>
      <ItemName>אייס קפה 350 מ"ל</ItemName>
      <ManufacturerName>שטראוס גרופ</ManufacturerName>
      <ManufactureCountry>ישראל</ManufactureCountry>
      <ManufacturerItemDescription>יטבתה</ManufacturerItemDescription>
      <UnitQty>מיליליטרים</UnitQty>
      <Quantity>350.00</Quantity>
      <UnitOfMeasure>100 מ"ל</UnitOfMeasure>
      <bIsWeighted>0</bIsWeighted>
      <QtyInPackage>לא ידוע</QtyInPackage>
      <ItemPrice>6.30</ItemPrice>
      <UnitOfMeasurePrice>0.0180</UnitOfMeasurePrice>
      <AllowDiscount>1</AllowDiscount>
      <ItemStatus>1</ItemStatus>
      <ItemId>48895</ItemId>
    </Item>
    <Item>
      <PriceUpdateDate>2025-06-19 16:26:34</PriceUpdateDate>
      <ItemCode>7290012645112</ItemCode>
      <ItemType>1</ItemType>
      <ItemName>יוגורט עיזים 750 מל</ItemName>
      <ManufacturerName>חלב הארץ</ManufacturerName>
      <ManufactureCountry>ישראל</ManufactureCountry>
      <ManufacturerItemDescription>חלב הארץ</ManufacturerItemDescription>
      <UnitQty>גרמים</UnitQty>
      <Quantity>750.00</Quantity>
      <UnitOfMeasure>100 גרם</UnitOfMeasure>
      <bIsWeighted>0</bIsWeighted>
      <QtyInPackage>לא ידוע</QtyInPackage>
      <ItemPrice>22.50</ItemPrice>
      <UnitOfMeasurePrice>0.0300</UnitOfMeasurePrice>
      <AllowDiscount>1</AllowDiscount>
      <ItemStatus>1</ItemStatus>
      <ItemId>48912</ItemId>
    </Item>
    <Item>
      <PriceUpdateDate>2025-06-19 16:26:34</PriceUpdateDate>
      <ItemCode>7290012645129</ItemCode>
      <ItemType>1</ItemType>
      <ItemName>יוגורט כבשים 750 מל</ItemName>
      <ManufacturerName>חלב הארץ</ManufacturerName>
      <ManufactureCountry>ישראל</ManufactureCountry>
      <ManufacturerItemDescription>חלב הארץ</ManufacturerItemDescription>
      <UnitQty>גרמים</UnitQty>
      <Quantity>750.00</Quantity>
      <UnitOfMeasure>100 גרם</UnitOfMeasure>
      <bIsWeighted>0</bIsWeighted>
      <QtyInPackage>לא ידוע</QtyInPackage>
      <ItemPrice>22.50</ItemPrice>
      <UnitOfMeasurePrice>0.0300</UnitOfMeasurePrice>
      <AllowDiscount>1</AllowDiscount>
      <ItemStatus>1</ItemStatus>
      <ItemId>48913</ItemId>
    </Item>
    <Item>
      <PriceUpdateDate>2025-04-22 16:47:39</PriceUpdateDate>
      <ItemCode>7290121160308</ItemCode>
      <ItemType>1</ItemType>
      <ItemName>פוף פופקורן בטעם חמא</ItemName>
      <ManufacturerName>נטאיס</ManufacturerName>
      <ManufactureCountry>צרפת</ManufactureCountry>
      <ManufacturerItemDescription>פוף פופקורן בטעם חמא</ManufacturerItemDescription>
      <UnitQty>גרמים</UnitQty>
      <Quantity>360.00</Quantity>
      <UnitOfMeasure>100 גרם</UnitOfMeasure>
      <bIsWeighted>0</bIsWeighted>
      <QtyInPackage>לא ידוע</QtyInPackage>
      <ItemPrice>14.90</ItemPrice>
      <UnitOfMeasurePrice>0.0414</UnitOfMeasurePrice>
      <AllowDiscount>1</AllowDiscount>
      <ItemStatus>1</ItemStatus>
      <ItemId>111466</ItemId>
    </Item>
    <Item>
      <PriceUpdateDate>2025-04-02 13:46:22</PriceUpdateDate>
      <ItemCode>7290015858106</ItemCode>
      <ItemType>1</ItemType>
      <ItemName>פסטו ביתי עללחם 180</ItemName>
      <ManufacturerName>מדשא תעשיות מזון</ManufacturerName>
      <ManufactureCountry>ישראל</ManufactureCountry>
      <ManufacturerItemDescription>עללחם</ManufacturerItemDescription>
      <UnitQty>גרמים</UnitQty>
      <Quantity>180.00</Quantity>
      <UnitOfMeasure>100 גרם</UnitOfMeasure>
      <bIsWeighted>0</bIsWeighted>
      <QtyInPackage>לא ידוע</QtyInPackage>
      <ItemPrice>18.30</ItemPrice>
      <UnitOfMeasurePrice>0.1017</UnitOfMeasurePrice>
      <AllowDiscount>1</AllowDiscount>
      <ItemStatus>1</ItemStatus>
      <ItemId>48935</ItemId>
    </Item>
    <Item>
      <PriceUpdateDate>2025-01-03 10:42:16</PriceUpdateDate>
      <ItemCode>7290015858113</ItemCode>
      <ItemType>1</ItemType>
      <ItemName>ממרח עגבניות מיובשות</ItemName>
      <ManufacturerName>מדשא תעשיות מזון</ManufacturerName>
      <ManufactureCountry>ישראל</ManufactureCountry>
      <ManufacturerItemDescription>עללחם</ManufacturerItemDescription>
      <UnitQty>גרמים</UnitQty>
      <Quantity>180.00</Quantity>
      <UnitOfMeasure>100 גרם</UnitOfMeasure>
      <bIsWeighted>0</bIsWeighted>
      <QtyInPackage>לא ידוע</QtyInPackage>
      <ItemPrice>18.30</ItemPrice>
      <UnitOfMeasurePrice>0.1017</UnitOfMeasurePrice>
      <AllowDiscount>1</AllowDiscount>
      <ItemStatus>1</ItemStatus>
      <ItemId>48936</ItemId>
    </Item>
    <Item>
      <PriceUpdateDate>2025-01-20 14:16:44</PriceUpdateDate>
      <ItemCode>7290104721533</ItemCode>
      <ItemType>1</ItemType>
      <ItemName>פלפל קלויים 400 גרם</ItemName>
      <ManufacturerName>שטראוס גרופ</ManufacturerName>
      <ManufactureCountry>ישראל</ManufactureCountry>
      <ManufacturerItemDescription>שטראוס</ManufacturerItemDescription>
      <UnitQty>גרמים</UnitQty>
      <Quantity>400.00</Quantity>
      <UnitOfMeasure>100 גרם</UnitOfMeasure>
      <bIsWeighted>0</bIsWeighted>
      <QtyInPackage>לא ידוע</QtyInPackage>
      <ItemPrice>17.50</ItemPrice>
      <UnitOfMeasurePrice>0.0438</UnitOfMeasurePrice>
      <AllowDiscount>1</AllowDiscount>
      <ItemStatus>1</ItemStatus>
      <ItemId>49002</ItemId>
    </Item>
    <Item>
      <PriceUpdateDate>2025-01-26 12:02:01</PriceUpdateDate>
      <ItemCode>7290117035245</ItemCode>
      <ItemType>1</ItemType>
      <ItemName>מיכלי אחסון יוחננוף</ItemName>
      <ManufacturerName>לא ידוע</ManufacturerName>
      <ManufactureCountry>תורכיה</ManufactureCountry>
      <ManufacturerItemDescription>מיכלי אחסון יוחננוף</ManufacturerItemDescription>
      <UnitQty>יח'</UnitQty>
      <Quantity>10.00</Quantity>
      <UnitOfMeasure>יח'</UnitOfMeasure>
      <bIsWeighted>0</bIsWeighted>
      <QtyInPackage>לא ידוע</QtyInPackage>
      <ItemPrice>9.90</ItemPrice>
      <UnitOfMeasurePrice>0.9900</UnitOfMeasurePrice>
      <AllowDiscount>1</AllowDiscount>
      <ItemStatus>1</ItemStatus>
      <ItemId>85460</ItemId>
    </Item>
    <Item>
      <PriceUpdateDate>2025-05-07 18:09:59</PriceUpdateDate>
      <ItemCode>5000159560566</ItemCode>
      <ItemType>1</ItemType>
      <ItemName>מרס חמישייה 250 גרם</ItemName>
      <ManufacturerName>מרס</ManufacturerName>
      <ManufactureCountry>הולנד</ManufactureCountry>
      <ManufacturerItemDescription>מרס חמישייה 250 גרם</ManufacturerItemDescription>
      <UnitQty>גרמים</UnitQty>
      <Quantity>250.00</Quantity>
      <UnitOfMeasure>100 גרם</UnitOfMeasure>
      <bIsWeighted>0</bIsWeighted>
      <QtyInPackage>לא ידוע</QtyInPackage>
      <ItemPrice>16.90</ItemPrice>
      <UnitOfMeasurePrice>0.0676</UnitOfMeasurePrice>
      <AllowDiscount>1</AllowDiscount>
      <ItemStatus>1</ItemStatus>
      <ItemId>91652</ItemId>
    </Item>
    <Item>
      <PriceUpdateDate>2024-05-12 16:34:31</PriceUpdateDate>
      <ItemCode>7290119373970</ItemCode>
      <ItemType>1</ItemType>
      <ItemName>קפסולות טנזניה 13</ItemName>
      <ManufacturerName>שטראוס קפה בי.וי</ManufacturerName>
      <ManufactureCountry>ישראל</ManufactureCountry>
      <ManufacturerItemDescription>עלית</ManufacturerItemDescription>
      <UnitQty>גרמים</UnitQty>
      <Quantity>50.00</Quantity>
      <UnitOfMeasure>100 גרם</UnitOfMeasure>
      <bIsWeighted>0</bIsWeighted>
      <QtyInPackage>לא ידוע</QtyInPackage>
      <ItemPrice>19.90</ItemPrice>
      <UnitOfMeasurePrice>0.3980</UnitOfMeasurePrice>
      <AllowDiscount>1</AllowDiscount>
      <ItemStatus>1</ItemStatus>
      <ItemId>90294</ItemId>
    </Item>
    <Item>
      <PriceUpdateDate>2025-10-01 08:22:15</PriceUpdateDate>
      <ItemCode>7290105964564</ItemCode>
      <ItemType>1</ItemType>
      <ItemName>חומוס 400 אחלה</ItemName>
      <ManufacturerName>שטראוס גרופ</ManufacturerName>
      <ManufactureCountry>ישראל</ManufactureCountry>
      <ManufacturerItemDescription>שטראוס</ManufacturerItemDescription>
      <UnitQty>גרמים</UnitQty>
      <Quantity>400.00</Quantity>
      <UnitOfMeasure>100 גרם</UnitOfMeasure>
      <bIsWeighted>0</bIsWeighted>
      <QtyInPackage>לא ידוע</QtyInPackage>
      <ItemPrice>10.90</ItemPrice>
      <UnitOfMeasurePrice>0.0273</UnitOfMeasurePrice>
      <AllowDiscount>1</AllowDiscount>
      <ItemStatus>1</ItemStatus>
      <ItemId>49038</ItemId>
    </Item>
    <Item>
      <PriceUpdateDate>2025-01-20 14:16:44</PriceUpdateDate>
      <ItemCode>7290106520905</ItemCode>
      <ItemType>1</ItemType>
      <ItemName>סלט טורקי 400  גרם</ItemName>
      <ManufacturerName>שטראוס גרופ</ManufacturerName>
      <ManufactureCountry>ישראל</ManufactureCountry>
      <ManufacturerItemDescription>שטראוס</ManufacturerItemDescription>
      <UnitQty>גרמים</UnitQty>
      <Quantity>400.00</Quantity>
      <UnitOfMeasure>100 גרם</UnitOfMeasure>
      <bIsWeighted>0</bIsWeighted>
      <QtyInPackage>לא ידוע</QtyInPackage>
      <ItemPrice>17.50</ItemPrice>
      <UnitOfMeasurePrice>0.0438</UnitOfMeasurePrice>
      <AllowDiscount>1</AllowDiscount>
      <ItemStatus>1</ItemStatus>
      <ItemId>49049</ItemId>
    </Item>
    <Item>
      <PriceUpdateDate>2023-01-31 08:29:19</PriceUpdateDate>
      <ItemCode>7290106528949</ItemCode>
      <ItemType>1</ItemType>
      <ItemName>לקט ערוגות 450 גרם</ItemName>
      <ManufacturerName>שטראוס גרופ</ManufacturerName>
      <ManufactureCountry>ישראל</ManufactureCountry>
      <ManufacturerItemDescription>שטראוס</ManufacturerItemDescription>
      <UnitQty>גרמים</UnitQty>
      <Quantity>450.00</Quantity>
      <UnitOfMeasure>100 גרם</UnitOfMeasure>
      <bIsWeighted>0</bIsWeighted>
      <QtyInPackage>לא ידוע</QtyInPackage>
      <ItemPrice>12.90</ItemPrice>
      <UnitOfMeasurePrice>0.0287</UnitOfMeasurePrice>
      <AllowDiscount>1</AllowDiscount>
      <ItemStatus>1</ItemStatus>
      <ItemId>49063</ItemId>
    </Item>
    <Item>
      <PriceUpdateDate>2025-01-02 16:15:34</PriceUpdateDate>
      <ItemCode>7290019401544</ItemCode>
      <ItemType>1</ItemType>
      <ItemName>חטיף פרוטאין מקס 62</ItemName>
      <ManufacturerName>לא ידוע</ManufacturerName>
      <ManufactureCountry>סלובקיה</ManufactureCountry>
      <ManufacturerItemDescription>חטיף פרוטאין מקס 62</ManufacturerItemDescription>
      <UnitQty>גרמים</UnitQty>
      <Quantity>62.00</Quantity>
      <UnitOfMeasure>100 גרם</UnitOfMeasure>
      <bIsWeighted>0</bIsWeighted>
      <QtyInPackage>לא ידוע</QtyInPackage>
      <ItemPrice>16.00</ItemPrice>
      <UnitOfMeasurePrice>0.2581</UnitOfMeasurePrice>
      <AllowDiscount>1</AllowDiscount>
      <ItemStatus>1</ItemStatus>
      <ItemId>93121</ItemId>
    </Item>
    <Item>
      <PriceUpdateDate>2025-06-25 11:33:05</PriceUpdateDate>
      <ItemCode>7290106729650</ItemCode>
      <ItemType>1</ItemType>
      <ItemName>מארז דנונה 8 תות 3%</ItemName>
      <ManufacturerName>שטראוס גרופ</ManufacturerName>
      <ManufactureCountry>ישראל</ManufactureCountry>
      <ManufacturerItemDescription>דנונה</ManufacturerItemDescription>
      <UnitQty>קילוגרמים</UnitQty>
      <Quantity>1.20</Quantity>
      <UnitOfMeasure>ק"ג     </UnitOfMeasure>
      <bIsWeighted>0</bIsWeighted>
      <QtyInPackage>לא ידוע</QtyInPackage>
      <ItemPrice>30.30</ItemPrice>
      <UnitOfMeasurePrice>25.2500</UnitOfMeasurePrice>
      <AllowDiscount>1</AllowDiscount>
      <ItemStatus>1</ItemStatus>
      <ItemId>49108</ItemId>
    </Item>
    <Item>
      <PriceUpdateDate>2024-03-19 14:22:11</PriceUpdateDate>
      <ItemCode>7290107936309</ItemCode>
      <ItemType>1</ItemType>
      <ItemName>דנונה יווני לבן</ItemName>
      <ManufacturerName>שטראוס</ManufacturerName>
      <ManufactureCountry>ישראל</ManufactureCountry>
      <ManufacturerItemDescription>דנונה</ManufacturerItemDescription>
      <UnitQty>גרמים</UnitQty>
      <Quantity>130.00</Quantity>
      <UnitOfMeasure>100 גרם</UnitOfMeasure>
      <bIsWeighted>0</bIsWeighted>
      <QtyInPackage>לא ידוע</QtyInPackage>
      <ItemPrice>3.90</ItemPrice>
      <UnitOfMeasurePrice>0.0300</UnitOfMeasurePrice>
      <AllowDiscount>1</AllowDiscount>
      <ItemStatus>1</ItemStatus>
      <ItemId>49132</ItemId>
    </Item>
    <Item>
      <PriceUpdateDate>2024-11-07 16:24:11</PriceUpdateDate>
      <ItemCode>7290019462491</ItemCode>
      <ItemType>1</ItemType>
      <ItemName>פטרוזיליה יח'</ItemName>
      <ManufacturerName>לא ידוע</ManufacturerName>
      <ManufactureCountry>לא ידוע</ManufactureCountry>
      <ManufacturerItemDescription>פטרוזיליה יח'</ManufacturerItemDescription>
      <UnitQty>יח</UnitQty>
      <Quantity>1.00</Quantity>
      <UnitOfMeasure>יח</UnitOfMeasure>
      <bIsWeighted>0</bIsWeighted>
      <QtyInPackage>לא ידוע</QtyInPackage>
      <ItemPrice>3.90</ItemPrice>
      <UnitOfMeasurePrice>3.9000</UnitOfMeasurePrice>
      <AllowDiscount>1</AllowDiscount>
      <ItemStatus>1</ItemStatus>
      <ItemId>102706</ItemId>
    </Item>
    <Item>
      <PriceUpdateDate>2025-06-25 11:33:06</PriceUpdateDate>
      <ItemCode>7290107954976</ItemCode>
      <ItemType>1</ItemType>
      <ItemName>יטבתה פרו קפה 350</ItemName>
      <ManufacturerName>מחלבת יטבתה</ManufacturerName>
      <ManufactureCountry>ישראל</ManufactureCountry>
      <ManufacturerItemDescription>יטבתה</ManufacturerItemDescription>
      <UnitQty>מיליליטרים</UnitQty>
      <Quantity>350.00</Quantity>
      <UnitOfMeasure>100 מ"ל</UnitOfMeasure>
      <bIsWeighted>0</bIsWeighted>
      <QtyInPackage>לא ידוע</QtyInPackage>
      <ItemPrice>8.10</ItemPrice>
      <UnitOfMeasurePrice>0.0231</UnitOfMeasurePrice>
      <AllowDiscount>1</AllowDiscount>
      <ItemStatus>1</ItemStatus>
      <ItemId>49297</ItemId>
    </Item>
    <Item>
      <PriceUpdateDate>2025-06-25 11:50:49</PriceUpdateDate>
      <ItemCode>7290110552237</ItemCode>
      <ItemType>1</ItemType>
      <ItemName>דנונה פרו 20 גר ללא</ItemName>
      <ManufacturerName>שטראוס גרופ</ManufacturerName>
      <ManufactureCountry>ישראל</ManufactureCountry>
      <ManufacturerItemDescription>דנונה פרו</ManufacturerItemDescription>
      <UnitQty>גרמים</UnitQty>
      <Quantity>200.00</Quantity>
      <UnitOfMeasure>100 גרם</UnitOfMeasure>
      <bIsWeighted>0</bIsWeighted>
      <QtyInPackage>לא ידוע</QtyInPackage>
      <ItemPrice>6.50</ItemPrice>
      <UnitOfMeasurePrice>0.0325</UnitOfMeasurePrice>
      <AllowDiscount>1</AllowDiscount>
      <ItemStatus>1</ItemStatus>
      <ItemId>49347</ItemId>
    </Item>
    <Item>
      <PriceUpdateDate>2025-12-14 19:37:26</PriceUpdateDate>
      <ItemCode>7290000092355</ItemCode>
      <ItemType>1</ItemType>
      <ItemName>פקאן סיני במשקל</ItemName>
      <ManufacturerName>לא ידוע</ManufacturerName>
      <ManufactureCountry>לא ידוע</ManufactureCountry>
      <ManufacturerItemDescription>פקאן סיני במשקל</ManufacturerItemDescription>
      <UnitQty>קילוגרמים</UnitQty>
      <Quantity>1.00</Quantity>
      <UnitOfMeasure>ק"ג</UnitOfMeasure>
      <bIsWeighted>1</bIsWeighted>
      <QtyInPackage>לא ידוע</QtyInPackage>
      <ItemPrice>119.00</ItemPrice>
      <UnitOfMeasurePrice>119.0000</UnitOfMeasurePrice>
      <AllowDiscount>1</AllowDiscount>
      <ItemStatus>1</ItemStatus>
      <ItemId>69570</ItemId>
    </Item>
    <Item>
      <PriceUpdateDate>2023-01-01 13:45:29</PriceUpdateDate>
      <ItemCode>7290110557133</ItemCode>
      <ItemType>1</ItemType>
      <ItemName>מעדן הגולן  וניל</ItemName>
      <ManufacturerName>שטראוס</ManufacturerName>
      <ManufactureCountry>ישראל</ManufactureCountry>
      <ManufacturerItemDescription>מעדן הגולן  וניל</ManufacturerItemDescription>
      <UnitQty>גרמים</UnitQty>
      <Quantity>125.00</Quantity>
      <UnitOfMeasure>100 גרם</UnitOfMeasure>
      <bIsWeighted>0</bIsWeighted>
      <QtyInPackage>לא ידוע</QtyInPackage>
      <ItemPrice>3.40</ItemPrice>
      <UnitOfMeasurePrice>0.0272</UnitOfMeasurePrice>
      <AllowDiscount>1</AllowDiscount>
      <ItemStatus>1</ItemStatus>
      <ItemId>49365</ItemId>
    </Item>
    <Item>
      <PriceUpdateDate>2024-11-07 16:24:11</PriceUpdateDate>
      <ItemCode>7290019462507</ItemCode>
      <ItemType>1</ItemType>
      <ItemName>כוסברה יח'</ItemName>
      <ManufacturerName>לא ידוע</ManufacturerName>
      <ManufactureCountry>לא ידוע</ManufactureCountry>
      <ManufacturerItemDescription>כוסברה יח'</ManufacturerItemDescription>
      <UnitQty>יח'</UnitQty>
      <Quantity>1.00</Quantity>
      <UnitOfMeasure>יח'</UnitOfMeasure>
      <bIsWeighted>0</bIsWeighted>
      <QtyInPackage>לא ידוע</QtyInPackage>
      <ItemPrice>3.90</ItemPrice>
      <UnitOfMeasurePrice>3.9000</UnitOfMeasurePrice>
      <AllowDiscount>1</AllowDiscount>
      <ItemStatus>1</ItemStatus>
      <ItemId>102707</ItemId>
    </Item>
    <Item>
      <PriceUpdateDate>2025-06-25 11:50:49</PriceUpdateDate>
      <ItemCode>7290110558314</ItemCode>
      <ItemType>1</ItemType>
      <ItemName>דנונה פרו ללא סוכר פ</ItemName>
      <ManufacturerName>שטראוס גרופ</ManufacturerName>
      <ManufactureCountry>ישראל</ManufactureCountry>
      <ManufacturerItemDescription>דנונה פרו</ManufacturerItemDescription>
      <UnitQty>גרמים</UnitQty>
      <Quantity>200.00</Quantity>
      <UnitOfMeasure>100 גרם</UnitOfMeasure>
      <bIsWeighted>0</bIsWeighted>
      <QtyInPackage>לא ידוע</QtyInPackage>
      <ItemPrice>6.50</ItemPrice>
      <UnitOfMeasurePrice>0.0325</UnitOfMeasurePrice>
      <AllowDiscount>1</AllowDiscount>
      <ItemStatus>1</ItemStatus>
      <ItemId>49390</ItemId>
    </Item>
    <Item>
      <PriceUpdateDate>2025-06-25 11:33:06</PriceUpdateDate>
      <ItemCode>7290110561352</ItemCode>
      <ItemType>1</ItemType>
      <ItemName>דנונה דל לקטוז 200 ג</ItemName>
      <ManufacturerName>שטראוס גרופ</ManufacturerName>
      <ManufactureCountry>ישראל</ManufactureCountry>
      <ManufacturerItemDescription>שטראוס</ManufacturerItemDescription>
      <UnitQty>גרמים</UnitQty>
      <Quantity>200.00</Quantity>
      <UnitOfMeasure>100 גרם</UnitOfMeasure>
      <bIsWeighted>0</bIsWeighted>
      <QtyInPackage>לא ידוע</QtyInPackage>
      <ItemPrice>4.50</ItemPrice>
      <UnitOfMeasurePrice>0.0225</UnitOfMeasurePrice>
      <AllowDiscount>1</AllowDiscount>
      <ItemStatus>1</ItemStatus>
      <ItemId>49419</ItemId>
    </Item>
    <Item>
      <PriceUpdateDate>2025-06-25 11:33:06</PriceUpdateDate>
      <ItemCode>7290110563431</ItemCode>
      <ItemType>1</ItemType>
      <ItemName>משקה קפה קר בסגנון ק</ItemName>
      <ManufacturerName>אנסטל מילק</ManufacturerName>
      <ManufactureCountry>אוסטריה</ManufactureCountry>
      <ManufacturerItemDescription>משקה קפה קר בסגנון ק</ManufacturerItemDescription>
      <UnitQty>מיליליטרים</UnitQty>
      <Quantity>230.00</Quantity>
      <UnitOfMeasure>100 מ"ל</UnitOfMeasure>
      <bIsWeighted>0</bIsWeighted>
      <QtyInPackage>לא ידוע</QtyInPackage>
      <ItemPrice>8.90</ItemPrice>
      <UnitOfMeasurePrice>0.0387</UnitOfMeasurePrice>
      <AllowDiscount>1</AllowDiscount>
      <ItemStatus>1</ItemStatus>
      <ItemId>49432</ItemId>
    </Item>
    <Item>
      <PriceUpdateDate>2025-06-25 11:33:06</PriceUpdateDate>
      <ItemCode>7290110563462</ItemCode>
      <ItemType>1</ItemType>
      <ItemName>חלב בבקבוק נטול לקטו</ItemName>
      <ManufacturerName>מחלבת יטבתה</ManufacturerName>
      <ManufactureCountry>ישראל</ManufactureCountry>
      <ManufacturerItemDescription>יטבתה</ManufacturerItemDescription>
      <UnitQty>ליטרים</UnitQty>
      <Quantity>1.00</Quantity>
      <UnitOfMeasure>ליטר    </UnitOfMeasure>
      <bIsWeighted>0</bIsWeighted>
      <QtyInPackage>לא ידוע</QtyInPackage>
      <ItemPrice>10.00</ItemPrice>
      <UnitOfMeasurePrice>10.0000</UnitOfMeasurePrice>
      <AllowDiscount>1</AllowDiscount>
      <ItemStatus>1</ItemStatus>
      <ItemId>49435</ItemId>
    </Item>
    <Item>
      <PriceUpdateDate>2025-01-20 16:31:19</PriceUpdateDate>
      <ItemCode>7290110564360</ItemCode>
      <ItemType>1</ItemType>
      <ItemName>חומוס הסדרה המובחרת</ItemName>
      <ManufacturerName>שטראוס גרופ</ManufacturerName>
      <ManufactureCountry>ישראל</ManufactureCountry>
      <ManufacturerItemDescription>שטראוס</ManufacturerItemDescription>
      <UnitQty>גרמים</UnitQty>
      <Quantity>400.00</Quantity>
      <UnitOfMeasure>100 גרם</UnitOfMeasure>
      <bIsWeighted>0</bIsWeighted>
      <QtyInPackage>לא ידוע</QtyInPackage>
      <ItemPrice>15.90</ItemPrice>
      <UnitOfMeasurePrice>0.0398</UnitOfMeasurePrice>
      <AllowDiscount>1</AllowDiscount>
      <ItemStatus>1</ItemStatus>
      <ItemId>49443</ItemId>
    </Item>
    <Item>
      <PriceUpdateDate>2025-06-25 11:50:49</PriceUpdateDate>
      <ItemCode>7290110565527</ItemCode>
      <ItemType>1</ItemType>
      <ItemName>דנונה פרו 20 גר 1.5%</ItemName>
      <ManufacturerName>שטראוס גרופ</ManufacturerName>
      <ManufactureCountry>ישראל</ManufactureCountry>
      <ManufacturerItemDescription>דנונה פרו</ManufacturerItemDescription>
      <UnitQty>גרמים</UnitQty>
      <Quantity>200.00</Quantity>
      <UnitOfMeasure>100 גרם</UnitOfMeasure>
      <bIsWeighted>0</bIsWeighted>
      <QtyInPackage>לא ידוע</QtyInPackage>
      <ItemPrice>6.50</ItemPrice>
      <UnitOfMeasurePrice>0.0325</UnitOfMeasurePrice>
      <AllowDiscount>1</AllowDiscount>
      <ItemStatus>1</ItemStatus>
      <ItemId>49461</ItemId>
    </Item>
    <Item>
      <PriceUpdateDate>2025-06-25 11:50:49</PriceUpdateDate>
      <ItemCode>7290110566975</ItemCode>
      <ItemType>1</ItemType>
      <ItemName>דנונה פרו 20 גר תות</ItemName>
      <ManufacturerName>שטראוס גרופ</ManufacturerName>
      <ManufactureCountry>ישראל</ManufactureCountry>
      <ManufacturerItemDescription>דנונה פרו</ManufacturerItemDescription>
      <UnitQty>גרמים</UnitQty>
      <Quantity>200.00</Quantity>
      <UnitOfMeasure>100 גרם</UnitOfMeasure>
      <bIsWeighted>0</bIsWeighted>
      <QtyInPackage>לא ידוע</QtyInPackage>
      <ItemPrice>6.50</ItemPrice>
      <UnitOfMeasurePrice>0.0325</UnitOfMeasurePrice>
      <AllowDiscount>1</AllowDiscount>
      <ItemStatus>1</ItemStatus>
      <ItemId>49470</ItemId>
    </Item>
    <Item>
      <PriceUpdateDate>2025-09-01 13:04:28</PriceUpdateDate>
      <ItemCode>7290116934228</ItemCode>
      <ItemType>1</ItemType>
      <ItemName>משקה יוגורט גו מלון</ItemName>
      <ManufacturerName>תנובה</ManufacturerName>
      <ManufactureCountry>ישראל</ManufactureCountry>
      <ManufacturerItemDescription>משקה יוגורט גו מלון</ManufacturerItemDescription>
      <UnitQty>מיליליטרים</UnitQty>
      <Quantity>500.00</Quantity>
      <UnitOfMeasure>100 מ"ל</UnitOfMeasure>
      <bIsWeighted>0</bIsWeighted>
      <QtyInPackage>לא ידוע</QtyInPackage>
      <ItemPrice>13.60</ItemPrice>
      <UnitOfMeasurePrice>0.0272</UnitOfMeasurePrice>
      <AllowDiscount>1</AllowDiscount>
      <ItemStatus>1</ItemStatus>
      <ItemId>93499</ItemId>
    </Item>
    <Item>
      <PriceUpdateDate>2025-06-25 11:33:06</PriceUpdateDate>
      <ItemCode>7290110568276</ItemCode>
      <ItemType>1</ItemType>
      <ItemName>יטבתה פרו וניל 350</ItemName>
      <ManufacturerName>מחלבת יטבתה</ManufacturerName>
      <ManufactureCountry>ישראל</ManufactureCountry>
      <ManufacturerItemDescription>יטבתה</ManufacturerItemDescription>
      <UnitQty>מיליליטרים</UnitQty>
      <Quantity>350.00</Quantity>
      <UnitOfMeasure>100 מ"ל</UnitOfMeasure>
      <bIsWeighted>0</bIsWeighted>
      <QtyInPackage>לא ידוע</QtyInPackage>
      <ItemPrice>8.10</ItemPrice>
      <UnitOfMeasurePrice>0.0231</UnitOfMeasurePrice>
      <AllowDiscount>1</AllowDiscount>
      <ItemStatus>1</ItemStatus>
      <ItemId>49484</ItemId>
    </Item>
    <Item>
      <PriceUpdateDate>2024-11-07 16:24:11</PriceUpdateDate>
      <ItemCode>7290019462521</ItemCode>
      <ItemType>1</ItemType>
      <ItemName>נענע יח'</ItemName>
      <ManufacturerName>לא ידוע</ManufacturerName>
      <ManufactureCountry>לא ידוע</ManufactureCountry>
      <ManufacturerItemDescription>נענע יח'</ManufacturerItemDescription>
      <UnitQty>יח</UnitQty>
      <Quantity>1.00</Quantity>
      <UnitOfMeasure>יח</UnitOfMeasure>
      <bIsWeighted>0</bIsWeighted>
      <QtyInPackage>לא ידוע</QtyInPackage>
      <ItemPrice>3.90</ItemPrice>
      <UnitOfMeasurePrice>3.9000</UnitOfMeasurePrice>
      <AllowDiscount>1</AllowDiscount>
      <ItemStatus>1</ItemStatus>
      <ItemId>102709</ItemId>
    </Item>
    <Item>
      <PriceUpdateDate>2025-06-25 11:50:49</PriceUpdateDate>
      <ItemCode>7290112330352</ItemCode>
      <ItemType>1</ItemType>
      <ItemName>דנונה פרו 20 גר וניל</ItemName>
      <ManufacturerName>שטראוס גרופ</ManufacturerName>
      <ManufactureCountry>ישראל</ManufactureCountry>
      <ManufacturerItemDescription>דנונה פרו</ManufacturerItemDescription>
      <UnitQty>גרמים</UnitQty>
      <Quantity>200.00</Quantity>
      <UnitOfMeasure>100 גרם</UnitOfMeasure>
      <bIsWeighted>0</bIsWeighted>
      <QtyInPackage>לא ידוע</QtyInPackage>
      <ItemPrice>6.50</ItemPrice>
      <UnitOfMeasurePrice>0.0325</UnitOfMeasurePrice>
      <AllowDiscount>1</AllowDiscount>
      <ItemStatus>1</ItemStatus>
      <ItemId>49502</ItemId>
    </Item>
    <Item>
      <PriceUpdateDate>2025-06-25 11:50:49</PriceUpdateDate>
      <ItemCode>7290112330390</ItemCode>
      <ItemType>1</ItemType>
      <ItemName>דנונה פרו 20 גר פירו</ItemName>
      <ManufacturerName>שטראוס גרופ</ManufacturerName>
      <ManufactureCountry>ישראל</ManufactureCountry>
      <ManufacturerItemDescription>דנונה פרו</ManufacturerItemDescription>
      <UnitQty>גרמים</UnitQty>
      <Quantity>200.00</Quantity>
      <UnitOfMeasure>100 גרם</UnitOfMeasure>
      <bIsWeighted>0</bIsWeighted>
      <QtyInPackage>לא ידוע</QtyInPackage>
      <ItemPrice>6.50</ItemPrice>
      <UnitOfMeasurePrice>0.0325</UnitOfMeasurePrice>
      <AllowDiscount>1</AllowDiscount>
      <ItemStatus>1</ItemStatus>
      <ItemId>49504</ItemId>
    </Item>
    <Item>
      <PriceUpdateDate>2025-06-25 11:50:49</PriceUpdateDate>
      <ItemCode>7290112336712</ItemCode>
      <ItemType>1</ItemType>
      <ItemName>דנונה פרו 21 גר 0% ש</ItemName>
      <ManufacturerName>שטראוס גרופ</ManufacturerName>
      <ManufactureCountry>ישראל</ManufactureCountry>
      <ManufacturerItemDescription>דנונה פרו</ManufacturerItemDescription>
      <UnitQty>גרמים</UnitQty>
      <Quantity>200.00</Quantity>
      <UnitOfMeasure>100 גרם</UnitOfMeasure>
      <bIsWeighted>0</bIsWeighted>
      <QtyInPackage>לא ידוע</QtyInPackage>
      <ItemPrice>6.50</ItemPrice>
      <UnitOfMeasurePrice>0.0325</UnitOfMeasurePrice>
      <AllowDiscount>1</AllowDiscount>
      <ItemStatus>1</ItemStatus>
      <ItemId>49535</ItemId>
    </Item>
    <Item>
      <PriceUpdateDate>2025-01-01 21:29:26</PriceUpdateDate>
      <ItemCode>7290112339874</ItemCode>
      <ItemType>1</ItemType>
      <ItemName>גמדים סקוויז בודד תו</ItemName>
      <ManufacturerName>שטראוס</ManufacturerName>
      <ManufactureCountry>ישראל</ManufactureCountry>
      <ManufacturerItemDescription>גמדים</ManufacturerItemDescription>
      <UnitQty>גרמים</UnitQty>
      <Quantity>100.00</Quantity>
      <UnitOfMeasure>100 גרם</UnitOfMeasure>
      <bIsWeighted>0</bIsWeighted>
      <QtyInPackage>לא ידוע</QtyInPackage>
      <ItemPrice>6.00</ItemPrice>
      <UnitOfMeasurePrice>0.0600</UnitOfMeasurePrice>
      <AllowDiscount>1</AllowDiscount>
      <ItemStatus>1</ItemStatus>
      <ItemId>49569</ItemId>
    </Item>
    <Item>
      <PriceUpdateDate>2024-05-20 11:18:19</PriceUpdateDate>
      <ItemCode>7290112341679</ItemCode>
      <ItemType>1</ItemType>
      <ItemName>אקטיביה 3% 200ג'</ItemName>
      <ManufacturerName>שטראוס גרופ</ManufacturerName>
      <ManufactureCountry>ישראל</ManufactureCountry>
      <ManufacturerItemDescription>אקטיביה</ManufacturerItemDescription>
      <UnitQty>גרמים</UnitQty>
      <Quantity>200.00</Quantity>
      <UnitOfMeasure>100 גרם</UnitOfMeasure>
      <bIsWeighted>0</bIsWeighted>
      <QtyInPackage>לא ידוע</QtyInPackage>
      <ItemPrice>4.70</ItemPrice>
      <UnitOfMeasurePrice>0.0235</UnitOfMeasurePrice>
      <AllowDiscount>1</AllowDiscount>
      <ItemStatus>1</ItemStatus>
      <ItemId>49583</ItemId>
    </Item>
    <Item>
      <PriceUpdateDate>2025-06-25 11:33:06</PriceUpdateDate>
      <ItemCode>7290112341686</ItemCode>
      <ItemType>1</ItemType>
      <ItemName>מארז אקטיביה 3% 150ג</ItemName>
      <ManufacturerName>שטראוס גרופ</ManufacturerName>
      <ManufactureCountry>ישראל</ManufactureCountry>
      <ManufacturerItemDescription>שטראוס</ManufacturerItemDescription>
      <UnitQty>ליטרים</UnitQty>
      <Quantity>1.20</Quantity>
      <UnitOfMeasure>ליטר    </UnitOfMeasure>
      <bIsWeighted>0</bIsWeighted>
      <QtyInPackage>לא ידוע</QtyInPackage>
      <ItemPrice>23.90</ItemPrice>
      <UnitOfMeasurePrice>19.9167</UnitOfMeasurePrice>
      <AllowDiscount>1</AllowDiscount>
      <ItemStatus>1</ItemStatus>
      <ItemId>49584</ItemId>
    </Item>
    <Item>
      <PriceUpdateDate>2025-01-01 21:29:26</PriceUpdateDate>
      <ItemCode>7290112342102</ItemCode>
      <ItemType>1</ItemType>
      <ItemName>סימפוניה  בצל מקורמל</ItemName>
      <ManufacturerName>שטראוס גרופ</ManufacturerName>
      <ManufactureCountry>ישראל</ManufactureCountry>
      <ManufacturerItemDescription>שטראוס</ManufacturerItemDescription>
      <UnitQty>גרמים</UnitQty>
      <Quantity>200.00</Quantity>
      <UnitOfMeasure>100 גרם</UnitOfMeasure>
      <bIsWeighted>0</bIsWeighted>
      <QtyInPackage>לא ידוע</QtyInPackage>
      <ItemPrice>12.00</ItemPrice>
      <UnitOfMeasurePrice>0.0600</UnitOfMeasurePrice>
      <AllowDiscount>1</AllowDiscount>
      <ItemStatus>1</ItemStatus>
      <ItemId>49592</ItemId>
    </Item>
    <Item>
      <PriceUpdateDate>2025-01-02 08:49:52</PriceUpdateDate>
      <ItemCode>7290116534749</ItemCode>
      <ItemType>1</ItemType>
      <ItemName>וזלין ג'ל פטרוליום 8</ItemName>
      <ManufacturerName>תאגיד אינטרנשיונל לב</ManufacturerName>
      <ManufactureCountry>תאילנד</ManufactureCountry>
      <ManufacturerItemDescription>וזלין ג'ל פטרוליום 8</ManufacturerItemDescription>
      <UnitQty>גרמים</UnitQty>
      <Quantity>88.00</Quantity>
      <UnitOfMeasure>100 גרם</UnitOfMeasure>
      <bIsWeighted>0</bIsWeighted>
      <QtyInPackage>לא ידוע</QtyInPackage>
      <ItemPrice>13.00</ItemPrice>
      <UnitOfMeasurePrice>0.1477</UnitOfMeasurePrice>
      <AllowDiscount>1</AllowDiscount>
      <ItemStatus>1</ItemStatus>
      <ItemId>102592</ItemId>
    </Item>
    <Item>
      <PriceUpdateDate>2024-03-19 14:22:12</PriceUpdateDate>
      <ItemCode>7290112344755</ItemCode>
      <ItemType>1</ItemType>
      <ItemName>מילקי עם 26% פחות סו</ItemName>
      <ManufacturerName>שטראוס גרופ</ManufacturerName>
      <ManufactureCountry>ישראל</ManufactureCountry>
      <ManufacturerItemDescription>שטראוס</ManufacturerItemDescription>
      <UnitQty>גרמים</UnitQty>
      <Quantity>135.00</Quantity>
      <UnitOfMeasure>100 גרם</UnitOfMeasure>
      <bIsWeighted>0</bIsWeighted>
      <QtyInPackage>לא ידוע</QtyInPackage>
      <ItemPrice>3.10</ItemPrice>
      <UnitOfMeasurePrice>0.0230</UnitOfMeasurePrice>
      <AllowDiscount>1</AllowDiscount>
      <ItemStatus>1</ItemStatus>
      <ItemId>49613</ItemId>
    </Item>
    <Item>
      <PriceUpdateDate>2025-01-01 21:29:27</PriceUpdateDate>
      <ItemCode>7290112355102</ItemCode>
      <ItemType>1</ItemType>
      <ItemName>גמדים פאוץ סלט פירות</ItemName>
      <ManufacturerName>שטראוס</ManufacturerName>
      <ManufactureCountry>ישראל</ManufactureCountry>
      <ManufacturerItemDescription>?????</ManufacturerItemDescription>
      <UnitQty>גרמים</UnitQty>
      <Quantity>100.00</Quantity>
      <UnitOfMeasure>100 גרם</UnitOfMeasure>
      <bIsWeighted>0</bIsWeighted>
      <QtyInPackage>לא ידוע</QtyInPackage>
      <ItemPrice>6.00</ItemPrice>
      <UnitOfMeasurePrice>0.0600</UnitOfMeasurePrice>
      <AllowDiscount>1</AllowDiscount>
      <ItemStatus>1</ItemStatus>
      <ItemId>49729</ItemId>
    </Item>
    <Item>
      <PriceUpdateDate>2025-01-01 21:29:27</PriceUpdateDate>
      <ItemCode>7290115678222</ItemCode>
      <ItemType>1</ItemType>
      <ItemName>מארז יוגורט יווני שמ</ItemName>
      <ManufacturerName>שטראוס</ManufacturerName>
      <ManufactureCountry>ישראל</ManufactureCountry>
      <ManufacturerItemDescription>מארז יוגורט יווני שמ</ManufacturerItemDescription>
      <UnitQty>גרמים</UnitQty>
      <Quantity>1040.00</Quantity>
      <UnitOfMeasure>100 גרם</UnitOfMeasure>
      <bIsWeighted>0</bIsWeighted>
      <QtyInPackage>לא ידוע</QtyInPackage>
      <ItemPrice>28.10</ItemPrice>
      <UnitOfMeasurePrice>0.0270</UnitOfMeasurePrice>
      <AllowDiscount>1</AllowDiscount>
      <ItemStatus>1</ItemStatus>
      <ItemId>49799</ItemId>
    </Item>
    <Item>
      <PriceUpdateDate>2023-01-01 13:45:30</PriceUpdateDate>
      <ItemCode>7290115678376</ItemCode>
      <ItemType>1</ItemType>
      <ItemName>מעדן הגולן שוקולד  1</ItemName>
      <ManufacturerName>שטראוס</ManufacturerName>
      <ManufactureCountry>ישראל</ManufactureCountry>
      <ManufacturerItemDescription>מעדן הגולן שוקולד  1</ManufacturerItemDescription>
      <UnitQty>גרמים</UnitQty>
      <Quantity>125.00</Quantity>
      <UnitOfMeasure>100 גרם</UnitOfMeasure>
      <bIsWeighted>0</bIsWeighted>
      <QtyInPackage>לא ידוע</QtyInPackage>
      <ItemPrice>3.40</ItemPrice>
      <UnitOfMeasurePrice>0.0272</UnitOfMeasurePrice>
      <AllowDiscount>1</AllowDiscount>
      <ItemStatus>1</ItemStatus>
      <ItemId>49807</ItemId>
    </Item>
    <Item>
      <PriceUpdateDate>2025-06-19 16:02:27</PriceUpdateDate>
      <ItemCode>8718951689756</ItemCode>
      <ItemType>1</ItemType>
      <ItemName>קולגייט משחת טוטל פר</ItemName>
      <ManufacturerName>CP-Poland swidnica</ManufacturerName>
      <ManufactureCountry>פולין</ManufactureCountry>
      <ManufacturerItemDescription>קולגייט</ManufacturerItemDescription>
      <UnitQty>מיליליטרים</UnitQty>
      <Quantity>100.00</Quantity>
      <UnitOfMeasure>100 מ"ל</UnitOfMeasure>
      <bIsWeighted>0</bIsWeighted>
      <QtyInPackage>לא ידוע</QtyInPackage>
      <ItemPrice>18.90</ItemPrice>
      <UnitOfMeasurePrice>0.1890</UnitOfMeasurePrice>
      <AllowDiscount>1</AllowDiscount>
      <ItemStatus>1</ItemStatus>
      <ItemId>114168</ItemId>
    </Item>
    <Item>
      <PriceUpdateDate>2025-02-05 16:19:24</PriceUpdateDate>
      <ItemCode>59039549</ItemCode>
      <ItemType>1</ItemType>
      <ItemName>ווג מנטה בודד</ItemName>
      <ManufacturerName>BAT</ManufacturerName>
      <ManufactureCountry>פולין</ManufactureCountry>
      <ManufacturerItemDescription>ווג</ManufacturerItemDescription>
      <UnitQty>יח'</UnitQty>
      <Quantity>20.00</Quantity>
      <UnitOfMeasure>יח'</UnitOfMeasure>
      <bIsWeighted>0</bIsWeighted>
      <QtyInPackage>לא ידוע</QtyInPackage>
      <ItemPrice>46.00</ItemPrice>
      <UnitOfMeasurePrice>2.3000</UnitOfMeasurePrice>
      <AllowDiscount>1</AllowDiscount>
      <ItemStatus>1</ItemStatus>
      <ItemId>71280</ItemId>
    </Item>
    <Item>
      <PriceUpdateDate>2025-05-07 18:09:58</PriceUpdateDate>
      <ItemCode>5000159023283</ItemCode>
      <ItemType>1</ItemType>
      <ItemName>שוקולד 250 גרם M&amp;M</ItemName>
      <ManufacturerName>מרס</ManufacturerName>
      <ManufactureCountry>פולין</ManufactureCountry>
      <ManufacturerItemDescription>שוקולד 250 גרם M&amp;M</ManufacturerItemDescription>
      <UnitQty>גרמים</UnitQty>
      <Quantity>250.00</Quantity>
      <UnitOfMeasure>100 גרם</UnitOfMeasure>
      <bIsWeighted>0</bIsWeighted>
      <QtyInPackage>לא ידוע</QtyInPackage>
      <ItemPrice>27.90</ItemPrice>
      <UnitOfMeasurePrice>0.1116</UnitOfMeasurePrice>
      <AllowDiscount>1</AllowDiscount>
      <ItemStatus>1</ItemStatus>
      <ItemId>99726</ItemId>
    </Item>
    <Item>
      <PriceUpdateDate>2025-01-06 18:38:43</PriceUpdateDate>
      <ItemCode>856591000062</ItemCode>
      <ItemType>1</ItemType>
      <ItemName>עוגיות מזרחיות מלח 4</ItemName>
      <ManufacturerName>עבאדי</ManufacturerName>
      <ManufactureCountry>לא ידוע</ManufactureCountry>
      <ManufacturerItemDescription>עבאדי</ManufacturerItemDescription>
      <UnitQty>יחידה   </UnitQty>
      <Quantity>0.00</Quantity>
      <UnitOfMeasure>יחידה   </UnitOfMeasure>
      <bIsWeighted>0</bIsWeighted>
      <QtyInPackage>לא ידוע</QtyInPackage>
      <ItemPrice>18.10</ItemPrice>
      <UnitOfMeasurePrice>0.0000</UnitOfMeasurePrice>
      <AllowDiscount>1</AllowDiscount>
      <ItemStatus>1</ItemStatus>
      <ItemId>50737</ItemId>
    </Item>
    <Item>
      <PriceUpdateDate>2025-01-01 21:30:03</PriceUpdateDate>
      <ItemCode>856591000512</ItemCode>
      <ItemType>1</ItemType>
      <ItemName>עוגיות מזרחיות מקלות</ItemName>
      <ManufacturerName>עבאדי</ManufacturerName>
      <ManufactureCountry>ישראל</ManufactureCountry>
      <ManufacturerItemDescription>עבאדי</ManufacturerItemDescription>
      <UnitQty>גרמים</UnitQty>
      <Quantity>400.00</Quantity>
      <UnitOfMeasure>100 גרם</UnitOfMeasure>
      <bIsWeighted>0</bIsWeighted>
      <QtyInPackage>לא ידוע</QtyInPackage>
      <ItemPrice>17.00</ItemPrice>
      <UnitOfMeasurePrice>0.0425</UnitOfMeasurePrice>
      <AllowDiscount>1</AllowDiscount>
      <ItemStatus>1</ItemStatus>
      <ItemId>50747</ItemId>
    </Item>
    <Item>
      <PriceUpdateDate>2024-01-15 09:08:01</PriceUpdateDate>
      <ItemCode>7290000529004</ItemCode>
      <ItemType>1</ItemType>
      <ItemName>תה ירוק לימונית לואי</ItemName>
      <ManufacturerName>תה עדנים</ManufacturerName>
      <ManufactureCountry>ישראל</ManufactureCountry>
      <ManufacturerItemDescription>תה ירוק לימונית לואי</ManufacturerItemDescription>
      <UnitQty>יח'</UnitQty>
      <Quantity>50.00</Quantity>
      <UnitOfMeasure>יח'</UnitOfMeasure>
      <bIsWeighted>0</bIsWeighted>
      <QtyInPackage>לא ידוע</QtyInPackage>
      <ItemPrice>24.90</ItemPrice>
      <UnitOfMeasurePrice>0.4980</UnitOfMeasurePrice>
      <AllowDiscount>1</AllowDiscount>
      <ItemStatus>1</ItemStatus>
      <ItemId>73283</ItemId>
    </Item>
    <Item>
      <PriceUpdateDate>2025-01-01 21:30:09</PriceUpdateDate>
      <ItemCode>7290002132011</ItemCode>
      <ItemType>1</ItemType>
      <ItemName>עוגיות עבאדי 400 גר</ItemName>
      <ManufacturerName>עבאדי</ManufacturerName>
      <ManufactureCountry>ישראל</ManufactureCountry>
      <ManufacturerItemDescription>עבאדי</ManufacturerItemDescription>
      <UnitQty>גרמים</UnitQty>
      <Quantity>400.00</Quantity>
      <UnitOfMeasure>100 גרם</UnitOfMeasure>
      <bIsWeighted>0</bIsWeighted>
      <QtyInPackage>לא ידוע</QtyInPackage>
      <ItemPrice>18.10</ItemPrice>
      <UnitOfMeasurePrice>0.0453</UnitOfMeasurePrice>
      <AllowDiscount>1</AllowDiscount>
      <ItemStatus>1</ItemStatus>
      <ItemId>50837</ItemId>
    </Item>
    <Item>
      <PriceUpdateDate>2025-05-07 17:29:32</PriceUpdateDate>
      <ItemCode>7622202268298</ItemCode>
      <ItemType>1</ItemType>
      <ItemName>מילקה - שוקולד חלב 9</ItemName>
      <ManufacturerName>מונדלייז</ManufacturerName>
      <ManufactureCountry>גרמניה</ManufactureCountry>
      <ManufacturerItemDescription>מילקה</ManufacturerItemDescription>
      <UnitQty>גרמים</UnitQty>
      <Quantity>90.00</Quantity>
      <UnitOfMeasure>100 גרם</UnitOfMeasure>
      <bIsWeighted>0</bIsWeighted>
      <QtyInPackage>לא ידוע</QtyInPackage>
      <ItemPrice>10.90</ItemPrice>
      <UnitOfMeasurePrice>0.1211</UnitOfMeasurePrice>
      <AllowDiscount>1</AllowDiscount>
      <ItemStatus>1</ItemStatus>
      <ItemId>110257</ItemId>
    </Item>
    <Item>
      <PriceUpdateDate>2025-01-02 08:49:53</PriceUpdateDate>
      <ItemCode>8006540951903</ItemCode>
      <ItemType>1</ItemType>
      <ItemName>אריאל קפסולות בניחוח</ItemName>
      <ManufacturerName>פרוקטר אנד גמבל</ManufacturerName>
      <ManufactureCountry>צרפת</ManufactureCountry>
      <ManufacturerItemDescription>אריאל</ManufacturerItemDescription>
      <UnitQty>יח'</UnitQty>
      <Quantity>23.00</Quantity>
      <UnitOfMeasure>יח'</UnitOfMeasure>
      <bIsWeighted>0</bIsWeighted>
      <QtyInPackage>לא ידוע</QtyInPackage>
      <ItemPrice>39.20</ItemPrice>
      <UnitOfMeasurePrice>1.7043</UnitOfMeasurePrice>
      <AllowDiscount>1</AllowDiscount>
      <ItemStatus>1</ItemStatus>
      <ItemId>82428</ItemId>
    </Item>
    <Item>
      <PriceUpdateDate>2023-07-19 20:33:51</PriceUpdateDate>
      <ItemCode>7290016144031</ItemCode>
      <ItemType>1</ItemType>
      <ItemName>קמח חיטה לבן מנופה 1</ItemName>
      <ManufacturerName>לא ידוע</ManufacturerName>
      <ManufactureCountry>לא ידוע</ManufactureCountry>
      <ManufacturerItemDescription>קמח חיטה לבן מנופה 1</ManufacturerItemDescription>
      <UnitQty>קילוגרמים</UnitQty>
      <Quantity>1.00</Quantity>
      <UnitOfMeasure>ק"ג     </UnitOfMeasure>
      <bIsWeighted>0</bIsWeighted>
      <QtyInPackage>לא ידוע</QtyInPackage>
      <ItemPrice>7.90</ItemPrice>
      <UnitOfMeasurePrice>7.9000</UnitOfMeasurePrice>
      <AllowDiscount>1</AllowDiscount>
      <ItemStatus>1</ItemStatus>
      <ItemId>51007</ItemId>
    </Item>
    <Item>
      <PriceUpdateDate>2025-01-02 08:49:52</PriceUpdateDate>
      <ItemCode>7290117389096</ItemCode>
      <ItemType>1</ItemType>
      <ItemName>קוקי שקיות לצלייה מה</ItemName>
      <ManufacturerName>POLITAN</ManufacturerName>
      <ManufactureCountry>פולין</ManufactureCountry>
      <ManufacturerItemDescription>קוקי</ManufacturerItemDescription>
      <UnitQty>יח'</UnitQty>
      <Quantity>10.00</Quantity>
      <UnitOfMeasure>יח'</UnitOfMeasure>
      <bIsWeighted>0</bIsWeighted>
      <QtyInPackage>לא ידוע</QtyInPackage>
      <ItemPrice>12.00</ItemPrice>
      <UnitOfMeasurePrice>1.2000</UnitOfMeasurePrice>
      <AllowDiscount>1</AllowDiscount>
      <ItemStatus>1</ItemStatus>
      <ItemId>94756</ItemId>
    </Item>
    <Item>
      <PriceUpdateDate>2025-01-06 18:38:47</PriceUpdateDate>
      <ItemCode>7290000110844</ItemCode>
      <ItemType>1</ItemType>
      <ItemName>כיפלי גריל</ItemName>
      <ManufacturerName>אתר שפע - Food</ManufacturerName>
      <ManufactureCountry>ישראל</ManufactureCountry>
      <ManufacturerItemDescription>TELMA</ManufacturerItemDescription>
      <UnitQty>גרמים</UnitQty>
      <Quantity>70.00</Quantity>
      <UnitOfMeasure>100 גרם</UnitOfMeasure>
      <bIsWeighted>0</bIsWeighted>
      <QtyInPackage>לא ידוע</QtyInPackage>
      <ItemPrice>6.00</ItemPrice>
      <UnitOfMeasurePrice>0.0857</UnitOfMeasurePrice>
      <AllowDiscount>1</AllowDiscount>
      <ItemStatus>1</ItemStatus>
      <ItemId>51230</ItemId>
    </Item>
    <Item>
      <PriceUpdateDate>2025-06-03 12:43:31</PriceUpdateDate>
      <ItemCode>7290000111186</ItemCode>
      <ItemType>1</ItemType>
      <ItemName>מיונז תלמה 500 גרם</ItemName>
      <ManufacturerName>אתר חיפה ממרחים - Fo</ManufacturerName>
      <ManufactureCountry>ישראל</ManufactureCountry>
      <ManufacturerItemDescription>TELMA</ManufacturerItemDescription>
      <UnitQty>גרמים</UnitQty>
      <Quantity>500.00</Quantity>
      <UnitOfMeasure>100 גרם</UnitOfMeasure>
      <bIsWeighted>0</bIsWeighted>
      <QtyInPackage>לא ידוע</QtyInPackage>
      <ItemPrice>12.90</ItemPrice>
      <UnitOfMeasurePrice>0.0258</UnitOfMeasurePrice>
      <AllowDiscount>1</AllowDiscount>
      <ItemStatus>1</ItemStatus>
      <ItemId>51235</ItemId>
    </Item>
    <Item>
      <PriceUpdateDate>2023-08-06 10:52:15</PriceUpdateDate>
      <ItemCode>7290000111384</ItemCode>
      <ItemType>1</ItemType>
      <ItemName>חרדל תלמה 550גר' 12X</ItemName>
      <ManufacturerName>אתר חיפה ממרחים - Fo</ManufacturerName>
      <ManufactureCountry>ישראל</ManufactureCountry>
      <ManufacturerItemDescription>TELMA</ManufacturerItemDescription>
      <UnitQty>גרמים</UnitQty>
      <Quantity>550.00</Quantity>
      <UnitOfMeasure>100 גרם</UnitOfMeasure>
      <bIsWeighted>0</bIsWeighted>
      <QtyInPackage>לא ידוע</QtyInPackage>
      <ItemPrice>9.90</ItemPrice>
      <UnitOfMeasurePrice>0.0180</UnitOfMeasurePrice>
      <AllowDiscount>1</AllowDiscount>
      <ItemStatus>1</ItemStatus>
      <ItemId>51238</ItemId>
    </Item>
    <Item>
      <PriceUpdateDate>2025-05-21 13:35:30</PriceUpdateDate>
      <ItemCode>7290000117720</ItemCode>
      <ItemType>1</ItemType>
      <ItemName>נמס בכוס פטריות 43ג</ItemName>
      <ManufacturerName>אתר חיפה אבקות - Foo</ManufacturerName>
      <ManufactureCountry>ישראל</ManufactureCountry>
      <ManufacturerItemDescription>KNORR</ManufacturerItemDescription>
      <UnitQty>גרמים</UnitQty>
      <Quantity>43.00</Quantity>
      <UnitOfMeasure>100 גרם</UnitOfMeasure>
      <bIsWeighted>0</bIsWeighted>
      <QtyInPackage>לא ידוע</QtyInPackage>
      <ItemPrice>7.90</ItemPrice>
      <UnitOfMeasurePrice>0.1837</UnitOfMeasurePrice>
      <AllowDiscount>1</AllowDiscount>
      <ItemStatus>1</ItemStatus>
      <ItemId>51261</ItemId>
    </Item>
    <Item>
      <PriceUpdateDate>2025-11-17 14:54:57</PriceUpdateDate>
      <ItemCode>7290000120836</ItemCode>
      <ItemType>1</ItemType>
      <ItemName>הלמנס מיונז אמיתי 39</ItemName>
      <ManufacturerName>יונילוור ארה"ב - HPC</ManufacturerName>
      <ManufactureCountry>ארצות הברית</ManufactureCountry>
      <ManufacturerItemDescription>HELLMANNS</ManufacturerItemDescription>
      <UnitQty>גרמים</UnitQty>
      <Quantity>394.00</Quantity>
      <UnitOfMeasure>100 גרם</UnitOfMeasure>
      <bIsWeighted>0</bIsWeighted>
      <QtyInPackage>לא ידוע</QtyInPackage>
      <ItemPrice>15.90</ItemPrice>
      <UnitOfMeasurePrice>0.0404</UnitOfMeasurePrice>
      <AllowDiscount>1</AllowDiscount>
      <ItemStatus>1</ItemStatus>
      <ItemId>51270</ItemId>
    </Item>
    <Item>
      <PriceUpdateDate>2025-11-17 14:54:57</PriceUpdateDate>
      <ItemCode>7290000120874</ItemCode>
      <ItemType>1</ItemType>
      <ItemName>הלמנ'ס לייט 424 גר'</ItemName>
      <ManufacturerName>יונילוור ארה"ב - HPC</ManufacturerName>
      <ManufactureCountry>ארצות הברית</ManufactureCountry>
      <ManufacturerItemDescription>HELLMANNS</ManufacturerItemDescription>
      <UnitQty>גרמים</UnitQty>
      <Quantity>424.00</Quantity>
      <UnitOfMeasure>100 גרם</UnitOfMeasure>
      <bIsWeighted>0</bIsWeighted>
      <QtyInPackage>לא ידוע</QtyInPackage>
      <ItemPrice>15.90</ItemPrice>
      <UnitOfMeasurePrice>0.0375</UnitOfMeasurePrice>
      <AllowDiscount>1</AllowDiscount>
      <ItemStatus>1</ItemStatus>
      <ItemId>51271</ItemId>
    </Item>
    <Item>
      <PriceUpdateDate>2025-05-27 15:01:28</PriceUpdateDate>
      <ItemCode>7290000168173</ItemCode>
      <ItemType>1</ItemType>
      <ItemName>ברנפלקס קרנצים 375</ItemName>
      <ManufacturerName>אתר שפע - Food</ManufacturerName>
      <ManufactureCountry>ישראל</ManufactureCountry>
      <ManufacturerItemDescription>TELMA</ManufacturerItemDescription>
      <UnitQty>גרמים</UnitQty>
      <Quantity>375.00</Quantity>
      <UnitOfMeasure>100 גרם</UnitOfMeasure>
      <bIsWeighted>0</bIsWeighted>
      <QtyInPackage>לא ידוע</QtyInPackage>
      <ItemPrice>26.90</ItemPrice>
      <UnitOfMeasurePrice>0.0717</UnitOfMeasurePrice>
      <AllowDiscount>1</AllowDiscount>
      <ItemStatus>1</ItemStatus>
      <ItemId>51336</ItemId>
    </Item>
    <Item>
      <PriceUpdateDate>2025-06-23 17:03:25</PriceUpdateDate>
      <ItemCode>8000070053465</ItemCode>
      <ItemType>1</ItemType>
      <ItemName>קפסולות קפה לוואצה א</ItemName>
      <ManufacturerName>לואיג'י לוואצה</ManufacturerName>
      <ManufactureCountry>איטליה</ManufactureCountry>
      <ManufacturerItemDescription>קפסולות קפה לוואצה א</ManufacturerItemDescription>
      <UnitQty>גרמים</UnitQty>
      <Quantity>88.80</Quantity>
      <UnitOfMeasure>100 גרם</UnitOfMeasure>
      <bIsWeighted>0</bIsWeighted>
      <QtyInPackage>לא ידוע</QtyInPackage>
      <ItemPrice>22.90</ItemPrice>
      <UnitOfMeasurePrice>0.2579</UnitOfMeasurePrice>
      <AllowDiscount>1</AllowDiscount>
      <ItemStatus>1</ItemStatus>
      <ItemId>75239</ItemId>
    </Item>
    <Item>
      <PriceUpdateDate>2025-11-17 14:55:37</PriceUpdateDate>
      <ItemCode>7290003805501</ItemCode>
      <ItemType>1</ItemType>
      <ItemName>פתית שוודי 300  גרם</ItemName>
      <ManufacturerName>אתר שפע - Food</ManufacturerName>
      <ManufactureCountry>ישראל</ManufactureCountry>
      <ManufacturerItemDescription>PATIT</ManufacturerItemDescription>
      <UnitQty>גרמים</UnitQty>
      <Quantity>300.00</Quantity>
      <UnitOfMeasure>100 גרם</UnitOfMeasure>
      <bIsWeighted>0</bIsWeighted>
      <QtyInPackage>לא ידוע</QtyInPackage>
      <ItemPrice>20.90</ItemPrice>
      <UnitOfMeasurePrice>0.0697</UnitOfMeasurePrice>
      <AllowDiscount>1</AllowDiscount>
      <ItemStatus>1</ItemStatus>
      <ItemId>51461</ItemId>
    </Item>
    <Item>
      <PriceUpdateDate>2025-11-17 14:55:37</PriceUpdateDate>
      <ItemCode>7290003805587</ItemCode>
      <ItemType>1</ItemType>
      <ItemName>פתית חיטה מלאה 250</ItemName>
      <ManufacturerName>אתר שפע - Food</ManufacturerName>
      <ManufactureCountry>ישראל</ManufactureCountry>
      <ManufacturerItemDescription>PATIT</ManufacturerItemDescription>
      <UnitQty>גרמים</UnitQty>
      <Quantity>250.00</Quantity>
      <UnitOfMeasure>100 גרם</UnitOfMeasure>
      <bIsWeighted>0</bIsWeighted>
      <QtyInPackage>לא ידוע</QtyInPackage>
      <ItemPrice>20.90</ItemPrice>
      <UnitOfMeasurePrice>0.0836</UnitOfMeasurePrice>
      <AllowDiscount>1</AllowDiscount>
      <ItemStatus>1</ItemStatus>
      <ItemId>51465</ItemId>
    </Item>
    <Item>
      <PriceUpdateDate>2025-11-17 14:55:27</PriceUpdateDate>
      <ItemCode>7290003806591</ItemCode>
      <ItemType>1</ItemType>
      <ItemName>דאב ספריי מלפפונים</ItemName>
      <ManufacturerName>יונילוור ארגנטינה -</ManufacturerName>
      <ManufactureCountry>ארגנטינה</ManufactureCountry>
      <ManufacturerItemDescription>DOVE</ManufacturerItemDescription>
      <UnitQty>מיליליטרים</UnitQty>
      <Quantity>150.00</Quantity>
      <UnitOfMeasure>100 מ"ל</UnitOfMeasure>
      <bIsWeighted>0</bIsWeighted>
      <QtyInPackage>לא ידוע</QtyInPackage>
      <ItemPrice>17.90</ItemPrice>
      <UnitOfMeasurePrice>0.1193</UnitOfMeasurePrice>
      <AllowDiscount>1</AllowDiscount>
      <ItemStatus>1</ItemStatus>
      <ItemId>51474</ItemId>
    </Item>
    <Item>
      <PriceUpdateDate>2025-11-17 14:55:37</PriceUpdateDate>
      <ItemCode>7290100240632</ItemCode>
      <ItemType>1</ItemType>
      <ItemName>פתית 6 דגנים 250 גרם</ItemName>
      <ManufacturerName>אתר שפע - Food</ManufacturerName>
      <ManufactureCountry>ישראל</ManufactureCountry>
      <ManufacturerItemDescription>PATIT</ManufacturerItemDescription>
      <UnitQty>גרמים</UnitQty>
      <Quantity>250.00</Quantity>
      <UnitOfMeasure>100 גרם</UnitOfMeasure>
      <bIsWeighted>0</bIsWeighted>
      <QtyInPackage>לא ידוע</QtyInPackage>
      <ItemPrice>20.90</ItemPrice>
      <UnitOfMeasurePrice>0.0836</UnitOfMeasurePrice>
      <AllowDiscount>1</AllowDiscount>
      <ItemStatus>1</ItemStatus>
      <ItemId>51531</ItemId>
    </Item>
    <Item>
      <PriceUpdateDate>2025-11-17 14:55:37</PriceUpdateDate>
      <ItemCode>7290100240656</ItemCode>
      <ItemType>1</ItemType>
      <ItemName>פתית שיפון 300 גרם</ItemName>
      <ManufacturerName>אתר שפע - Food</ManufacturerName>
      <ManufactureCountry>ישראל</ManufactureCountry>
      <ManufacturerItemDescription>PATIT</ManufacturerItemDescription>
      <UnitQty>גרמים</UnitQty>
      <Quantity>300.00</Quantity>
      <UnitOfMeasure>100 גרם</UnitOfMeasure>
      <bIsWeighted>0</bIsWeighted>
      <QtyInPackage>לא ידוע</QtyInPackage>
      <ItemPrice>20.90</ItemPrice>
      <UnitOfMeasurePrice>0.0697</UnitOfMeasurePrice>
      <AllowDiscount>1</AllowDiscount>
      <ItemStatus>1</ItemStatus>
      <ItemId>51532</ItemId>
    </Item>
    <Item>
      <PriceUpdateDate>2025-05-21 13:35:30</PriceUpdateDate>
      <ItemCode>7290100245231</ItemCode>
      <ItemType>1</ItemType>
      <ItemName>נמס בכוס+ט.עוף שקדי</ItemName>
      <ManufacturerName>אתר חיפה אבקות - Foo</ManufacturerName>
      <ManufactureCountry>ישראל</ManufactureCountry>
      <ManufacturerItemDescription>KNORR</ManufacturerItemDescription>
      <UnitQty>גרמים</UnitQty>
      <Quantity>50.00</Quantity>
      <UnitOfMeasure>100 גרם</UnitOfMeasure>
      <bIsWeighted>0</bIsWeighted>
      <QtyInPackage>לא ידוע</QtyInPackage>
      <ItemPrice>7.90</ItemPrice>
      <UnitOfMeasurePrice>0.1580</UnitOfMeasurePrice>
      <AllowDiscount>1</AllowDiscount>
      <ItemStatus>1</ItemStatus>
      <ItemId>51545</ItemId>
    </Item>
    <Item>
      <PriceUpdateDate>2025-05-21 13:35:30</PriceUpdateDate>
      <ItemCode>7290107646826</ItemCode>
      <ItemType>1</ItemType>
      <ItemName>חטיף דגנים שוגי שוקו</ItemName>
      <ManufacturerName>אתר צפת חטיפים - Foo</ManufacturerName>
      <ManufactureCountry>ישראל</ManufactureCountry>
      <ManufacturerItemDescription>תלמה</ManufacturerItemDescription>
      <UnitQty>גרמים</UnitQty>
      <Quantity>156.00</Quantity>
      <UnitOfMeasure>100 גרם</UnitOfMeasure>
      <bIsWeighted>0</bIsWeighted>
      <QtyInPackage>לא ידוע</QtyInPackage>
      <ItemPrice>17.90</ItemPrice>
      <UnitOfMeasurePrice>0.1147</UnitOfMeasurePrice>
      <AllowDiscount>1</AllowDiscount>
      <ItemStatus>1</ItemStatus>
      <ItemId>51658</ItemId>
    </Item>
    <Item>
      <PriceUpdateDate>2025-05-08 16:25:14</PriceUpdateDate>
      <ItemCode>7290018441220</ItemCode>
      <ItemType>1</ItemType>
      <ItemName>מאגדת טילון בצק עוגי</ItemName>
      <ManufacturerName>מוצרי איכות אמריקאיי</ManufacturerName>
      <ManufactureCountry>ישראל</ManufactureCountry>
      <ManufacturerItemDescription>בן &amp; ג'ריס</ManufacturerItemDescription>
      <UnitQty>גרמים</UnitQty>
      <Quantity>400.00</Quantity>
      <UnitOfMeasure>100 גרם</UnitOfMeasure>
      <bIsWeighted>0</bIsWeighted>
      <QtyInPackage>לא ידוע</QtyInPackage>
      <ItemPrice>29.10</ItemPrice>
      <UnitOfMeasurePrice>0.0728</UnitOfMeasurePrice>
      <AllowDiscount>1</AllowDiscount>
      <ItemStatus>1</ItemStatus>
      <ItemId>112239</ItemId>
    </Item>
    <Item>
      <PriceUpdateDate>2025-06-23 17:03:25</PriceUpdateDate>
      <ItemCode>8000070053526</ItemCode>
      <ItemType>1</ItemType>
      <ItemName>קפסולות קפה לוואצה ר</ItemName>
      <ManufacturerName>לואיג'י לוואצה</ManufacturerName>
      <ManufactureCountry>איטליה</ManufactureCountry>
      <ManufacturerItemDescription>קפסולות קפה לוואצה ר</ManufacturerItemDescription>
      <UnitQty>גרמים</UnitQty>
      <Quantity>83.80</Quantity>
      <UnitOfMeasure>100 גרם</UnitOfMeasure>
      <bIsWeighted>0</bIsWeighted>
      <QtyInPackage>לא ידוע</QtyInPackage>
      <ItemPrice>22.90</ItemPrice>
      <UnitOfMeasurePrice>0.2733</UnitOfMeasurePrice>
      <AllowDiscount>1</AllowDiscount>
      <ItemStatus>1</ItemStatus>
      <ItemId>75240</ItemId>
    </Item>
    <Item>
      <PriceUpdateDate>2025-05-21 13:35:30</PriceUpdateDate>
      <ItemCode>7290112490032</ItemCode>
      <ItemType>1</ItemType>
      <ItemName>נמס בכוס תירס לMSG</ItemName>
      <ManufacturerName>אתר חיפה אבקות - Foo</ManufacturerName>
      <ManufactureCountry>ישראל</ManufactureCountry>
      <ManufacturerItemDescription>KNORR</ManufacturerItemDescription>
      <UnitQty>גרמים</UnitQty>
      <Quantity>45.00</Quantity>
      <UnitOfMeasure>100 גרם</UnitOfMeasure>
      <bIsWeighted>0</bIsWeighted>
      <QtyInPackage>לא ידוע</QtyInPackage>
      <ItemPrice>7.90</ItemPrice>
      <UnitOfMeasurePrice>0.1756</UnitOfMeasurePrice>
      <AllowDiscount>1</AllowDiscount>
      <ItemStatus>1</ItemStatus>
      <ItemId>51739</ItemId>
    </Item>
    <Item>
      <PriceUpdateDate>2025-05-21 13:35:31</PriceUpdateDate>
      <ItemCode>7290112490216</ItemCode>
      <ItemType>1</ItemType>
      <ItemName>נמס בכוס ט.עוף קרוטו</ItemName>
      <ManufacturerName>אתר חיפה אבקות - Foo</ManufacturerName>
      <ManufactureCountry>ישראל</ManufactureCountry>
      <ManufacturerItemDescription>KNORR</ManufacturerItemDescription>
      <UnitQty>גרמים</UnitQty>
      <Quantity>48.00</Quantity>
      <UnitOfMeasure>100 גרם</UnitOfMeasure>
      <bIsWeighted>0</bIsWeighted>
      <QtyInPackage>לא ידוע</QtyInPackage>
      <ItemPrice>7.90</ItemPrice>
      <UnitOfMeasurePrice>0.1646</UnitOfMeasurePrice>
      <AllowDiscount>1</AllowDiscount>
      <ItemStatus>1</ItemStatus>
      <ItemId>51745</ItemId>
    </Item>
    <Item>
      <PriceUpdateDate>2025-05-21 13:35:31</PriceUpdateDate>
      <ItemCode>7290112490230</ItemCode>
      <ItemType>1</ItemType>
      <ItemName>נמס בכוס אפונה ר.טבע</ItemName>
      <ManufacturerName>אתר חיפה אבקות - Foo</ManufacturerName>
      <ManufactureCountry>ישראל</ManufactureCountry>
      <ManufacturerItemDescription>KNORR</ManufacturerItemDescription>
      <UnitQty>גרמים</UnitQty>
      <Quantity>50.00</Quantity>
      <UnitOfMeasure>100 גרם</UnitOfMeasure>
      <bIsWeighted>0</bIsWeighted>
      <QtyInPackage>לא ידוע</QtyInPackage>
      <ItemPrice>7.90</ItemPrice>
      <UnitOfMeasurePrice>0.1580</UnitOfMeasurePrice>
      <AllowDiscount>1</AllowDiscount>
      <ItemStatus>1</ItemStatus>
      <ItemId>51746</ItemId>
    </Item>
    <Item>
      <PriceUpdateDate>2025-11-17 14:54:58</PriceUpdateDate>
      <ItemCode>7290112490582</ItemCode>
      <ItemType>1</ItemType>
      <ItemName>חרדל דיזון 350 גרם</ItemName>
      <ManufacturerName>יוניליוור</ManufacturerName>
      <ManufactureCountry>ישראל</ManufactureCountry>
      <ManufacturerItemDescription>הלמנס</ManufacturerItemDescription>
      <UnitQty>גרמים</UnitQty>
      <Quantity>350.00</Quantity>
      <UnitOfMeasure>100 גרם</UnitOfMeasure>
      <bIsWeighted>0</bIsWeighted>
      <QtyInPackage>לא ידוע</QtyInPackage>
      <ItemPrice>15.90</ItemPrice>
      <UnitOfMeasurePrice>0.0454</UnitOfMeasurePrice>
      <AllowDiscount>1</AllowDiscount>
      <ItemStatus>1</ItemStatus>
      <ItemId>51752</ItemId>
    </Item>
    <Item>
      <PriceUpdateDate>2025-11-17 14:54:58</PriceUpdateDate>
      <ItemCode>7290112490599</ItemCode>
      <ItemType>1</ItemType>
      <ItemName>חרדל צרפתי עם גרגרים</ItemName>
      <ManufacturerName>יוניליוור</ManufacturerName>
      <ManufactureCountry>ישראל</ManufactureCountry>
      <ManufacturerItemDescription>הלמנס</ManufacturerItemDescription>
      <UnitQty>גרמים</UnitQty>
      <Quantity>350.00</Quantity>
      <UnitOfMeasure>100 גרם</UnitOfMeasure>
      <bIsWeighted>0</bIsWeighted>
      <QtyInPackage>לא ידוע</QtyInPackage>
      <ItemPrice>15.90</ItemPrice>
      <UnitOfMeasurePrice>0.0454</UnitOfMeasurePrice>
      <AllowDiscount>1</AllowDiscount>
      <ItemStatus>1</ItemStatus>
      <ItemId>51753</ItemId>
    </Item>
    <Item>
      <PriceUpdateDate>2025-05-27 14:16:15</PriceUpdateDate>
      <ItemCode>7290112492449</ItemCode>
      <ItemType>1</ItemType>
      <ItemName>שמפו פינוק 700 מ"ל</ItemName>
      <ManufacturerName>אתר ליוור - HPC</ManufacturerName>
      <ManufactureCountry>ישראל</ManufactureCountry>
      <ManufacturerItemDescription>PINUK</ManufacturerItemDescription>
      <UnitQty>מיליליטרים</UnitQty>
      <Quantity>700.00</Quantity>
      <UnitOfMeasure>100 מ"ל</UnitOfMeasure>
      <bIsWeighted>0</bIsWeighted>
      <QtyInPackage>לא ידוע</QtyInPackage>
      <ItemPrice>13.90</ItemPrice>
      <UnitOfMeasurePrice>0.0199</UnitOfMeasurePrice>
      <AllowDiscount>1</AllowDiscount>
      <ItemStatus>1</ItemStatus>
      <ItemId>51813</ItemId>
    </Item>
    <Item>
      <PriceUpdateDate>2025-05-27 14:16:15</PriceUpdateDate>
      <ItemCode>7290112492593</ItemCode>
      <ItemType>1</ItemType>
      <ItemName>פינוק תחליב רחצה קלא</ItemName>
      <ManufacturerName>אתר ליוור - HPC</ManufacturerName>
      <ManufactureCountry>ישראל</ManufactureCountry>
      <ManufacturerItemDescription>PINUK</ManufacturerItemDescription>
      <UnitQty>מיליליטרים</UnitQty>
      <Quantity>700.00</Quantity>
      <UnitOfMeasure>100 מ"ל</UnitOfMeasure>
      <bIsWeighted>0</bIsWeighted>
      <QtyInPackage>לא ידוע</QtyInPackage>
      <ItemPrice>13.90</ItemPrice>
      <UnitOfMeasurePrice>0.0199</UnitOfMeasurePrice>
      <AllowDiscount>1</AllowDiscount>
      <ItemStatus>1</ItemStatus>
      <ItemId>51826</ItemId>
    </Item>
    <Item>
      <PriceUpdateDate>2025-05-27 14:16:15</PriceUpdateDate>
      <ItemCode>7290112492630</ItemCode>
      <ItemType>1</ItemType>
      <ItemName>שמפו פינוק לגבר 700</ItemName>
      <ManufacturerName>אתר ליוור - HPC</ManufacturerName>
      <ManufactureCountry>ישראל</ManufactureCountry>
      <ManufacturerItemDescription>PINUK</ManufacturerItemDescription>
      <UnitQty>מיליליטרים</UnitQty>
      <Quantity>700.00</Quantity>
      <UnitOfMeasure>100 מ"ל</UnitOfMeasure>
      <bIsWeighted>0</bIsWeighted>
      <QtyInPackage>לא ידוע</QtyInPackage>
      <ItemPrice>13.90</ItemPrice>
      <UnitOfMeasurePrice>0.0199</UnitOfMeasurePrice>
      <AllowDiscount>1</AllowDiscount>
      <ItemStatus>1</ItemStatus>
      <ItemId>51830</ItemId>
    </Item>
    <Item>
      <PriceUpdateDate>2025-12-09 13:45:12</PriceUpdateDate>
      <ItemCode>7290112493316</ItemCode>
      <ItemType>1</ItemType>
      <ItemName>עשיר אפונה רכיבים טב</ItemName>
      <ManufacturerName>יוניליוור</ManufacturerName>
      <ManufactureCountry>ישראל</ManufactureCountry>
      <ManufacturerItemDescription>קנור</ManufacturerItemDescription>
      <UnitQty>גרמים</UnitQty>
      <Quantity>117.00</Quantity>
      <UnitOfMeasure>100 גרם</UnitOfMeasure>
      <bIsWeighted>0</bIsWeighted>
      <QtyInPackage>לא ידוע</QtyInPackage>
      <ItemPrice>14.90</ItemPrice>
      <UnitOfMeasurePrice>0.1274</UnitOfMeasurePrice>
      <AllowDiscount>1</AllowDiscount>
      <ItemStatus>1</ItemStatus>
      <ItemId>51867</ItemId>
    </Item>
    <Item>
      <PriceUpdateDate>2025-01-21 16:45:08</PriceUpdateDate>
      <ItemCode>7290112494221</ItemCode>
      <ItemType>1</ItemType>
      <ItemName>קליק ביסקויט תפזורת</ItemName>
      <ManufacturerName>אתר צפת חטיפים - Foo</ManufacturerName>
      <ManufactureCountry>ישראל</ManufactureCountry>
      <ManufacturerItemDescription>KLIK</ManufacturerItemDescription>
      <UnitQty>גרמים</UnitQty>
      <Quantity>65.00</Quantity>
      <UnitOfMeasure>100 גרם</UnitOfMeasure>
      <bIsWeighted>0</bIsWeighted>
      <QtyInPackage>לא ידוע</QtyInPackage>
      <ItemPrice>8.90</ItemPrice>
      <UnitOfMeasurePrice>0.1369</UnitOfMeasurePrice>
      <AllowDiscount>1</AllowDiscount>
      <ItemStatus>1</ItemStatus>
      <ItemId>51877</ItemId>
    </Item>
    <Item>
      <PriceUpdateDate>2025-01-21 16:45:08</PriceUpdateDate>
      <ItemCode>7290112494313</ItemCode>
      <ItemType>1</ItemType>
      <ItemName>קליק קורנפלקס 65 גרם</ItemName>
      <ManufacturerName>אתר צפת חטיפים - Foo</ManufacturerName>
      <ManufactureCountry>ישראל</ManufactureCountry>
      <ManufacturerItemDescription>KLIK</ManufacturerItemDescription>
      <UnitQty>גרמים</UnitQty>
      <Quantity>65.00</Quantity>
      <UnitOfMeasure>100 גרם</UnitOfMeasure>
      <bIsWeighted>0</bIsWeighted>
      <QtyInPackage>לא ידוע</QtyInPackage>
      <ItemPrice>8.90</ItemPrice>
      <UnitOfMeasurePrice>0.1369</UnitOfMeasurePrice>
      <AllowDiscount>1</AllowDiscount>
      <ItemStatus>1</ItemStatus>
      <ItemId>51883</ItemId>
    </Item>
    <Item>
      <PriceUpdateDate>2025-05-19 13:42:34</PriceUpdateDate>
      <ItemCode>7290112494351</ItemCode>
      <ItemType>1</ItemType>
      <ItemName>קורנפלקס צהוב בד"צ 8</ItemName>
      <ManufacturerName>יוניליוור</ManufacturerName>
      <ManufactureCountry>ישראל</ManufactureCountry>
      <ManufacturerItemDescription>קורנפלקס צהוב בד"צ 8</ManufacturerItemDescription>
      <UnitQty>גרמים</UnitQty>
      <Quantity>850.00</Quantity>
      <UnitOfMeasure>100 גרם</UnitOfMeasure>
      <bIsWeighted>0</bIsWeighted>
      <QtyInPackage>לא ידוע</QtyInPackage>
      <ItemPrice>22.90</ItemPrice>
      <UnitOfMeasurePrice>0.0269</UnitOfMeasurePrice>
      <AllowDiscount>1</AllowDiscount>
      <ItemStatus>1</ItemStatus>
      <ItemId>51885</ItemId>
    </Item>
    <Item>
      <PriceUpdateDate>2025-01-01 21:30:21</PriceUpdateDate>
      <ItemCode>7290111355929</ItemCode>
      <ItemType>1</ItemType>
      <ItemName>בראוניס בטעם שוקולד</ItemName>
      <ManufacturerName>מגדלנס לזארו</ManufacturerName>
      <ManufactureCountry>ספרד</ManufactureCountry>
      <ManufacturerItemDescription>בראוניס בטעם שוקולד</ManufacturerItemDescription>
      <UnitQty>גרמים</UnitQty>
      <Quantity>200.00</Quantity>
      <UnitOfMeasure>100 גרם</UnitOfMeasure>
      <bIsWeighted>0</bIsWeighted>
      <QtyInPackage>לא ידוע</QtyInPackage>
      <ItemPrice>14.00</ItemPrice>
      <UnitOfMeasurePrice>0.0700</UnitOfMeasurePrice>
      <AllowDiscount>1</AllowDiscount>
      <ItemStatus>1</ItemStatus>
      <ItemId>82200</ItemId>
    </Item>
    <Item>
      <PriceUpdateDate>2025-01-12 11:52:48</PriceUpdateDate>
      <ItemCode>7290116932842</ItemCode>
      <ItemType>1</ItemType>
      <ItemName>משקה שיבולת שועל בטע</ItemName>
      <ManufacturerName>תנובה</ManufacturerName>
      <ManufactureCountry>ישראל</ManufactureCountry>
      <ManufacturerItemDescription>משקה שיבולת שועל בטע</ManufacturerItemDescription>
      <UnitQty>ליטרים</UnitQty>
      <Quantity>1.00</Quantity>
      <UnitOfMeasure>ליטר    </UnitOfMeasure>
      <bIsWeighted>0</bIsWeighted>
      <QtyInPackage>לא ידוע</QtyInPackage>
      <ItemPrice>14.90</ItemPrice>
      <UnitOfMeasurePrice>14.9000</UnitOfMeasurePrice>
      <AllowDiscount>1</AllowDiscount>
      <ItemStatus>1</ItemStatus>
      <ItemId>79640</ItemId>
    </Item>
    <Item>
      <PriceUpdateDate>2025-06-25 11:33:06</PriceUpdateDate>
      <ItemCode>7290110577254</ItemCode>
      <ItemType>1</ItemType>
      <ItemName>יטבתה פרו קפה ללא סו</ItemName>
      <ManufacturerName>מחלבת יטבתה</ManufacturerName>
      <ManufactureCountry>ישראל</ManufactureCountry>
      <ManufacturerItemDescription>יטבתה</ManufacturerItemDescription>
      <UnitQty>מיליליטרים</UnitQty>
      <Quantity>350.00</Quantity>
      <UnitOfMeasure>100 מ"ל</UnitOfMeasure>
      <bIsWeighted>0</bIsWeighted>
      <QtyInPackage>לא ידוע</QtyInPackage>
      <ItemPrice>8.10</ItemPrice>
      <UnitOfMeasurePrice>0.0231</UnitOfMeasurePrice>
      <AllowDiscount>1</AllowDiscount>
      <ItemStatus>1</ItemStatus>
      <ItemId>72869</ItemId>
    </Item>
    <Item>
      <PriceUpdateDate>2025-11-17 14:54:58</PriceUpdateDate>
      <ItemCode>7290112495112</ItemCode>
      <ItemType>1</ItemType>
      <ItemName>נשנושים זעתר 260 גרם</ItemName>
      <ManufacturerName>אתר בייגל - Food</ManufacturerName>
      <ManufactureCountry>ישראל</ManufactureCountry>
      <ManufacturerItemDescription>B&amp;B</ManufacturerItemDescription>
      <UnitQty>גרמים</UnitQty>
      <Quantity>260.00</Quantity>
      <UnitOfMeasure>100 גרם</UnitOfMeasure>
      <bIsWeighted>0</bIsWeighted>
      <QtyInPackage>לא ידוע</QtyInPackage>
      <ItemPrice>16.90</ItemPrice>
      <UnitOfMeasurePrice>0.0650</UnitOfMeasurePrice>
      <AllowDiscount>1</AllowDiscount>
      <ItemStatus>1</ItemStatus>
      <ItemId>51917</ItemId>
    </Item>
    <Item>
      <PriceUpdateDate>2025-05-27 15:00:50</PriceUpdateDate>
      <ItemCode>7290112495280</ItemCode>
      <ItemType>1</ItemType>
      <ItemName>דגני ברנפלקס קינמון</ItemName>
      <ManufacturerName>אתר שפע - Food</ManufacturerName>
      <ManufactureCountry>ישראל</ManufactureCountry>
      <ManufacturerItemDescription>TELMA</ManufacturerItemDescription>
      <UnitQty>גרמים</UnitQty>
      <Quantity>400.00</Quantity>
      <UnitOfMeasure>100 גרם</UnitOfMeasure>
      <bIsWeighted>0</bIsWeighted>
      <QtyInPackage>לא ידוע</QtyInPackage>
      <ItemPrice>26.90</ItemPrice>
      <UnitOfMeasurePrice>0.0672</UnitOfMeasurePrice>
      <AllowDiscount>1</AllowDiscount>
      <ItemStatus>1</ItemStatus>
      <ItemId>51928</ItemId>
    </Item>
    <Item>
      <PriceUpdateDate>2025-05-20 15:10:11</PriceUpdateDate>
      <ItemCode>7290112495433</ItemCode>
      <ItemType>1</ItemType>
      <ItemName>דליפקאן 400 גרם</ItemName>
      <ManufacturerName>אתר שפע - Food</ManufacturerName>
      <ManufactureCountry>ישראל</ManufactureCountry>
      <ManufacturerItemDescription>TELMA</ManufacturerItemDescription>
      <UnitQty>גרמים</UnitQty>
      <Quantity>400.00</Quantity>
      <UnitOfMeasure>100 גרם</UnitOfMeasure>
      <bIsWeighted>0</bIsWeighted>
      <QtyInPackage>לא ידוע</QtyInPackage>
      <ItemPrice>26.90</ItemPrice>
      <UnitOfMeasurePrice>0.0672</UnitOfMeasurePrice>
      <AllowDiscount>1</AllowDiscount>
      <ItemStatus>1</ItemStatus>
      <ItemId>51933</ItemId>
    </Item>
    <Item>
      <PriceUpdateDate>2023-12-04 16:20:32</PriceUpdateDate>
      <ItemCode>7290000529011</ItemCode>
      <ItemType>1</ItemType>
      <ItemName>תה ארל גריי יוחננוף</ItemName>
      <ManufacturerName>תה עדנים</ManufacturerName>
      <ManufactureCountry>ישראל</ManufactureCountry>
      <ManufacturerItemDescription>תה ארל גריי יוחננוף</ManufacturerItemDescription>
      <UnitQty>יח'</UnitQty>
      <Quantity>50.00</Quantity>
      <UnitOfMeasure>יח'</UnitOfMeasure>
      <bIsWeighted>0</bIsWeighted>
      <QtyInPackage>לא ידוע</QtyInPackage>
      <ItemPrice>24.90</ItemPrice>
      <UnitOfMeasurePrice>0.4980</UnitOfMeasurePrice>
      <AllowDiscount>1</AllowDiscount>
      <ItemStatus>1</ItemStatus>
      <ItemId>73284</ItemId>
    </Item>
    <Item>
      <PriceUpdateDate>2025-11-17 14:54:58</PriceUpdateDate>
      <ItemCode>7290112495747</ItemCode>
      <ItemType>1</ItemType>
      <ItemName>רוטב צ'ילי מופחת סוכ</ItemName>
      <ManufacturerName>אתר חיפה  778 - Food</ManufacturerName>
      <ManufactureCountry>ישראל</ManufactureCountry>
      <ManufacturerItemDescription>KNORR</ManufacturerItemDescription>
      <UnitQty>מיליליטרים</UnitQty>
      <Quantity>300.00</Quantity>
      <UnitOfMeasure>100 מ"ל</UnitOfMeasure>
      <bIsWeighted>0</bIsWeighted>
      <QtyInPackage>לא ידוע</QtyInPackage>
      <ItemPrice>14.90</ItemPrice>
      <UnitOfMeasurePrice>0.0497</UnitOfMeasurePrice>
      <AllowDiscount>1</AllowDiscount>
      <ItemStatus>1</ItemStatus>
      <ItemId>51947</ItemId>
    </Item>
    <Item>
      <PriceUpdateDate>2025-11-17 14:54:58</PriceUpdateDate>
      <ItemCode>7290112496027</ItemCode>
      <ItemType>1</ItemType>
      <ItemName>אפיכל סירופ בטעם שוק</ItemName>
      <ManufacturerName>אתר חיפה  778 - Food</ManufacturerName>
      <ManufactureCountry>ישראל</ManufactureCountry>
      <ManufacturerItemDescription>EFICOL</ManufacturerItemDescription>
      <UnitQty>גרמים</UnitQty>
      <Quantity>580.00</Quantity>
      <UnitOfMeasure>100 גרם</UnitOfMeasure>
      <bIsWeighted>0</bIsWeighted>
      <QtyInPackage>לא ידוע</QtyInPackage>
      <ItemPrice>15.90</ItemPrice>
      <UnitOfMeasurePrice>0.0274</UnitOfMeasurePrice>
      <AllowDiscount>1</AllowDiscount>
      <ItemStatus>1</ItemStatus>
      <ItemId>51966</ItemId>
    </Item>
    <Item>
      <PriceUpdateDate>2025-11-17 14:54:58</PriceUpdateDate>
      <ItemCode>7290112496034</ItemCode>
      <ItemType>1</ItemType>
      <ItemName>אפיכל סירופ בטעם מיי</ItemName>
      <ManufacturerName>אתר חיפה  778 - Food</ManufacturerName>
      <ManufactureCountry>ישראל</ManufactureCountry>
      <ManufacturerItemDescription>EFICOL</ManufacturerItemDescription>
      <UnitQty>גרמים</UnitQty>
      <Quantity>580.00</Quantity>
      <UnitOfMeasure>100 גרם</UnitOfMeasure>
      <bIsWeighted>0</bIsWeighted>
      <QtyInPackage>לא ידוע</QtyInPackage>
      <ItemPrice>15.90</ItemPrice>
      <UnitOfMeasurePrice>0.0274</UnitOfMeasurePrice>
      <AllowDiscount>1</AllowDiscount>
      <ItemStatus>1</ItemStatus>
      <ItemId>51967</ItemId>
    </Item>
    <Item>
      <PriceUpdateDate>2025-08-12 13:57:13</PriceUpdateDate>
      <ItemCode>7290103706944</ItemCode>
      <ItemType>1</ItemType>
      <ItemName>מפיות לאירוח יוחננוף</ItemName>
      <ManufacturerName>שניב תעשיות נייר בע"</ManufacturerName>
      <ManufactureCountry>ישראל</ManufactureCountry>
      <ManufacturerItemDescription>מפיות לאירוח יוחננוף</ManufacturerItemDescription>
      <UnitQty>יח'</UnitQty>
      <Quantity>100.00</Quantity>
      <UnitOfMeasure>יח'</UnitOfMeasure>
      <bIsWeighted>0</bIsWeighted>
      <QtyInPackage>לא ידוע</QtyInPackage>
      <ItemPrice>4.90</ItemPrice>
      <UnitOfMeasurePrice>0.0490</UnitOfMeasurePrice>
      <AllowDiscount>1</AllowDiscount>
      <ItemStatus>1</ItemStatus>
      <ItemId>116948</ItemId>
    </Item>
    <Item>
      <PriceUpdateDate>2025-05-20 15:10:11</PriceUpdateDate>
      <ItemCode>7290112497994</ItemCode>
      <ItemType>1</ItemType>
      <ItemName>גרנולה פרוטאין בתוספ</ItemName>
      <ManufacturerName>תלמה</ManufacturerName>
      <ManufactureCountry>ישראל</ManufactureCountry>
      <ManufacturerItemDescription>גרנולה פרוטאין בתוספ</ManufacturerItemDescription>
      <UnitQty>גרמים</UnitQty>
      <Quantity>300.00</Quantity>
      <UnitOfMeasure>100 גרם</UnitOfMeasure>
      <bIsWeighted>0</bIsWeighted>
      <QtyInPackage>לא ידוע</QtyInPackage>
      <ItemPrice>18.90</ItemPrice>
      <UnitOfMeasurePrice>0.0630</UnitOfMeasurePrice>
      <AllowDiscount>1</AllowDiscount>
      <ItemStatus>1</ItemStatus>
      <ItemId>52011</ItemId>
    </Item>
    <Item>
      <PriceUpdateDate>2025-11-17 14:54:58</PriceUpdateDate>
      <ItemCode>7290116530482</ItemCode>
      <ItemType>1</ItemType>
      <ItemName>מארז קורנפלקס של אלו</ItemName>
      <ManufacturerName>תלמה</ManufacturerName>
      <ManufactureCountry>ישראל</ManufactureCountry>
      <ManufacturerItemDescription>מארז קורנפלקס של אלו</ManufacturerItemDescription>
      <UnitQty>גרמים</UnitQty>
      <Quantity>150.00</Quantity>
      <UnitOfMeasure>100 גרם</UnitOfMeasure>
      <bIsWeighted>0</bIsWeighted>
      <QtyInPackage>לא ידוע</QtyInPackage>
      <ItemPrice>16.90</ItemPrice>
      <UnitOfMeasurePrice>0.1127</UnitOfMeasurePrice>
      <AllowDiscount>1</AllowDiscount>
      <ItemStatus>1</ItemStatus>
      <ItemId>52059</ItemId>
    </Item>
    <Item>
      <PriceUpdateDate>2025-06-25 11:33:06</PriceUpdateDate>
      <ItemCode>7290110577261</ItemCode>
      <ItemType>1</ItemType>
      <ItemName>יטבתה פרו שוקולד אגו</ItemName>
      <ManufacturerName>מחלבת יטבתה</ManufacturerName>
      <ManufactureCountry>ישראל</ManufactureCountry>
      <ManufacturerItemDescription>יטבתה</ManufacturerItemDescription>
      <UnitQty>מיליליטרים</UnitQty>
      <Quantity>350.00</Quantity>
      <UnitOfMeasure>100 מ"ל</UnitOfMeasure>
      <bIsWeighted>0</bIsWeighted>
      <QtyInPackage>לא ידוע</QtyInPackage>
      <ItemPrice>8.10</ItemPrice>
      <UnitOfMeasurePrice>0.0231</UnitOfMeasurePrice>
      <AllowDiscount>1</AllowDiscount>
      <ItemStatus>1</ItemStatus>
      <ItemId>72870</ItemId>
    </Item>
    <Item>
      <PriceUpdateDate>2025-01-07 17:15:47</PriceUpdateDate>
      <ItemCode>7290116531762</ItemCode>
      <ItemType>1</ItemType>
      <ItemName>בדין דפי מרכך ורוד</ItemName>
      <ManufacturerName>קלינטסט - 3p ארה"ב</ManufacturerName>
      <ManufactureCountry>ארצות הברית</ManufactureCountry>
      <ManufacturerItemDescription>BADIN</ManufacturerItemDescription>
      <UnitQty>יח'</UnitQty>
      <Quantity>40.00</Quantity>
      <UnitOfMeasure>יח'</UnitOfMeasure>
      <bIsWeighted>0</bIsWeighted>
      <QtyInPackage>לא ידוע</QtyInPackage>
      <ItemPrice>20.90</ItemPrice>
      <UnitOfMeasurePrice>0.5225</UnitOfMeasurePrice>
      <AllowDiscount>1</AllowDiscount>
      <ItemStatus>1</ItemStatus>
      <ItemId>52097</ItemId>
    </Item>
    <Item>
      <PriceUpdateDate>2025-11-17 14:55:28</PriceUpdateDate>
      <ItemCode>8720181046605</ItemCode>
      <ItemType>1</ItemType>
      <ItemName>דאב ספריי אינביזיבל</ItemName>
      <ManufacturerName>יונילוור ארגנטינה -</ManufacturerName>
      <ManufactureCountry>ארגנטינה</ManufactureCountry>
      <ManufacturerItemDescription>DOVE</ManufacturerItemDescription>
      <UnitQty>מיליליטרים</UnitQty>
      <Quantity>150.00</Quantity>
      <UnitOfMeasure>100 מ"ל</UnitOfMeasure>
      <bIsWeighted>0</bIsWeighted>
      <QtyInPackage>לא ידוע</QtyInPackage>
      <ItemPrice>17.90</ItemPrice>
      <UnitOfMeasurePrice>0.1193</UnitOfMeasurePrice>
      <AllowDiscount>1</AllowDiscount>
      <ItemStatus>1</ItemStatus>
      <ItemId>52395</ItemId>
    </Item>
    <Item>
      <PriceUpdateDate>2025-11-17 14:56:02</PriceUpdateDate>
      <ItemCode>8720182253156</ItemCode>
      <ItemType>1</ItemType>
      <ItemName>דאב מוצק רביעיה</ItemName>
      <ManufacturerName>יוניליוור גרמניה (מנ</ManufacturerName>
      <ManufactureCountry>גרמניה</ManufactureCountry>
      <ManufacturerItemDescription>DOVE</ManufacturerItemDescription>
      <UnitQty>גרמים</UnitQty>
      <Quantity>360.00</Quantity>
      <UnitOfMeasure>100 גרם</UnitOfMeasure>
      <bIsWeighted>0</bIsWeighted>
      <QtyInPackage>לא ידוע</QtyInPackage>
      <ItemPrice>13.90</ItemPrice>
      <UnitOfMeasurePrice>0.0386</UnitOfMeasurePrice>
      <AllowDiscount>1</AllowDiscount>
      <ItemStatus>1</ItemStatus>
      <ItemId>52403</ItemId>
    </Item>
    <Item>
      <PriceUpdateDate>2025-01-06 18:38:57</PriceUpdateDate>
      <ItemCode>8720608014958</ItemCode>
      <ItemType>1</ItemType>
      <ItemName>תה שחור ליפטון 100 י</ItemName>
      <ManufacturerName>יונילוור הודו - Food</ManufacturerName>
      <ManufactureCountry>הודו</ManufactureCountry>
      <ManufacturerItemDescription>LIPTON YELLOW LABEL</ManufacturerItemDescription>
      <UnitQty>גרמים</UnitQty>
      <Quantity>150.00</Quantity>
      <UnitOfMeasure>100 גרם</UnitOfMeasure>
      <bIsWeighted>0</bIsWeighted>
      <QtyInPackage>לא ידוע</QtyInPackage>
      <ItemPrice>17.50</ItemPrice>
      <UnitOfMeasurePrice>0.1167</UnitOfMeasurePrice>
      <AllowDiscount>1</AllowDiscount>
      <ItemStatus>1</ItemStatus>
      <ItemId>52405</ItemId>
    </Item>
    <Item>
      <PriceUpdateDate>2024-05-26 14:52:16</PriceUpdateDate>
      <ItemCode>72961506</ItemCode>
      <ItemType>1</ItemType>
      <ItemName>פרילי תות גביע 125 ג</ItemName>
      <ManufacturerName>תנובה</ManufacturerName>
      <ManufactureCountry>ישראל</ManufactureCountry>
      <ManufacturerItemDescription>פרילי</ManufacturerItemDescription>
      <UnitQty>גרמים</UnitQty>
      <Quantity>125.00</Quantity>
      <UnitOfMeasure>100 גרם</UnitOfMeasure>
      <bIsWeighted>0</bIsWeighted>
      <QtyInPackage>לא ידוע</QtyInPackage>
      <ItemPrice>4.20</ItemPrice>
      <UnitOfMeasurePrice>0.0336</UnitOfMeasurePrice>
      <AllowDiscount>1</AllowDiscount>
      <ItemStatus>1</ItemStatus>
      <ItemId>52476</ItemId>
    </Item>
    <Item>
      <PriceUpdateDate>2024-05-26 14:52:16</PriceUpdateDate>
      <ItemCode>72961520</ItemCode>
      <ItemType>1</ItemType>
      <ItemName>פרילי אננס גביע 125</ItemName>
      <ManufacturerName>תנובה</ManufacturerName>
      <ManufactureCountry>ישראל</ManufactureCountry>
      <ManufacturerItemDescription>פרילי</ManufacturerItemDescription>
      <UnitQty>גרמים</UnitQty>
      <Quantity>125.00</Quantity>
      <UnitOfMeasure>100 גרם</UnitOfMeasure>
      <bIsWeighted>0</bIsWeighted>
      <QtyInPackage>לא ידוע</QtyInPackage>
      <ItemPrice>4.20</ItemPrice>
      <UnitOfMeasurePrice>0.0336</UnitOfMeasurePrice>
      <AllowDiscount>1</AllowDiscount>
      <ItemStatus>1</ItemStatus>
      <ItemId>52478</ItemId>
    </Item>
    <Item>
      <PriceUpdateDate>2024-05-26 14:52:16</PriceUpdateDate>
      <ItemCode>72963753</ItemCode>
      <ItemType>1</ItemType>
      <ItemName>שמנת אורגינל של פעם</ItemName>
      <ManufacturerName>תנובה</ManufacturerName>
      <ManufactureCountry>ישראל</ManufactureCountry>
      <ManufacturerItemDescription>תנובה</ManufacturerItemDescription>
      <UnitQty>מיליליטרים</UnitQty>
      <Quantity>200.00</Quantity>
      <UnitOfMeasure>100 מ"ל</UnitOfMeasure>
      <bIsWeighted>0</bIsWeighted>
      <QtyInPackage>לא ידוע</QtyInPackage>
      <ItemPrice>4.90</ItemPrice>
      <UnitOfMeasurePrice>0.0245</UnitOfMeasurePrice>
      <AllowDiscount>1</AllowDiscount>
      <ItemStatus>1</ItemStatus>
      <ItemId>52483</ItemId>
    </Item>
    <Item>
      <PriceUpdateDate>2025-01-06 18:38:53</PriceUpdateDate>
      <ItemCode>7290111355943</ItemCode>
      <ItemType>1</ItemType>
      <ItemName>בראוניס בטעם וניל עם</ItemName>
      <ManufacturerName>מגדלנס לזארו</ManufacturerName>
      <ManufactureCountry>ספרד</ManufactureCountry>
      <ManufacturerItemDescription>בראוניס בטעם וניל עם</ManufacturerItemDescription>
      <UnitQty>גרמים</UnitQty>
      <Quantity>200.00</Quantity>
      <UnitOfMeasure>100 גרם</UnitOfMeasure>
      <bIsWeighted>0</bIsWeighted>
      <QtyInPackage>לא ידוע</QtyInPackage>
      <ItemPrice>14.00</ItemPrice>
      <UnitOfMeasurePrice>0.0700</UnitOfMeasurePrice>
      <AllowDiscount>1</AllowDiscount>
      <ItemStatus>1</ItemStatus>
      <ItemId>82201</ItemId>
    </Item>
    <Item>
      <PriceUpdateDate>2024-05-26 14:52:17</PriceUpdateDate>
      <ItemCode>7290000040042</ItemCode>
      <ItemType>1</ItemType>
      <ItemName>יופלה יוגורט תות %3</ItemName>
      <ManufacturerName>תנובה</ManufacturerName>
      <ManufactureCountry>ישראל</ManufactureCountry>
      <ManufacturerItemDescription>יופלה</ManufacturerItemDescription>
      <UnitQty>גרמים</UnitQty>
      <Quantity>150.00</Quantity>
      <UnitOfMeasure>100 גרם</UnitOfMeasure>
      <bIsWeighted>0</bIsWeighted>
      <QtyInPackage>לא ידוע</QtyInPackage>
      <ItemPrice>5.60</ItemPrice>
      <UnitOfMeasurePrice>0.0373</UnitOfMeasurePrice>
      <AllowDiscount>1</AllowDiscount>
      <ItemStatus>1</ItemStatus>
      <ItemId>52493</ItemId>
    </Item>
    <Item>
      <PriceUpdateDate>2024-05-26 14:52:17</PriceUpdateDate>
      <ItemCode>7290000040080</ItemCode>
      <ItemType>1</ItemType>
      <ItemName>יופלה יוגורט אפרסק %</ItemName>
      <ManufacturerName>תנובה</ManufacturerName>
      <ManufactureCountry>ישראל</ManufactureCountry>
      <ManufacturerItemDescription>יופלה</ManufacturerItemDescription>
      <UnitQty>גרמים</UnitQty>
      <Quantity>150.00</Quantity>
      <UnitOfMeasure>100 גרם</UnitOfMeasure>
      <bIsWeighted>0</bIsWeighted>
      <QtyInPackage>לא ידוע</QtyInPackage>
      <ItemPrice>5.60</ItemPrice>
      <UnitOfMeasurePrice>0.0373</UnitOfMeasurePrice>
      <AllowDiscount>1</AllowDiscount>
      <ItemStatus>1</ItemStatus>
      <ItemId>52495</ItemId>
    </Item>
    <Item>
      <PriceUpdateDate>2025-01-01 21:29:10</PriceUpdateDate>
      <ItemCode>7290000040301</ItemCode>
      <ItemType>1</ItemType>
      <ItemName>קממבר עין גדי חפיסה</ItemName>
      <ManufacturerName>תנובה</ManufacturerName>
      <ManufactureCountry>ישראל</ManufactureCountry>
      <ManufacturerItemDescription>קולאז</ManufacturerItemDescription>
      <UnitQty>גרמים</UnitQty>
      <Quantity>125.00</Quantity>
      <UnitOfMeasure>100 גרם</UnitOfMeasure>
      <bIsWeighted>0</bIsWeighted>
      <QtyInPackage>לא ידוע</QtyInPackage>
      <ItemPrice>21.70</ItemPrice>
      <UnitOfMeasurePrice>0.1736</UnitOfMeasurePrice>
      <AllowDiscount>1</AllowDiscount>
      <ItemStatus>1</ItemStatus>
      <ItemId>52496</ItemId>
    </Item>
    <Item>
      <PriceUpdateDate>2025-01-01 21:29:10</PriceUpdateDate>
      <ItemCode>7290000040318</ItemCode>
      <ItemType>1</ItemType>
      <ItemName>ברי עדי חפיסה 24% 12</ItemName>
      <ManufacturerName>תנובה</ManufacturerName>
      <ManufactureCountry>ישראל</ManufactureCountry>
      <ManufacturerItemDescription>קולאז</ManufacturerItemDescription>
      <UnitQty>גרמים</UnitQty>
      <Quantity>125.00</Quantity>
      <UnitOfMeasure>100 גרם</UnitOfMeasure>
      <bIsWeighted>0</bIsWeighted>
      <QtyInPackage>לא ידוע</QtyInPackage>
      <ItemPrice>21.10</ItemPrice>
      <UnitOfMeasurePrice>0.1688</UnitOfMeasurePrice>
      <AllowDiscount>1</AllowDiscount>
      <ItemStatus>1</ItemStatus>
      <ItemId>52497</ItemId>
    </Item>
    <Item>
      <PriceUpdateDate>2025-05-11 15:05:00</PriceUpdateDate>
      <ItemCode>7290000042435</ItemCode>
      <ItemType>1</ItemType>
      <ItemName>חלב תנובה טרי קרט+ פ</ItemName>
      <ManufacturerName>תנובה</ManufacturerName>
      <ManufactureCountry>ישראל</ManufactureCountry>
      <ManufacturerItemDescription>תנובה</ManufacturerItemDescription>
      <UnitQty>ליטרים</UnitQty>
      <Quantity>1.00</Quantity>
      <UnitOfMeasure>ליטר    </UnitOfMeasure>
      <bIsWeighted>0</bIsWeighted>
      <QtyInPackage>לא ידוע</QtyInPackage>
      <ItemPrice>6.85</ItemPrice>
      <UnitOfMeasurePrice>6.8500</UnitOfMeasurePrice>
      <AllowDiscount>1</AllowDiscount>
      <ItemStatus>1</ItemStatus>
      <ItemId>52511</ItemId>
    </Item>
    <Item>
      <PriceUpdateDate>2025-05-11 15:08:35</PriceUpdateDate>
      <ItemCode>7290000043814</ItemCode>
      <ItemType>1</ItemType>
      <ItemName>שמנת להקצפה 38% 250</ItemName>
      <ManufacturerName>תנובה</ManufacturerName>
      <ManufactureCountry>ישראל</ManufactureCountry>
      <ManufacturerItemDescription>השף הלבן</ManufacturerItemDescription>
      <UnitQty>מיליליטרים</UnitQty>
      <Quantity>250.00</Quantity>
      <UnitOfMeasure>100 מ"ל</UnitOfMeasure>
      <bIsWeighted>0</bIsWeighted>
      <QtyInPackage>לא ידוע</QtyInPackage>
      <ItemPrice>7.56</ItemPrice>
      <UnitOfMeasurePrice>0.0302</UnitOfMeasurePrice>
      <AllowDiscount>1</AllowDiscount>
      <ItemStatus>1</ItemStatus>
      <ItemId>52522</ItemId>
    </Item>
    <Item>
      <PriceUpdateDate>2024-07-22 17:47:24</PriceUpdateDate>
      <ItemCode>745314261265</ItemCode>
      <ItemType>1</ItemType>
      <ItemName>אוכמניות כחולות 500</ItemName>
      <ManufacturerName>עבודי פירות קפואים ב</ManufacturerName>
      <ManufactureCountry>פולין</ManufactureCountry>
      <ManufacturerItemDescription>אוכמניות כחולות 500</ManufacturerItemDescription>
      <UnitQty>גרמים</UnitQty>
      <Quantity>500.00</Quantity>
      <UnitOfMeasure>100 גרם</UnitOfMeasure>
      <bIsWeighted>0</bIsWeighted>
      <QtyInPackage>לא ידוע</QtyInPackage>
      <ItemPrice>20.90</ItemPrice>
      <UnitOfMeasurePrice>0.0418</UnitOfMeasurePrice>
      <AllowDiscount>1</AllowDiscount>
      <ItemStatus>1</ItemStatus>
      <ItemId>96049</ItemId>
    </Item>
    <Item>
      <PriceUpdateDate>2025-01-01 21:29:10</PriceUpdateDate>
      <ItemCode>7290000043944</ItemCode>
      <ItemType>1</ItemType>
      <ItemName>יוגורט תנובה כד 1.5</ItemName>
      <ManufacturerName>תנובה</ManufacturerName>
      <ManufactureCountry>ישראל</ManufactureCountry>
      <ManufacturerItemDescription>תנובה</ManufacturerItemDescription>
      <UnitQty>ליטרים</UnitQty>
      <Quantity>1.50</Quantity>
      <UnitOfMeasure>ליטר    </UnitOfMeasure>
      <bIsWeighted>0</bIsWeighted>
      <QtyInPackage>לא ידוע</QtyInPackage>
      <ItemPrice>19.70</ItemPrice>
      <UnitOfMeasurePrice>13.1333</UnitOfMeasurePrice>
      <AllowDiscount>1</AllowDiscount>
      <ItemStatus>1</ItemStatus>
      <ItemId>52524</ItemId>
    </Item>
    <Item>
      <PriceUpdateDate>2025-01-01 21:29:10</PriceUpdateDate>
      <ItemCode>7290000044248</ItemCode>
      <ItemType>1</ItemType>
      <ItemName>רוויון קרטון 500 מל</ItemName>
      <ManufacturerName>תנובה</ManufacturerName>
      <ManufactureCountry>ישראל</ManufactureCountry>
      <ManufacturerItemDescription>רוויון</ManufacturerItemDescription>
      <UnitQty>מיליליטרים</UnitQty>
      <Quantity>500.00</Quantity>
      <UnitOfMeasure>100 מ"ל</UnitOfMeasure>
      <bIsWeighted>0</bIsWeighted>
      <QtyInPackage>לא ידוע</QtyInPackage>
      <ItemPrice>7.80</ItemPrice>
      <UnitOfMeasurePrice>0.0156</UnitOfMeasurePrice>
      <AllowDiscount>1</AllowDiscount>
      <ItemStatus>1</ItemStatus>
      <ItemId>52525</ItemId>
    </Item>
    <Item>
      <PriceUpdateDate>2025-01-01 21:29:10</PriceUpdateDate>
      <ItemCode>7290000045573</ItemCode>
      <ItemType>1</ItemType>
      <ItemName>נעמה משולשים 200 גרם</ItemName>
      <ManufacturerName>תנובה</ManufacturerName>
      <ManufactureCountry>ישראל</ManufactureCountry>
      <ManufacturerItemDescription>נעמה</ManufacturerItemDescription>
      <UnitQty>גרמים</UnitQty>
      <Quantity>200.00</Quantity>
      <UnitOfMeasure>100 גרם</UnitOfMeasure>
      <bIsWeighted>0</bIsWeighted>
      <QtyInPackage>לא ידוע</QtyInPackage>
      <ItemPrice>17.00</ItemPrice>
      <UnitOfMeasurePrice>0.0850</UnitOfMeasurePrice>
      <AllowDiscount>1</AllowDiscount>
      <ItemStatus>1</ItemStatus>
      <ItemId>52530</ItemId>
    </Item>
    <Item>
      <PriceUpdateDate>2025-01-01 21:29:10</PriceUpdateDate>
      <ItemCode>7290000045917</ItemCode>
      <ItemType>1</ItemType>
      <ItemName>פרומעז גבינת עזים גל</ItemName>
      <ManufacturerName>תנובה</ManufacturerName>
      <ManufactureCountry>ישראל</ManufactureCountry>
      <ManufacturerItemDescription>קולאז</ManufacturerItemDescription>
      <UnitQty>גרמים</UnitQty>
      <Quantity>200.00</Quantity>
      <UnitOfMeasure>100 גרם</UnitOfMeasure>
      <bIsWeighted>0</bIsWeighted>
      <QtyInPackage>לא ידוע</QtyInPackage>
      <ItemPrice>29.10</ItemPrice>
      <UnitOfMeasurePrice>0.1455</UnitOfMeasurePrice>
      <AllowDiscount>1</AllowDiscount>
      <ItemStatus>1</ItemStatus>
      <ItemId>52533</ItemId>
    </Item>
    <Item>
      <PriceUpdateDate>2025-05-11 15:05:00</PriceUpdateDate>
      <ItemCode>7290000048185</ItemCode>
      <ItemType>1</ItemType>
      <ItemName>גבינה לבנה 5% 250 גר</ItemName>
      <ManufacturerName>תנובה</ManufacturerName>
      <ManufactureCountry>ישראל</ManufactureCountry>
      <ManufacturerItemDescription>תנובה</ManufacturerItemDescription>
      <UnitQty>גרמים</UnitQty>
      <Quantity>250.00</Quantity>
      <UnitOfMeasure>100 גרם</UnitOfMeasure>
      <bIsWeighted>0</bIsWeighted>
      <QtyInPackage>לא ידוע</QtyInPackage>
      <ItemPrice>5.81</ItemPrice>
      <UnitOfMeasurePrice>0.0232</UnitOfMeasurePrice>
      <AllowDiscount>1</AllowDiscount>
      <ItemStatus>1</ItemStatus>
      <ItemId>52541</ItemId>
    </Item>
    <Item>
      <PriceUpdateDate>2025-01-08 17:02:28</PriceUpdateDate>
      <ItemCode>7290000048192</ItemCode>
      <ItemType>1</ItemType>
      <ItemName>גבינה לבנה 9% 250 גר</ItemName>
      <ManufacturerName>תנובה</ManufacturerName>
      <ManufactureCountry>ישראל</ManufactureCountry>
      <ManufacturerItemDescription>תנובה</ManufacturerItemDescription>
      <UnitQty>גרמים</UnitQty>
      <Quantity>250.00</Quantity>
      <UnitOfMeasure>100 גרם</UnitOfMeasure>
      <bIsWeighted>0</bIsWeighted>
      <QtyInPackage>לא ידוע</QtyInPackage>
      <ItemPrice>6.00</ItemPrice>
      <UnitOfMeasurePrice>0.0240</UnitOfMeasurePrice>
      <AllowDiscount>1</AllowDiscount>
      <ItemStatus>1</ItemStatus>
      <ItemId>52542</ItemId>
    </Item>
    <Item>
      <PriceUpdateDate>2025-10-19 15:25:46</PriceUpdateDate>
      <ItemCode>7290000051352</ItemCode>
      <ItemType>1</ItemType>
      <ItemName>חלב מלא בטעם של פעם</ItemName>
      <ManufacturerName>תנובה</ManufacturerName>
      <ManufactureCountry>ישראל</ManufactureCountry>
      <ManufacturerItemDescription>תנובה</ManufacturerItemDescription>
      <UnitQty>ליטרים</UnitQty>
      <Quantity>1.00</Quantity>
      <UnitOfMeasure>ליטר    </UnitOfMeasure>
      <bIsWeighted>0</bIsWeighted>
      <QtyInPackage>לא ידוע</QtyInPackage>
      <ItemPrice>9.50</ItemPrice>
      <UnitOfMeasurePrice>9.5000</UnitOfMeasurePrice>
      <AllowDiscount>1</AllowDiscount>
      <ItemStatus>1</ItemStatus>
      <ItemId>52559</ItemId>
    </Item>
    <Item>
      <PriceUpdateDate>2024-05-26 16:28:31</PriceUpdateDate>
      <ItemCode>7290000051710</ItemCode>
      <ItemType>1</ItemType>
      <ItemName>פיראוס לאבנה9% עם שמ</ItemName>
      <ManufacturerName>תנובה</ManufacturerName>
      <ManufactureCountry>ישראל</ManufactureCountry>
      <ManufacturerItemDescription>פיראוס</ManufacturerItemDescription>
      <UnitQty>גרמים</UnitQty>
      <Quantity>263.00</Quantity>
      <UnitOfMeasure>100 גרם</UnitOfMeasure>
      <bIsWeighted>0</bIsWeighted>
      <QtyInPackage>לא ידוע</QtyInPackage>
      <ItemPrice>14.90</ItemPrice>
      <UnitOfMeasurePrice>0.0567</UnitOfMeasurePrice>
      <AllowDiscount>1</AllowDiscount>
      <ItemStatus>1</ItemStatus>
      <ItemId>52561</ItemId>
    </Item>
    <Item>
      <PriceUpdateDate>2024-04-08 17:31:56</PriceUpdateDate>
      <ItemCode>7290117766644</ItemCode>
      <ItemType>1</ItemType>
      <ItemName>ניוקי תפוח אדמה יוחנ</ItemName>
      <ManufacturerName>לא ידוע</ManufacturerName>
      <ManufactureCountry>איטליה</ManufactureCountry>
      <ManufacturerItemDescription>ניוקי תפוח אדמה יוחנ</ManufacturerItemDescription>
      <UnitQty>גרמים</UnitQty>
      <Quantity>500.00</Quantity>
      <UnitOfMeasure>100 גרם</UnitOfMeasure>
      <bIsWeighted>0</bIsWeighted>
      <QtyInPackage>לא ידוע</QtyInPackage>
      <ItemPrice>6.90</ItemPrice>
      <UnitOfMeasurePrice>0.0138</UnitOfMeasurePrice>
      <AllowDiscount>1</AllowDiscount>
      <ItemStatus>1</ItemStatus>
      <ItemId>88040</ItemId>
    </Item>
    <Item>
      <PriceUpdateDate>2025-01-01 21:29:11</PriceUpdateDate>
      <ItemCode>7290000055329</ItemCode>
      <ItemType>1</ItemType>
      <ItemName>יופלה משקה יוגורט תו</ItemName>
      <ManufacturerName>תנובה</ManufacturerName>
      <ManufactureCountry>ישראל</ManufactureCountry>
      <ManufacturerItemDescription>יופלה</ManufacturerItemDescription>
      <UnitQty>גרמים</UnitQty>
      <Quantity>250.00</Quantity>
      <UnitOfMeasure>100 גרם</UnitOfMeasure>
      <bIsWeighted>0</bIsWeighted>
      <QtyInPackage>לא ידוע</QtyInPackage>
      <ItemPrice>6.30</ItemPrice>
      <UnitOfMeasurePrice>0.0252</UnitOfMeasurePrice>
      <AllowDiscount>1</AllowDiscount>
      <ItemStatus>1</ItemStatus>
      <ItemId>52581</ItemId>
    </Item>
    <Item>
      <PriceUpdateDate>2025-01-01 21:29:11</PriceUpdateDate>
      <ItemCode>7290000055336</ItemCode>
      <ItemType>1</ItemType>
      <ItemName>יופלה משקה יוגורט בנ</ItemName>
      <ManufacturerName>תנובה</ManufacturerName>
      <ManufactureCountry>ישראל</ManufactureCountry>
      <ManufacturerItemDescription>יופלה</ManufacturerItemDescription>
      <UnitQty>גרמים</UnitQty>
      <Quantity>250.00</Quantity>
      <UnitOfMeasure>100 גרם</UnitOfMeasure>
      <bIsWeighted>0</bIsWeighted>
      <QtyInPackage>לא ידוע</QtyInPackage>
      <ItemPrice>6.30</ItemPrice>
      <UnitOfMeasurePrice>0.0252</UnitOfMeasurePrice>
      <AllowDiscount>1</AllowDiscount>
      <ItemStatus>1</ItemStatus>
      <ItemId>52582</ItemId>
    </Item>
    <Item>
      <PriceUpdateDate>2024-11-12 12:00:46</PriceUpdateDate>
      <ItemCode>7290117766651</ItemCode>
      <ItemType>1</ItemType>
      <ItemName>ניוקי תפוח אדמה יוחנ</ItemName>
      <ManufacturerName>לא ידוע</ManufacturerName>
      <ManufactureCountry>איטליה</ManufactureCountry>
      <ManufacturerItemDescription>ניוקי תפוח אדמה יוחנ</ManufacturerItemDescription>
      <UnitQty>קילוגרמים</UnitQty>
      <Quantity>1.00</Quantity>
      <UnitOfMeasure>ק"ג     </UnitOfMeasure>
      <bIsWeighted>0</bIsWeighted>
      <QtyInPackage>לא ידוע</QtyInPackage>
      <ItemPrice>10.90</ItemPrice>
      <UnitOfMeasurePrice>10.9000</UnitOfMeasurePrice>
      <AllowDiscount>1</AllowDiscount>
      <ItemStatus>1</ItemStatus>
      <ItemId>88041</ItemId>
    </Item>
    <Item>
      <PriceUpdateDate>2025-11-30 19:02:58</PriceUpdateDate>
      <ItemCode>7290116932644</ItemCode>
      <ItemType>1</ItemType>
      <ItemName>נפוליאון בתוספת זעתר</ItemName>
      <ManufacturerName>תנובה</ManufacturerName>
      <ManufactureCountry>ישראל</ManufactureCountry>
      <ManufacturerItemDescription>נפוליאון</ManufacturerItemDescription>
      <UnitQty>גרמים</UnitQty>
      <Quantity>225.00</Quantity>
      <UnitOfMeasure>100 גרם</UnitOfMeasure>
      <bIsWeighted>0</bIsWeighted>
      <QtyInPackage>לא ידוע</QtyInPackage>
      <ItemPrice>16.00</ItemPrice>
      <UnitOfMeasurePrice>0.0711</UnitOfMeasurePrice>
      <AllowDiscount>1</AllowDiscount>
      <ItemStatus>1</ItemStatus>
      <ItemId>78954</ItemId>
    </Item>
    <Item>
      <PriceUpdateDate>2025-01-01 21:29:11</PriceUpdateDate>
      <ItemCode>7290000056951</ItemCode>
      <ItemType>1</ItemType>
      <ItemName>שמנת לבישול 15% 500</ItemName>
      <ManufacturerName>תנובה</ManufacturerName>
      <ManufactureCountry>ישראל</ManufactureCountry>
      <ManufacturerItemDescription>השף הלבן</ManufacturerItemDescription>
      <UnitQty>מיליליטרים</UnitQty>
      <Quantity>500.00</Quantity>
      <UnitOfMeasure>100 מ"ל</UnitOfMeasure>
      <bIsWeighted>0</bIsWeighted>
      <QtyInPackage>לא ידוע</QtyInPackage>
      <ItemPrice>18.90</ItemPrice>
      <UnitOfMeasurePrice>0.0378</UnitOfMeasurePrice>
      <AllowDiscount>1</AllowDiscount>
      <ItemStatus>1</ItemStatus>
      <ItemId>52599</ItemId>
    </Item>
    <Item>
      <PriceUpdateDate>2025-01-01 21:29:11</PriceUpdateDate>
      <ItemCode>7290000057118</ItemCode>
      <ItemType>1</ItemType>
      <ItemName>עמק פרוס סמי מעדנייה</ItemName>
      <ManufacturerName>תנובה</ManufacturerName>
      <ManufactureCountry>ישראל</ManufactureCountry>
      <ManufacturerItemDescription>תנובה</ManufacturerItemDescription>
      <UnitQty>גרמים</UnitQty>
      <Quantity>400.00</Quantity>
      <UnitOfMeasure>100 גרם</UnitOfMeasure>
      <bIsWeighted>0</bIsWeighted>
      <QtyInPackage>לא ידוע</QtyInPackage>
      <ItemPrice>25.70</ItemPrice>
      <UnitOfMeasurePrice>0.0642</UnitOfMeasurePrice>
      <AllowDiscount>1</AllowDiscount>
      <ItemStatus>1</ItemStatus>
      <ItemId>52603</ItemId>
    </Item>
    <Item>
      <PriceUpdateDate>2025-09-01 13:10:19</PriceUpdateDate>
      <ItemCode>7290000058030</ItemCode>
      <ItemType>1</ItemType>
      <ItemName>יופלה משקה יוגורט תו</ItemName>
      <ManufacturerName>תנובה</ManufacturerName>
      <ManufactureCountry>ישראל</ManufactureCountry>
      <ManufacturerItemDescription>יופלה</ManufacturerItemDescription>
      <UnitQty>מיליליטרים</UnitQty>
      <Quantity>800.00</Quantity>
      <UnitOfMeasure>100 מ"ל</UnitOfMeasure>
      <bIsWeighted>0</bIsWeighted>
      <QtyInPackage>לא ידוע</QtyInPackage>
      <ItemPrice>22.90</ItemPrice>
      <UnitOfMeasurePrice>0.0286</UnitOfMeasurePrice>
      <AllowDiscount>1</AllowDiscount>
      <ItemStatus>1</ItemStatus>
      <ItemId>52610</ItemId>
    </Item>
    <Item>
      <PriceUpdateDate>2025-05-11 15:05:00</PriceUpdateDate>
      <ItemCode>7290000058047</ItemCode>
      <ItemType>1</ItemType>
      <ItemName>שמנת להקצפה 38% 500</ItemName>
      <ManufacturerName>תנובה</ManufacturerName>
      <ManufactureCountry>לא ידוע</ManufactureCountry>
      <ManufacturerItemDescription>השף הלבן</ManufacturerItemDescription>
      <UnitQty>יחידה   </UnitQty>
      <Quantity>0.00</Quantity>
      <UnitOfMeasure>יחידה   </UnitOfMeasure>
      <bIsWeighted>0</bIsWeighted>
      <QtyInPackage>לא ידוע</QtyInPackage>
      <ItemPrice>15.12</ItemPrice>
      <UnitOfMeasurePrice>0.0000</UnitOfMeasurePrice>
      <AllowDiscount>1</AllowDiscount>
      <ItemStatus>1</ItemStatus>
      <ItemId>52611</ItemId>
    </Item>
    <Item>
      <PriceUpdateDate>2025-01-01 21:29:13</PriceUpdateDate>
      <ItemCode>7290004122195</ItemCode>
      <ItemType>1</ItemType>
      <ItemName>גוש חלב פרוס 200 %28</ItemName>
      <ManufacturerName>תנובה</ManufacturerName>
      <ManufactureCountry>ישראל</ManufactureCountry>
      <ManufacturerItemDescription>תנובה</ManufacturerItemDescription>
      <UnitQty>גרמים</UnitQty>
      <Quantity>200.00</Quantity>
      <UnitOfMeasure>100 גרם</UnitOfMeasure>
      <bIsWeighted>0</bIsWeighted>
      <QtyInPackage>לא ידוע</QtyInPackage>
      <ItemPrice>16.50</ItemPrice>
      <UnitOfMeasurePrice>0.0825</UnitOfMeasurePrice>
      <AllowDiscount>1</AllowDiscount>
      <ItemStatus>1</ItemStatus>
      <ItemId>52680</ItemId>
    </Item>
    <Item>
      <PriceUpdateDate>2025-01-01 21:29:13</PriceUpdateDate>
      <ItemCode>7290004122270</ItemCode>
      <ItemType>1</ItemType>
      <ItemName>עמק פרוס בקופסא 200</ItemName>
      <ManufacturerName>תנובה</ManufacturerName>
      <ManufactureCountry>ישראל</ManufactureCountry>
      <ManufacturerItemDescription>תנובה</ManufacturerItemDescription>
      <UnitQty>גרמים</UnitQty>
      <Quantity>200.00</Quantity>
      <UnitOfMeasure>100 גרם</UnitOfMeasure>
      <bIsWeighted>0</bIsWeighted>
      <QtyInPackage>לא ידוע</QtyInPackage>
      <ItemPrice>18.10</ItemPrice>
      <UnitOfMeasurePrice>0.0905</UnitOfMeasurePrice>
      <AllowDiscount>1</AllowDiscount>
      <ItemStatus>1</ItemStatus>
      <ItemId>52681</ItemId>
    </Item>
    <Item>
      <PriceUpdateDate>2024-05-26 14:52:17</PriceUpdateDate>
      <ItemCode>7290004124205</ItemCode>
      <ItemType>1</ItemType>
      <ItemName>יופלה דיאט יוגורט תו</ItemName>
      <ManufacturerName>תנובה</ManufacturerName>
      <ManufactureCountry>ישראל</ManufactureCountry>
      <ManufacturerItemDescription>יופלה</ManufacturerItemDescription>
      <UnitQty>גרמים</UnitQty>
      <Quantity>150.00</Quantity>
      <UnitOfMeasure>100 גרם</UnitOfMeasure>
      <bIsWeighted>0</bIsWeighted>
      <QtyInPackage>לא ידוע</QtyInPackage>
      <ItemPrice>5.70</ItemPrice>
      <UnitOfMeasurePrice>0.0380</UnitOfMeasurePrice>
      <AllowDiscount>1</AllowDiscount>
      <ItemStatus>1</ItemStatus>
      <ItemId>52691</ItemId>
    </Item>
    <Item>
      <PriceUpdateDate>2025-05-11 15:05:00</PriceUpdateDate>
      <ItemCode>7290004125400</ItemCode>
      <ItemType>1</ItemType>
      <ItemName>אשל 4.5% 200מל מהדרי</ItemName>
      <ManufacturerName>תנובה</ManufacturerName>
      <ManufactureCountry>לא ידוע</ManufactureCountry>
      <ManufacturerItemDescription>תנובה</ManufacturerItemDescription>
      <UnitQty>יחידה   </UnitQty>
      <Quantity>0.00</Quantity>
      <UnitOfMeasure>יחידה   </UnitOfMeasure>
      <bIsWeighted>0</bIsWeighted>
      <QtyInPackage>לא ידוע</QtyInPackage>
      <ItemPrice>1.97</ItemPrice>
      <UnitOfMeasurePrice>0.0000</UnitOfMeasurePrice>
      <AllowDiscount>1</AllowDiscount>
      <ItemStatus>1</ItemStatus>
      <ItemId>52695</ItemId>
    </Item>
    <Item>
      <PriceUpdateDate>2024-01-15 09:08:01</PriceUpdateDate>
      <ItemCode>7290000529035</ItemCode>
      <ItemType>1</ItemType>
      <ItemName>תה ירוק נענע יוחננוף</ItemName>
      <ManufacturerName>תה עדנים</ManufacturerName>
      <ManufactureCountry>ישראל</ManufactureCountry>
      <ManufacturerItemDescription>תה ירוק נענע יוחננוף</ManufacturerItemDescription>
      <UnitQty>יח'</UnitQty>
      <Quantity>50.00</Quantity>
      <UnitOfMeasure>יח'</UnitOfMeasure>
      <bIsWeighted>0</bIsWeighted>
      <QtyInPackage>לא ידוע</QtyInPackage>
      <ItemPrice>24.90</ItemPrice>
      <UnitOfMeasurePrice>0.4980</UnitOfMeasurePrice>
      <AllowDiscount>1</AllowDiscount>
      <ItemStatus>1</ItemStatus>
      <ItemId>73286</ItemId>
    </Item>
    <Item>
      <PriceUpdateDate>2025-05-11 15:05:00</PriceUpdateDate>
      <ItemCode>7290004125417</ItemCode>
      <ItemType>1</ItemType>
      <ItemName>גיל 3% 200מל מהדרין</ItemName>
      <ManufacturerName>תנובה</ManufacturerName>
      <ManufactureCountry>לא ידוע</ManufactureCountry>
      <ManufacturerItemDescription>תנובה</ManufacturerItemDescription>
      <UnitQty>יחידה   </UnitQty>
      <Quantity>0.00</Quantity>
      <UnitOfMeasure>יחידה   </UnitOfMeasure>
      <bIsWeighted>0</bIsWeighted>
      <QtyInPackage>לא ידוע</QtyInPackage>
      <ItemPrice>1.76</ItemPrice>
      <UnitOfMeasurePrice>0.0000</UnitOfMeasurePrice>
      <AllowDiscount>1</AllowDiscount>
      <ItemStatus>1</ItemStatus>
      <ItemId>52696</ItemId>
    </Item>
    <Item>
      <PriceUpdateDate>2025-05-11 15:05:00</PriceUpdateDate>
      <ItemCode>7290004125455</ItemCode>
      <ItemType>1</ItemType>
      <ItemName>שמנת אורגינל 15% 200</ItemName>
      <ManufacturerName>תנובה</ManufacturerName>
      <ManufactureCountry>ישראל</ManufactureCountry>
      <ManufacturerItemDescription>תנובה</ManufacturerItemDescription>
      <UnitQty>מיליליטרים</UnitQty>
      <Quantity>200.00</Quantity>
      <UnitOfMeasure>100 מ"ל</UnitOfMeasure>
      <bIsWeighted>0</bIsWeighted>
      <QtyInPackage>לא ידוע</QtyInPackage>
      <ItemPrice>2.81</ItemPrice>
      <UnitOfMeasurePrice>0.0141</UnitOfMeasurePrice>
      <AllowDiscount>1</AllowDiscount>
      <ItemStatus>1</ItemStatus>
      <ItemId>52697</ItemId>
    </Item>
    <Item>
      <PriceUpdateDate>2024-05-26 14:52:17</PriceUpdateDate>
      <ItemCode>7290004125509</ItemCode>
      <ItemType>1</ItemType>
      <ItemName>שמנת 100 גרם 15% חצי</ItemName>
      <ManufacturerName>תנובה</ManufacturerName>
      <ManufactureCountry>ישראל</ManufactureCountry>
      <ManufacturerItemDescription>תנובה</ManufacturerItemDescription>
      <UnitQty>גרמים</UnitQty>
      <Quantity>100.00</Quantity>
      <UnitOfMeasure>100 גרם</UnitOfMeasure>
      <bIsWeighted>0</bIsWeighted>
      <QtyInPackage>לא ידוע</QtyInPackage>
      <ItemPrice>2.00</ItemPrice>
      <UnitOfMeasurePrice>0.0200</UnitOfMeasurePrice>
      <AllowDiscount>1</AllowDiscount>
      <ItemStatus>1</ItemStatus>
      <ItemId>52699</ItemId>
    </Item>
    <Item>
      <PriceUpdateDate>2025-01-09 17:27:52</PriceUpdateDate>
      <ItemCode>7290004125578</ItemCode>
      <ItemType>1</ItemType>
      <ItemName>משקה סויה מועשר 1 לי</ItemName>
      <ManufacturerName>תנובה</ManufacturerName>
      <ManufactureCountry>ישראל</ManufactureCountry>
      <ManufacturerItemDescription>תנובה</ManufacturerItemDescription>
      <UnitQty>ליטרים</UnitQty>
      <Quantity>1.00</Quantity>
      <UnitOfMeasure>ליטר    </UnitOfMeasure>
      <bIsWeighted>0</bIsWeighted>
      <QtyInPackage>לא ידוע</QtyInPackage>
      <ItemPrice>11.90</ItemPrice>
      <UnitOfMeasurePrice>11.9000</UnitOfMeasurePrice>
      <AllowDiscount>1</AllowDiscount>
      <ItemStatus>1</ItemStatus>
      <ItemId>52700</ItemId>
    </Item>
    <Item>
      <PriceUpdateDate>2025-01-01 21:29:13</PriceUpdateDate>
      <ItemCode>7290004125776</ItemCode>
      <ItemType>1</ItemType>
      <ItemName>עמק פרוס 28% 400 גרם</ItemName>
      <ManufacturerName>תנובה</ManufacturerName>
      <ManufactureCountry>ישראל</ManufactureCountry>
      <ManufacturerItemDescription>תנובה</ManufacturerItemDescription>
      <UnitQty>גרמים</UnitQty>
      <Quantity>400.00</Quantity>
      <UnitOfMeasure>100 גרם</UnitOfMeasure>
      <bIsWeighted>0</bIsWeighted>
      <QtyInPackage>לא ידוע</QtyInPackage>
      <ItemPrice>32.80</ItemPrice>
      <UnitOfMeasurePrice>0.0820</UnitOfMeasurePrice>
      <AllowDiscount>1</AllowDiscount>
      <ItemStatus>1</ItemStatus>
      <ItemId>52705</ItemId>
    </Item>
    <Item>
      <PriceUpdateDate>2024-05-27 11:47:14</PriceUpdateDate>
      <ItemCode>7290004127077</ItemCode>
      <ItemType>1</ItemType>
      <ItemName>קוטג תנובה 3% גביע 2</ItemName>
      <ManufacturerName>תנובה</ManufacturerName>
      <ManufactureCountry>ישראל</ManufactureCountry>
      <ManufacturerItemDescription>תנובה</ManufacturerItemDescription>
      <UnitQty>גרמים</UnitQty>
      <Quantity>250.00</Quantity>
      <UnitOfMeasure>100 גרם</UnitOfMeasure>
      <bIsWeighted>0</bIsWeighted>
      <QtyInPackage>לא ידוע</QtyInPackage>
      <ItemPrice>5.90</ItemPrice>
      <UnitOfMeasurePrice>0.0236</UnitOfMeasurePrice>
      <AllowDiscount>1</AllowDiscount>
      <ItemStatus>1</ItemStatus>
      <ItemId>52710</ItemId>
    </Item>
    <Item>
      <PriceUpdateDate>2024-05-27 11:47:14</PriceUpdateDate>
      <ItemCode>7290004127329</ItemCode>
      <ItemType>1</ItemType>
      <ItemName>קוטג תנובה גביע 250</ItemName>
      <ManufacturerName>תנובה</ManufacturerName>
      <ManufactureCountry>ישראל</ManufactureCountry>
      <ManufacturerItemDescription>תנובה</ManufacturerItemDescription>
      <UnitQty>גרמים</UnitQty>
      <Quantity>250.00</Quantity>
      <UnitOfMeasure>100 גרם</UnitOfMeasure>
      <bIsWeighted>0</bIsWeighted>
      <QtyInPackage>לא ידוע</QtyInPackage>
      <ItemPrice>5.90</ItemPrice>
      <UnitOfMeasurePrice>0.0236</UnitOfMeasurePrice>
      <AllowDiscount>1</AllowDiscount>
      <ItemStatus>1</ItemStatus>
      <ItemId>52711</ItemId>
    </Item>
    <Item>
      <PriceUpdateDate>2024-05-27 11:47:14</PriceUpdateDate>
      <ItemCode>7290004127336</ItemCode>
      <ItemType>1</ItemType>
      <ItemName>קוטג תנובה גביע 250</ItemName>
      <ManufacturerName>תנובה</ManufacturerName>
      <ManufactureCountry>ישראל</ManufactureCountry>
      <ManufacturerItemDescription>תנובה</ManufacturerItemDescription>
      <UnitQty>גרמים</UnitQty>
      <Quantity>250.00</Quantity>
      <UnitOfMeasure>100 גרם</UnitOfMeasure>
      <bIsWeighted>0</bIsWeighted>
      <QtyInPackage>לא ידוע</QtyInPackage>
      <ItemPrice>5.90</ItemPrice>
      <UnitOfMeasurePrice>0.0236</UnitOfMeasurePrice>
      <AllowDiscount>1</AllowDiscount>
      <ItemStatus>1</ItemStatus>
      <ItemId>52712</ItemId>
    </Item>
    <Item>
      <PriceUpdateDate>2025-11-30 19:02:58</PriceUpdateDate>
      <ItemCode>7290004129101</ItemCode>
      <ItemType>1</ItemType>
      <ItemName>נפוליאון טבעי גביע 2</ItemName>
      <ManufacturerName>תנובה</ManufacturerName>
      <ManufactureCountry>ישראל</ManufactureCountry>
      <ManufacturerItemDescription>נפוליאון</ManufacturerItemDescription>
      <UnitQty>גרמים</UnitQty>
      <Quantity>225.00</Quantity>
      <UnitOfMeasure>100 גרם</UnitOfMeasure>
      <bIsWeighted>0</bIsWeighted>
      <QtyInPackage>לא ידוע</QtyInPackage>
      <ItemPrice>16.00</ItemPrice>
      <UnitOfMeasurePrice>0.0711</UnitOfMeasurePrice>
      <AllowDiscount>1</AllowDiscount>
      <ItemStatus>1</ItemStatus>
      <ItemId>52722</ItemId>
    </Item>
    <Item>
      <PriceUpdateDate>2025-11-30 19:02:58</PriceUpdateDate>
      <ItemCode>7290004129156</ItemCode>
      <ItemType>1</ItemType>
      <ItemName>נפוליאון שום שמיר גב</ItemName>
      <ManufacturerName>תנובה</ManufacturerName>
      <ManufactureCountry>ישראל</ManufactureCountry>
      <ManufacturerItemDescription>נפוליאון</ManufacturerItemDescription>
      <UnitQty>גרמים</UnitQty>
      <Quantity>225.00</Quantity>
      <UnitOfMeasure>100 גרם</UnitOfMeasure>
      <bIsWeighted>0</bIsWeighted>
      <QtyInPackage>לא ידוע</QtyInPackage>
      <ItemPrice>16.00</ItemPrice>
      <UnitOfMeasurePrice>0.0711</UnitOfMeasurePrice>
      <AllowDiscount>1</AllowDiscount>
      <ItemStatus>1</ItemStatus>
      <ItemId>52724</ItemId>
    </Item>
    <Item>
      <PriceUpdateDate>2025-05-11 15:05:00</PriceUpdateDate>
      <ItemCode>7290004131074</ItemCode>
      <ItemType>1</ItemType>
      <ItemName>חלב תנובה טרי1ל קרטו</ItemName>
      <ManufacturerName>תנובה</ManufacturerName>
      <ManufactureCountry>ישראל</ManufactureCountry>
      <ManufacturerItemDescription>תנובה</ManufacturerItemDescription>
      <UnitQty>ליטרים</UnitQty>
      <Quantity>1.00</Quantity>
      <UnitOfMeasure>ליטר    </UnitOfMeasure>
      <bIsWeighted>0</bIsWeighted>
      <QtyInPackage>לא ידוע</QtyInPackage>
      <ItemPrice>7.28</ItemPrice>
      <UnitOfMeasurePrice>7.2800</UnitOfMeasurePrice>
      <AllowDiscount>1</AllowDiscount>
      <ItemStatus>1</ItemStatus>
      <ItemId>52733</ItemId>
    </Item>
    <Item>
      <PriceUpdateDate>2025-01-05 16:22:12</PriceUpdateDate>
      <ItemCode>7290110576837</ItemCode>
      <ItemType>1</ItemType>
      <ItemName>רוטב עגבניות ופלפלים</ItemName>
      <ManufacturerName>אמיליאנה קונסרב</ManufacturerName>
      <ManufactureCountry>איטליה</ManufactureCountry>
      <ManufacturerItemDescription>יד מרדכי</ManufacturerItemDescription>
      <UnitQty>גרמים</UnitQty>
      <Quantity>350.00</Quantity>
      <UnitOfMeasure>100 גרם</UnitOfMeasure>
      <bIsWeighted>0</bIsWeighted>
      <QtyInPackage>לא ידוע</QtyInPackage>
      <ItemPrice>13.60</ItemPrice>
      <UnitOfMeasurePrice>0.0389</UnitOfMeasurePrice>
      <AllowDiscount>1</AllowDiscount>
      <ItemStatus>1</ItemStatus>
      <ItemId>72854</ItemId>
    </Item>
    <Item>
      <PriceUpdateDate>2025-01-01 21:29:14</PriceUpdateDate>
      <ItemCode>7290004136598</ItemCode>
      <ItemType>1</ItemType>
      <ItemName>מארז הפסקת אוכל חלב</ItemName>
      <ManufacturerName>תנובה</ManufacturerName>
      <ManufactureCountry>ישראל</ManufactureCountry>
      <ManufacturerItemDescription>תנובה</ManufacturerItemDescription>
      <UnitQty>יח'</UnitQty>
      <Quantity>1.00</Quantity>
      <UnitOfMeasure>יח'</UnitOfMeasure>
      <bIsWeighted>0</bIsWeighted>
      <QtyInPackage>לא ידוע</QtyInPackage>
      <ItemPrice>11.00</ItemPrice>
      <UnitOfMeasurePrice>11.0000</UnitOfMeasurePrice>
      <AllowDiscount>1</AllowDiscount>
      <ItemStatus>1</ItemStatus>
      <ItemId>52775</ItemId>
    </Item>
    <Item>
      <PriceUpdateDate>2025-01-01 21:29:14</PriceUpdateDate>
      <ItemCode>7290004137021</ItemCode>
      <ItemType>1</ItemType>
      <ItemName>שמנת לבישול 10% 250</ItemName>
      <ManufacturerName>תנובה</ManufacturerName>
      <ManufactureCountry>ישראל</ManufactureCountry>
      <ManufacturerItemDescription>השף הלבן</ManufacturerItemDescription>
      <UnitQty>מיליליטרים</UnitQty>
      <Quantity>250.00</Quantity>
      <UnitOfMeasure>100 מ"ל</UnitOfMeasure>
      <bIsWeighted>0</bIsWeighted>
      <QtyInPackage>לא ידוע</QtyInPackage>
      <ItemPrice>9.90</ItemPrice>
      <UnitOfMeasurePrice>0.0396</UnitOfMeasurePrice>
      <AllowDiscount>1</AllowDiscount>
      <ItemStatus>1</ItemStatus>
      <ItemId>52780</ItemId>
    </Item>
    <Item>
      <PriceUpdateDate>2025-08-13 11:52:14</PriceUpdateDate>
      <ItemCode>7290004137311</ItemCode>
      <ItemType>1</ItemType>
      <ItemName>עמק לייט פרוס 400 גר</ItemName>
      <ManufacturerName>תנובה</ManufacturerName>
      <ManufactureCountry>ישראל</ManufactureCountry>
      <ManufacturerItemDescription>תנובה</ManufacturerItemDescription>
      <UnitQty>גרמים</UnitQty>
      <Quantity>400.00</Quantity>
      <UnitOfMeasure>100 גרם</UnitOfMeasure>
      <bIsWeighted>0</bIsWeighted>
      <QtyInPackage>לא ידוע</QtyInPackage>
      <ItemPrice>35.70</ItemPrice>
      <UnitOfMeasurePrice>0.0893</UnitOfMeasurePrice>
      <AllowDiscount>1</AllowDiscount>
      <ItemStatus>1</ItemStatus>
      <ItemId>52781</ItemId>
    </Item>
    <Item>
      <PriceUpdateDate>2025-01-01 21:29:14</PriceUpdateDate>
      <ItemCode>7290004137809</ItemCode>
      <ItemType>1</ItemType>
      <ItemName>פיראוס לאבנה 5% גביע</ItemName>
      <ManufacturerName>תנובה</ManufacturerName>
      <ManufactureCountry>ישראל</ManufactureCountry>
      <ManufacturerItemDescription>פיראוס</ManufacturerItemDescription>
      <UnitQty>גרמים</UnitQty>
      <Quantity>250.00</Quantity>
      <UnitOfMeasure>100 גרם</UnitOfMeasure>
      <bIsWeighted>0</bIsWeighted>
      <QtyInPackage>לא ידוע</QtyInPackage>
      <ItemPrice>15.00</ItemPrice>
      <UnitOfMeasurePrice>0.0600</UnitOfMeasurePrice>
      <AllowDiscount>1</AllowDiscount>
      <ItemStatus>1</ItemStatus>
      <ItemId>52782</ItemId>
    </Item>
    <Item>
      <PriceUpdateDate>2025-11-30 18:45:42</PriceUpdateDate>
      <ItemCode>7290018893142</ItemCode>
      <ItemType>1</ItemType>
      <ItemName>צ'וקטה גריסיני שמן ז</ItemName>
      <ManufacturerName>אלקה</ManufacturerName>
      <ManufactureCountry>רומניה</ManufactureCountry>
      <ManufacturerItemDescription>צ'וקטה גריסיני שמן ז</ManufacturerItemDescription>
      <UnitQty>גרמים</UnitQty>
      <Quantity>120.00</Quantity>
      <UnitOfMeasure>100 גרם</UnitOfMeasure>
      <bIsWeighted>0</bIsWeighted>
      <QtyInPackage>לא ידוע</QtyInPackage>
      <ItemPrice>10.00</ItemPrice>
      <UnitOfMeasurePrice>0.0833</UnitOfMeasurePrice>
      <AllowDiscount>1</AllowDiscount>
      <ItemStatus>1</ItemStatus>
      <ItemId>94792</ItemId>
    </Item>
    <Item>
      <PriceUpdateDate>2025-02-17 11:37:57</PriceUpdateDate>
      <ItemCode>33383220291</ItemCode>
      <ItemType>1</ItemType>
      <ItemName>אוכמניות</ItemName>
      <ManufacturerName>לא ידוע</ManufacturerName>
      <ManufactureCountry>צילה</ManufactureCountry>
      <ManufacturerItemDescription>אוכמניות</ManufacturerItemDescription>
      <UnitQty>יח'</UnitQty>
      <Quantity>1.00</Quantity>
      <UnitOfMeasure>יח'</UnitOfMeasure>
      <bIsWeighted>0</bIsWeighted>
      <QtyInPackage>לא ידוע</QtyInPackage>
      <ItemPrice>14.90</ItemPrice>
      <UnitOfMeasurePrice>14.9000</UnitOfMeasurePrice>
      <AllowDiscount>1</AllowDiscount>
      <ItemStatus>1</ItemStatus>
      <ItemId>82245</ItemId>
    </Item>
    <Item>
      <PriceUpdateDate>2025-01-01 21:29:17</PriceUpdateDate>
      <ItemCode>7290014758100</ItemCode>
      <ItemType>1</ItemType>
      <ItemName>מאגדת יוגורט ביו 3%</ItemName>
      <ManufacturerName>אוליביה</ManufacturerName>
      <ManufactureCountry>ישראל</ManufactureCountry>
      <ManufacturerItemDescription>תנובה</ManufacturerItemDescription>
      <UnitQty>ליטרים</UnitQty>
      <Quantity>1.20</Quantity>
      <UnitOfMeasure>ליטר    </UnitOfMeasure>
      <bIsWeighted>0</bIsWeighted>
      <QtyInPackage>לא ידוע</QtyInPackage>
      <ItemPrice>18.90</ItemPrice>
      <UnitOfMeasurePrice>15.7500</UnitOfMeasurePrice>
      <AllowDiscount>1</AllowDiscount>
      <ItemStatus>1</ItemStatus>
      <ItemId>52823</ItemId>
    </Item>
    <Item>
      <PriceUpdateDate>2025-01-01 21:29:17</PriceUpdateDate>
      <ItemCode>7290014759534</ItemCode>
      <ItemType>1</ItemType>
      <ItemName>בולגרית למריחה פיראו</ItemName>
      <ManufacturerName>תנובה</ManufacturerName>
      <ManufactureCountry>ישראל</ManufactureCountry>
      <ManufacturerItemDescription>פיראוס</ManufacturerItemDescription>
      <UnitQty>גרמים</UnitQty>
      <Quantity>200.00</Quantity>
      <UnitOfMeasure>100 גרם</UnitOfMeasure>
      <bIsWeighted>0</bIsWeighted>
      <QtyInPackage>לא ידוע</QtyInPackage>
      <ItemPrice>16.00</ItemPrice>
      <UnitOfMeasurePrice>0.0800</UnitOfMeasurePrice>
      <AllowDiscount>1</AllowDiscount>
      <ItemStatus>1</ItemStatus>
      <ItemId>52843</ItemId>
    </Item>
    <Item>
      <PriceUpdateDate>2025-01-01 21:29:17</PriceUpdateDate>
      <ItemCode>7290014759985</ItemCode>
      <ItemType>1</ItemType>
      <ItemName>פלח פרמזן גבע 23% 20</ItemName>
      <ManufacturerName>תנובה</ManufacturerName>
      <ManufactureCountry>ישראל</ManufactureCountry>
      <ManufacturerItemDescription>קולאז</ManufacturerItemDescription>
      <UnitQty>גרמים</UnitQty>
      <Quantity>200.00</Quantity>
      <UnitOfMeasure>100 גרם</UnitOfMeasure>
      <bIsWeighted>0</bIsWeighted>
      <QtyInPackage>לא ידוע</QtyInPackage>
      <ItemPrice>27.70</ItemPrice>
      <UnitOfMeasurePrice>0.1385</UnitOfMeasurePrice>
      <AllowDiscount>1</AllowDiscount>
      <ItemStatus>1</ItemStatus>
      <ItemId>52850</ItemId>
    </Item>
    <Item>
      <PriceUpdateDate>2025-01-12 11:52:48</PriceUpdateDate>
      <ItemCode>7290014760141</ItemCode>
      <ItemType>1</ItemType>
      <ItemName>משקה שקדים טרי 1 ליט</ItemName>
      <ManufacturerName>תנובה</ManufacturerName>
      <ManufactureCountry>ישראל</ManufactureCountry>
      <ManufacturerItemDescription>משקה שקדים טרי 1 ליט</ManufacturerItemDescription>
      <UnitQty>ליטרים</UnitQty>
      <Quantity>1.00</Quantity>
      <UnitOfMeasure>ליטר    </UnitOfMeasure>
      <bIsWeighted>0</bIsWeighted>
      <QtyInPackage>לא ידוע</QtyInPackage>
      <ItemPrice>14.90</ItemPrice>
      <UnitOfMeasurePrice>14.9000</UnitOfMeasurePrice>
      <AllowDiscount>1</AllowDiscount>
      <ItemStatus>1</ItemStatus>
      <ItemId>52857</ItemId>
    </Item>
    <Item>
      <PriceUpdateDate>2025-01-01 21:29:17</PriceUpdateDate>
      <ItemCode>7290014760912</ItemCode>
      <ItemType>1</ItemType>
      <ItemName>גוש חלב 28% 400 גרם</ItemName>
      <ManufacturerName>תנובה</ManufacturerName>
      <ManufactureCountry>ישראל</ManufactureCountry>
      <ManufacturerItemDescription>תנובה</ManufacturerItemDescription>
      <UnitQty>גרמים</UnitQty>
      <Quantity>400.00</Quantity>
      <UnitOfMeasure>100 גרם</UnitOfMeasure>
      <bIsWeighted>0</bIsWeighted>
      <QtyInPackage>לא ידוע</QtyInPackage>
      <ItemPrice>29.80</ItemPrice>
      <UnitOfMeasurePrice>0.0745</UnitOfMeasurePrice>
      <AllowDiscount>1</AllowDiscount>
      <ItemStatus>1</ItemStatus>
      <ItemId>52876</ItemId>
    </Item>
    <Item>
      <PriceUpdateDate>2024-05-26 14:52:18</PriceUpdateDate>
      <ItemCode>7290014761193</ItemCode>
      <ItemType>1</ItemType>
      <ItemName>פרילי פירות יער 1.5%</ItemName>
      <ManufacturerName>תנובה</ManufacturerName>
      <ManufactureCountry>ישראל</ManufactureCountry>
      <ManufacturerItemDescription>פרילי</ManufacturerItemDescription>
      <UnitQty>גרמים</UnitQty>
      <Quantity>125.00</Quantity>
      <UnitOfMeasure>100 גרם</UnitOfMeasure>
      <bIsWeighted>0</bIsWeighted>
      <QtyInPackage>לא ידוע</QtyInPackage>
      <ItemPrice>4.20</ItemPrice>
      <UnitOfMeasurePrice>0.0336</UnitOfMeasurePrice>
      <AllowDiscount>1</AllowDiscount>
      <ItemStatus>1</ItemStatus>
      <ItemId>52882</ItemId>
    </Item>
    <Item>
      <PriceUpdateDate>2025-01-01 21:29:17</PriceUpdateDate>
      <ItemCode>7290014762909</ItemCode>
      <ItemType>1</ItemType>
      <ItemName>מוצרלה פתיתים 20% שו</ItemName>
      <ManufacturerName>תנובה</ManufacturerName>
      <ManufactureCountry>ישראל</ManufactureCountry>
      <ManufacturerItemDescription>תנובה</ManufacturerItemDescription>
      <UnitQty>גרמים</UnitQty>
      <Quantity>200.00</Quantity>
      <UnitOfMeasure>100 גרם</UnitOfMeasure>
      <bIsWeighted>0</bIsWeighted>
      <QtyInPackage>לא ידוע</QtyInPackage>
      <ItemPrice>18.10</ItemPrice>
      <UnitOfMeasurePrice>0.0905</UnitOfMeasurePrice>
      <AllowDiscount>1</AllowDiscount>
      <ItemStatus>1</ItemStatus>
      <ItemId>52926</ItemId>
    </Item>
    <Item>
      <PriceUpdateDate>2025-01-01 21:29:23</PriceUpdateDate>
      <ItemCode>7290110320867</ItemCode>
      <ItemType>1</ItemType>
      <ItemName>פתיתי עמק 28% שומן</ItemName>
      <ManufacturerName>תנובה</ManufacturerName>
      <ManufactureCountry>ישראל</ManufactureCountry>
      <ManufacturerItemDescription>עמק</ManufacturerItemDescription>
      <UnitQty>גרמים</UnitQty>
      <Quantity>500.00</Quantity>
      <UnitOfMeasure>100 גרם</UnitOfMeasure>
      <bIsWeighted>0</bIsWeighted>
      <QtyInPackage>לא ידוע</QtyInPackage>
      <ItemPrice>40.00</ItemPrice>
      <UnitOfMeasurePrice>0.0800</UnitOfMeasurePrice>
      <AllowDiscount>1</AllowDiscount>
      <ItemStatus>1</ItemStatus>
      <ItemId>53004</ItemId>
    </Item>
    <Item>
      <PriceUpdateDate>2025-01-02 16:15:34</PriceUpdateDate>
      <ItemCode>7290019766025</ItemCode>
      <ItemType>1</ItemType>
      <ItemName>אול אין חטיף חלבון ס</ItemName>
      <ManufacturerName>Hearhtside food solu</ManufacturerName>
      <ManufactureCountry>ישראל</ManufactureCountry>
      <ManufacturerItemDescription>אול אין חטיף חלבון ס</ManufacturerItemDescription>
      <UnitQty>גרמים</UnitQty>
      <Quantity>55.00</Quantity>
      <UnitOfMeasure>100 גרם</UnitOfMeasure>
      <bIsWeighted>0</bIsWeighted>
      <QtyInPackage>לא ידוע</QtyInPackage>
      <ItemPrice>14.90</ItemPrice>
      <UnitOfMeasurePrice>0.2709</UnitOfMeasurePrice>
      <AllowDiscount>1</AllowDiscount>
      <ItemStatus>1</ItemStatus>
      <ItemId>105753</ItemId>
    </Item>
    <Item>
      <PriceUpdateDate>2025-08-24 13:11:45</PriceUpdateDate>
      <ItemCode>7290117267004</ItemCode>
      <ItemType>1</ItemType>
      <ItemName>אטריות בינוניות 400</ItemName>
      <ManufacturerName>פי פי אייג</ManufacturerName>
      <ManufactureCountry>פולין</ManufactureCountry>
      <ManufacturerItemDescription>אטריות בינוניות 400</ManufacturerItemDescription>
      <UnitQty>גרמים</UnitQty>
      <Quantity>400.00</Quantity>
      <UnitOfMeasure>100 גרם</UnitOfMeasure>
      <bIsWeighted>0</bIsWeighted>
      <QtyInPackage>לא ידוע</QtyInPackage>
      <ItemPrice>4.90</ItemPrice>
      <UnitOfMeasurePrice>0.0123</UnitOfMeasurePrice>
      <AllowDiscount>1</AllowDiscount>
      <ItemStatus>1</ItemStatus>
      <ItemId>117608</ItemId>
    </Item>
    <Item>
      <PriceUpdateDate>2025-01-02 08:49:50</PriceUpdateDate>
      <ItemCode>7290110322014</ItemCode>
      <ItemType>1</ItemType>
      <ItemName>טופו טבעי 300 גרם</ItemName>
      <ManufacturerName>תנובה</ManufacturerName>
      <ManufactureCountry>לא ידוע</ManufactureCountry>
      <ManufacturerItemDescription>טופו טבעי 300 גרם</ManufacturerItemDescription>
      <UnitQty>גרמים</UnitQty>
      <Quantity>300.00</Quantity>
      <UnitOfMeasure>100 גרם</UnitOfMeasure>
      <bIsWeighted>0</bIsWeighted>
      <QtyInPackage>לא ידוע</QtyInPackage>
      <ItemPrice>13.90</ItemPrice>
      <UnitOfMeasurePrice>0.0463</UnitOfMeasurePrice>
      <AllowDiscount>1</AllowDiscount>
      <ItemStatus>1</ItemStatus>
      <ItemId>53077</ItemId>
    </Item>
    <Item>
      <PriceUpdateDate>2025-01-01 21:29:23</PriceUpdateDate>
      <ItemCode>7290110322946</ItemCode>
      <ItemType>1</ItemType>
      <ItemName>יופלה טיוב יוגורט במ</ItemName>
      <ManufacturerName>תנובה</ManufacturerName>
      <ManufactureCountry>ישראל</ManufactureCountry>
      <ManufacturerItemDescription>יופלה</ManufacturerItemDescription>
      <UnitQty>גרמים</UnitQty>
      <Quantity>348.00</Quantity>
      <UnitOfMeasure>100 גרם</UnitOfMeasure>
      <bIsWeighted>0</bIsWeighted>
      <QtyInPackage>לא ידוע</QtyInPackage>
      <ItemPrice>14.00</ItemPrice>
      <UnitOfMeasurePrice>0.0402</UnitOfMeasurePrice>
      <AllowDiscount>1</AllowDiscount>
      <ItemStatus>1</ItemStatus>
      <ItemId>53099</ItemId>
    </Item>
    <Item>
      <PriceUpdateDate>2025-01-01 21:29:23</PriceUpdateDate>
      <ItemCode>7290110323592</ItemCode>
      <ItemType>1</ItemType>
      <ItemName>יופלה GO יוגורט לייט</ItemName>
      <ManufacturerName>תנובה</ManufacturerName>
      <ManufactureCountry>ישראל</ManufactureCountry>
      <ManufacturerItemDescription>יופלה GO יוגורט לייט</ManufacturerItemDescription>
      <UnitQty>גרמים</UnitQty>
      <Quantity>200.00</Quantity>
      <UnitOfMeasure>100 גרם</UnitOfMeasure>
      <bIsWeighted>0</bIsWeighted>
      <QtyInPackage>לא ידוע</QtyInPackage>
      <ItemPrice>6.50</ItemPrice>
      <UnitOfMeasurePrice>0.0325</UnitOfMeasurePrice>
      <AllowDiscount>1</AllowDiscount>
      <ItemStatus>1</ItemStatus>
      <ItemId>53139</ItemId>
    </Item>
    <Item>
      <PriceUpdateDate>2025-01-12 12:20:58</PriceUpdateDate>
      <ItemCode>7290110324926</ItemCode>
      <ItemType>1</ItemType>
      <ItemName>משקה סויה ללא תוספת</ItemName>
      <ManufacturerName>תנובה</ManufacturerName>
      <ManufactureCountry>ישראל</ManufactureCountry>
      <ManufacturerItemDescription>תנובה</ManufacturerItemDescription>
      <UnitQty>ליטרים</UnitQty>
      <Quantity>1.00</Quantity>
      <UnitOfMeasure>ליטר    </UnitOfMeasure>
      <bIsWeighted>0</bIsWeighted>
      <QtyInPackage>לא ידוע</QtyInPackage>
      <ItemPrice>11.90</ItemPrice>
      <UnitOfMeasurePrice>11.9000</UnitOfMeasurePrice>
      <AllowDiscount>1</AllowDiscount>
      <ItemStatus>1</ItemStatus>
      <ItemId>53231</ItemId>
    </Item>
    <Item>
      <PriceUpdateDate>2025-01-20 14:16:53</PriceUpdateDate>
      <ItemCode>7290110325305</ItemCode>
      <ItemType>1</ItemType>
      <ItemName>מעדן סויה GO 20 גרם</ItemName>
      <ManufacturerName>תנובה</ManufacturerName>
      <ManufactureCountry>ישראל</ManufactureCountry>
      <ManufacturerItemDescription>מעדן סויה GO 20 גרם</ManufacturerItemDescription>
      <UnitQty>גרמים</UnitQty>
      <Quantity>200.00</Quantity>
      <UnitOfMeasure>100 גרם</UnitOfMeasure>
      <bIsWeighted>0</bIsWeighted>
      <QtyInPackage>לא ידוע</QtyInPackage>
      <ItemPrice>6.50</ItemPrice>
      <UnitOfMeasurePrice>0.0325</UnitOfMeasurePrice>
      <AllowDiscount>1</AllowDiscount>
      <ItemStatus>1</ItemStatus>
      <ItemId>53250</ItemId>
    </Item>
    <Item>
      <PriceUpdateDate>2025-01-01 21:29:23</PriceUpdateDate>
      <ItemCode>7290110325312</ItemCode>
      <ItemType>1</ItemType>
      <ItemName>מעדן סויה GO 20 גרם</ItemName>
      <ManufacturerName>תנובה</ManufacturerName>
      <ManufactureCountry>ישראל</ManufactureCountry>
      <ManufacturerItemDescription>מעדן סויה GO 20 גרם</ManufacturerItemDescription>
      <UnitQty>גרמים</UnitQty>
      <Quantity>200.00</Quantity>
      <UnitOfMeasure>100 גרם</UnitOfMeasure>
      <bIsWeighted>0</bIsWeighted>
      <QtyInPackage>לא ידוע</QtyInPackage>
      <ItemPrice>6.50</ItemPrice>
      <UnitOfMeasurePrice>0.0325</UnitOfMeasurePrice>
      <AllowDiscount>1</AllowDiscount>
      <ItemStatus>1</ItemStatus>
      <ItemId>53251</ItemId>
    </Item>
    <Item>
      <PriceUpdateDate>2025-01-02 08:49:50</PriceUpdateDate>
      <ItemCode>7290110325619</ItemCode>
      <ItemType>1</ItemType>
      <ItemName>משקה שיבולת שועל 1 ל</ItemName>
      <ManufacturerName>תנובה</ManufacturerName>
      <ManufactureCountry>ישראל</ManufactureCountry>
      <ManufacturerItemDescription>משקה שיבולת שועל 1 ל</ManufacturerItemDescription>
      <UnitQty>ליטרים</UnitQty>
      <Quantity>1.00</Quantity>
      <UnitOfMeasure>ליטר    </UnitOfMeasure>
      <bIsWeighted>0</bIsWeighted>
      <QtyInPackage>לא ידוע</QtyInPackage>
      <ItemPrice>15.00</ItemPrice>
      <UnitOfMeasurePrice>15.0000</UnitOfMeasurePrice>
      <AllowDiscount>1</AllowDiscount>
      <ItemStatus>1</ItemStatus>
      <ItemId>53268</ItemId>
    </Item>
    <Item>
      <PriceUpdateDate>2024-12-03 13:12:06</PriceUpdateDate>
      <ItemCode>7290110326210</ItemCode>
      <ItemType>1</ItemType>
      <ItemName>יופלה און טופ פצפוצי</ItemName>
      <ManufacturerName>תנובה</ManufacturerName>
      <ManufactureCountry>ישראל</ManufactureCountry>
      <ManufacturerItemDescription>תנובה</ManufacturerItemDescription>
      <UnitQty>גרמים</UnitQty>
      <Quantity>157.00</Quantity>
      <UnitOfMeasure>100 גרם</UnitOfMeasure>
      <bIsWeighted>0</bIsWeighted>
      <QtyInPackage>לא ידוע</QtyInPackage>
      <ItemPrice>5.50</ItemPrice>
      <UnitOfMeasurePrice>0.0350</UnitOfMeasurePrice>
      <AllowDiscount>1</AllowDiscount>
      <ItemStatus>1</ItemStatus>
      <ItemId>53308</ItemId>
    </Item>
    <Item>
      <PriceUpdateDate>2025-01-02 08:49:50</PriceUpdateDate>
      <ItemCode>7290110327033</ItemCode>
      <ItemType>1</ItemType>
      <ItemName>משקה סויה גו במתיקות</ItemName>
      <ManufacturerName>תנובה</ManufacturerName>
      <ManufactureCountry>ישראל</ManufactureCountry>
      <ManufacturerItemDescription>משקה סויה גו במתיקות</ManufacturerItemDescription>
      <UnitQty>ליטרים</UnitQty>
      <Quantity>1.00</Quantity>
      <UnitOfMeasure>ליטר    </UnitOfMeasure>
      <bIsWeighted>0</bIsWeighted>
      <QtyInPackage>לא ידוע</QtyInPackage>
      <ItemPrice>14.00</ItemPrice>
      <UnitOfMeasurePrice>14.0000</UnitOfMeasurePrice>
      <AllowDiscount>1</AllowDiscount>
      <ItemStatus>1</ItemStatus>
      <ItemId>53357</ItemId>
    </Item>
    <Item>
      <PriceUpdateDate>2025-01-20 14:16:45</PriceUpdateDate>
      <ItemCode>7290110327514</ItemCode>
      <ItemType>1</ItemType>
      <ItemName>משקה שיבולת שועל בטע</ItemName>
      <ManufacturerName>תנובה</ManufacturerName>
      <ManufactureCountry>ישראל</ManufactureCountry>
      <ManufacturerItemDescription>משקה שיבולת שועל בטע</ManufacturerItemDescription>
      <UnitQty>ליטרים</UnitQty>
      <Quantity>1.00</Quantity>
      <UnitOfMeasure>ליטר    </UnitOfMeasure>
      <bIsWeighted>0</bIsWeighted>
      <QtyInPackage>לא ידוע</QtyInPackage>
      <ItemPrice>14.90</ItemPrice>
      <UnitOfMeasurePrice>14.9000</UnitOfMeasurePrice>
      <AllowDiscount>1</AllowDiscount>
      <ItemStatus>1</ItemStatus>
      <ItemId>53389</ItemId>
    </Item>
    <Item>
      <PriceUpdateDate>2025-01-01 21:29:24</PriceUpdateDate>
      <ItemCode>7290110328627</ItemCode>
      <ItemType>1</ItemType>
      <ItemName>יוגורט גו חלבון יופל</ItemName>
      <ManufacturerName>תנובה</ManufacturerName>
      <ManufactureCountry>ישראל</ManufactureCountry>
      <ManufacturerItemDescription>יוגורט גו חלבון יופל</ManufacturerItemDescription>
      <UnitQty>גרמים</UnitQty>
      <Quantity>200.00</Quantity>
      <UnitOfMeasure>100 גרם</UnitOfMeasure>
      <bIsWeighted>0</bIsWeighted>
      <QtyInPackage>לא ידוע</QtyInPackage>
      <ItemPrice>6.40</ItemPrice>
      <UnitOfMeasurePrice>0.0320</UnitOfMeasurePrice>
      <AllowDiscount>1</AllowDiscount>
      <ItemStatus>1</ItemStatus>
      <ItemId>53446</ItemId>
    </Item>
    <Item>
      <PriceUpdateDate>2025-01-01 21:29:24</PriceUpdateDate>
      <ItemCode>7290110328764</ItemCode>
      <ItemType>1</ItemType>
      <ItemName>יוגורט גו חלבון יופל</ItemName>
      <ManufacturerName>תנובה</ManufacturerName>
      <ManufactureCountry>ישראל</ManufactureCountry>
      <ManufacturerItemDescription>יוגורט גו חלבון יופל</ManufacturerItemDescription>
      <UnitQty>גרמים</UnitQty>
      <Quantity>200.00</Quantity>
      <UnitOfMeasure>100 גרם</UnitOfMeasure>
      <bIsWeighted>0</bIsWeighted>
      <QtyInPackage>לא ידוע</QtyInPackage>
      <ItemPrice>6.40</ItemPrice>
      <UnitOfMeasurePrice>0.0320</UnitOfMeasurePrice>
      <AllowDiscount>1</AllowDiscount>
      <ItemStatus>1</ItemStatus>
      <ItemId>53452</ItemId>
    </Item>
    <Item>
      <PriceUpdateDate>2025-01-01 21:29:24</PriceUpdateDate>
      <ItemCode>7290110328788</ItemCode>
      <ItemType>1</ItemType>
      <ItemName>יוגורט גו חלבון יופל</ItemName>
      <ManufacturerName>תנובה</ManufacturerName>
      <ManufactureCountry>ישראל</ManufactureCountry>
      <ManufacturerItemDescription>יוגורט גו חלבון יופל</ManufacturerItemDescription>
      <UnitQty>גרמים</UnitQty>
      <Quantity>200.00</Quantity>
      <UnitOfMeasure>100 גרם</UnitOfMeasure>
      <bIsWeighted>0</bIsWeighted>
      <QtyInPackage>לא ידוע</QtyInPackage>
      <ItemPrice>6.40</ItemPrice>
      <UnitOfMeasurePrice>0.0320</UnitOfMeasurePrice>
      <AllowDiscount>1</AllowDiscount>
      <ItemStatus>1</ItemStatus>
      <ItemId>53454</ItemId>
    </Item>
    <Item>
      <PriceUpdateDate>2025-08-24 13:11:45</PriceUpdateDate>
      <ItemCode>7290117267011</ItemCode>
      <ItemType>1</ItemType>
      <ItemName>אטריות דקות 400 גרם.</ItemName>
      <ManufacturerName>פי פי אייג</ManufacturerName>
      <ManufactureCountry>פולין</ManufactureCountry>
      <ManufacturerItemDescription>אטריות דקות 400 גרם.</ManufacturerItemDescription>
      <UnitQty>גרמים</UnitQty>
      <Quantity>400.00</Quantity>
      <UnitOfMeasure>100 גרם</UnitOfMeasure>
      <bIsWeighted>0</bIsWeighted>
      <QtyInPackage>לא ידוע</QtyInPackage>
      <ItemPrice>4.90</ItemPrice>
      <UnitOfMeasurePrice>0.0123</UnitOfMeasurePrice>
      <AllowDiscount>1</AllowDiscount>
      <ItemStatus>1</ItemStatus>
      <ItemId>117609</ItemId>
    </Item>
    <Item>
      <PriceUpdateDate>2025-11-04 18:56:48</PriceUpdateDate>
      <ItemCode>46214731552</ItemCode>
      <ItemType>1</ItemType>
      <ItemName>מרבה עוגיות 37% שוקו</ItemName>
      <ManufacturerName>Merba BV</ManufacturerName>
      <ManufactureCountry>הולנד</ManufactureCountry>
      <ManufacturerItemDescription>מרבה</ManufacturerItemDescription>
      <UnitQty>גרמים</UnitQty>
      <Quantity>225.00</Quantity>
      <UnitOfMeasure>100 גרם</UnitOfMeasure>
      <bIsWeighted>0</bIsWeighted>
      <QtyInPackage>לא ידוע</QtyInPackage>
      <ItemPrice>11.90</ItemPrice>
      <UnitOfMeasurePrice>0.0529</UnitOfMeasurePrice>
      <AllowDiscount>1</AllowDiscount>
      <ItemStatus>1</ItemStatus>
      <ItemId>54037</ItemId>
    </Item>
    <Item>
      <PriceUpdateDate>2025-01-02 08:49:37</PriceUpdateDate>
      <ItemCode>3574661487618</ItemCode>
      <ItemType>1</ItemType>
      <ItemName>קרפרי מגן תחתון מקסי</ItemName>
      <ManufacturerName>Johnson Toilet-IT</ManufacturerName>
      <ManufactureCountry>יוון</ManufactureCountry>
      <ManufacturerItemDescription>קרפרי</ManufacturerItemDescription>
      <UnitQty>יח'</UnitQty>
      <Quantity>48.00</Quantity>
      <UnitOfMeasure>יח'</UnitOfMeasure>
      <bIsWeighted>0</bIsWeighted>
      <QtyInPackage>לא ידוע</QtyInPackage>
      <ItemPrice>16.00</ItemPrice>
      <UnitOfMeasurePrice>0.3333</UnitOfMeasurePrice>
      <AllowDiscount>1</AllowDiscount>
      <ItemStatus>1</ItemStatus>
      <ItemId>54115</ItemId>
    </Item>
    <Item>
      <PriceUpdateDate>2025-01-07 17:15:36</PriceUpdateDate>
      <ItemCode>3574661487625</ItemCode>
      <ItemType>1</ItemType>
      <ItemName>קרפרי מגן תחתון מקסי</ItemName>
      <ManufacturerName>Johnson Toilet-IT</ManufacturerName>
      <ManufactureCountry>יוון</ManufactureCountry>
      <ManufacturerItemDescription>קרפרי</ManufacturerItemDescription>
      <UnitQty>יח'</UnitQty>
      <Quantity>48.00</Quantity>
      <UnitOfMeasure>יח'</UnitOfMeasure>
      <bIsWeighted>0</bIsWeighted>
      <QtyInPackage>לא ידוע</QtyInPackage>
      <ItemPrice>16.00</ItemPrice>
      <UnitOfMeasurePrice>0.3333</UnitOfMeasurePrice>
      <AllowDiscount>1</AllowDiscount>
      <ItemStatus>1</ItemStatus>
      <ItemId>54116</ItemId>
    </Item>
    <Item>
      <PriceUpdateDate>2025-01-02 08:49:37</PriceUpdateDate>
      <ItemCode>3574669909204</ItemCode>
      <ItemType>1</ItemType>
      <ItemName>גונסון בייבי שמן 300</ItemName>
      <ManufacturerName>גונסון</ManufacturerName>
      <ManufactureCountry>איטליה</ManufactureCountry>
      <ManufacturerItemDescription>גונסונס בייבי</ManufacturerItemDescription>
      <UnitQty>מיליליטרים</UnitQty>
      <Quantity>300.00</Quantity>
      <UnitOfMeasure>100 מ"ל</UnitOfMeasure>
      <bIsWeighted>0</bIsWeighted>
      <QtyInPackage>לא ידוע</QtyInPackage>
      <ItemPrice>22.10</ItemPrice>
      <UnitOfMeasurePrice>0.0737</UnitOfMeasurePrice>
      <AllowDiscount>1</AllowDiscount>
      <ItemStatus>1</ItemStatus>
      <ItemId>54139</ItemId>
    </Item>
    <Item>
      <PriceUpdateDate>2025-01-02 08:49:38</PriceUpdateDate>
      <ItemCode>4891228430061</ItemCode>
      <ItemType>1</ItemType>
      <ItemName>שיק אקזקטה2 נשים עשי</ItemName>
      <ManufacturerName>Schick</ManufacturerName>
      <ManufactureCountry>סין</ManufactureCountry>
      <ManufacturerItemDescription>שיק</ManufacturerItemDescription>
      <UnitQty>יח'</UnitQty>
      <Quantity>10.00</Quantity>
      <UnitOfMeasure>יח'</UnitOfMeasure>
      <bIsWeighted>0</bIsWeighted>
      <QtyInPackage>לא ידוע</QtyInPackage>
      <ItemPrice>25.10</ItemPrice>
      <UnitOfMeasurePrice>2.5100</UnitOfMeasurePrice>
      <AllowDiscount>1</AllowDiscount>
      <ItemStatus>1</ItemStatus>
      <ItemId>54176</ItemId>
    </Item>
    <Item>
      <PriceUpdateDate>2025-01-01 21:30:04</PriceUpdateDate>
      <ItemCode>5410291022752</ItemCode>
      <ItemType>1</ItemType>
      <ItemName>ממרח אגוזי לוז צוקטה</ItemName>
      <ManufacturerName>נאטרא מאלה</ManufacturerName>
      <ManufactureCountry>בלגיה</ManufactureCountry>
      <ManufacturerItemDescription>צוקטה</ManufacturerItemDescription>
      <UnitQty>גרמים</UnitQty>
      <Quantity>350.00</Quantity>
      <UnitOfMeasure>100 גרם</UnitOfMeasure>
      <bIsWeighted>0</bIsWeighted>
      <QtyInPackage>לא ידוע</QtyInPackage>
      <ItemPrice>15.00</ItemPrice>
      <UnitOfMeasurePrice>0.0429</UnitOfMeasurePrice>
      <AllowDiscount>1</AllowDiscount>
      <ItemStatus>1</ItemStatus>
      <ItemId>54193</ItemId>
    </Item>
    <Item>
      <PriceUpdateDate>2025-06-22 16:38:30</PriceUpdateDate>
      <ItemCode>7290000419107</ItemCode>
      <ItemType>1</ItemType>
      <ItemName>לנדוור כחול המקורי ט</ItemName>
      <ManufacturerName>קפה לנדוור</ManufacturerName>
      <ManufactureCountry>ישראל</ManufactureCountry>
      <ManufacturerItemDescription>לנדוור</ManufacturerItemDescription>
      <UnitQty>גרמים</UnitQty>
      <Quantity>100.00</Quantity>
      <UnitOfMeasure>100 גרם</UnitOfMeasure>
      <bIsWeighted>0</bIsWeighted>
      <QtyInPackage>לא ידוע</QtyInPackage>
      <ItemPrice>10.90</ItemPrice>
      <UnitOfMeasurePrice>0.1090</UnitOfMeasurePrice>
      <AllowDiscount>1</AllowDiscount>
      <ItemStatus>1</ItemStatus>
      <ItemId>54224</ItemId>
    </Item>
    <Item>
      <PriceUpdateDate>2025-01-07 17:15:41</PriceUpdateDate>
      <ItemCode>7290001305188</ItemCode>
      <ItemType>1</ItemType>
      <ItemName>נוזל כלים פלמוליב צה</ItemName>
      <ManufacturerName>Colgate - Greece</ManufacturerName>
      <ManufactureCountry>יוון</ManufactureCountry>
      <ManufacturerItemDescription>פלמוליב  כלים</ManufacturerItemDescription>
      <UnitQty>מיליליטרים</UnitQty>
      <Quantity>750.00</Quantity>
      <UnitOfMeasure>100 מ"ל</UnitOfMeasure>
      <bIsWeighted>0</bIsWeighted>
      <QtyInPackage>לא ידוע</QtyInPackage>
      <ItemPrice>13.00</ItemPrice>
      <UnitOfMeasurePrice>0.0173</UnitOfMeasurePrice>
      <AllowDiscount>1</AllowDiscount>
      <ItemStatus>1</ItemStatus>
      <ItemId>54272</ItemId>
    </Item>
    <Item>
      <PriceUpdateDate>2025-01-02 08:49:41</PriceUpdateDate>
      <ItemCode>7290002730262</ItemCode>
      <ItemType>1</ItemType>
      <ItemName>נוזל כלים פלמוליב יר</ItemName>
      <ManufacturerName>Colgate - Greece</ManufacturerName>
      <ManufactureCountry>יוון</ManufactureCountry>
      <ManufacturerItemDescription>פלמוליב  כלים</ManufacturerItemDescription>
      <UnitQty>מיליליטרים</UnitQty>
      <Quantity>750.00</Quantity>
      <UnitOfMeasure>100 מ"ל</UnitOfMeasure>
      <bIsWeighted>0</bIsWeighted>
      <QtyInPackage>לא ידוע</QtyInPackage>
      <ItemPrice>13.00</ItemPrice>
      <UnitOfMeasurePrice>0.0173</UnitOfMeasurePrice>
      <AllowDiscount>1</AllowDiscount>
      <ItemStatus>1</ItemStatus>
      <ItemId>54280</ItemId>
    </Item>
    <Item>
      <PriceUpdateDate>2025-01-02 08:49:41</PriceUpdateDate>
      <ItemCode>7290002730521</ItemCode>
      <ItemType>1</ItemType>
      <ItemName>בלונס מקלות אוזניים</ItemName>
      <ManufacturerName>SEPTONA</ManufacturerName>
      <ManufactureCountry>יוון</ManufactureCountry>
      <ManufacturerItemDescription>בלונס</ManufacturerItemDescription>
      <UnitQty>יח'</UnitQty>
      <Quantity>200.00</Quantity>
      <UnitOfMeasure>יח'</UnitOfMeasure>
      <bIsWeighted>0</bIsWeighted>
      <QtyInPackage>לא ידוע</QtyInPackage>
      <ItemPrice>6.00</ItemPrice>
      <UnitOfMeasurePrice>0.0300</UnitOfMeasurePrice>
      <AllowDiscount>1</AllowDiscount>
      <ItemStatus>1</ItemStatus>
      <ItemId>54283</ItemId>
    </Item>
    <Item>
      <PriceUpdateDate>2025-01-02 08:49:42</PriceUpdateDate>
      <ItemCode>7290003475124</ItemCode>
      <ItemType>1</ItemType>
      <ItemName>עננים צמר גפן 100 גר</ItemName>
      <ManufacturerName>SEPTONA</ManufacturerName>
      <ManufactureCountry>יוון</ManufactureCountry>
      <ManufacturerItemDescription>עננים</ManufacturerItemDescription>
      <UnitQty>גרמים</UnitQty>
      <Quantity>100.00</Quantity>
      <UnitOfMeasure>100 גרם</UnitOfMeasure>
      <bIsWeighted>0</bIsWeighted>
      <QtyInPackage>לא ידוע</QtyInPackage>
      <ItemPrice>6.00</ItemPrice>
      <UnitOfMeasurePrice>0.0600</UnitOfMeasurePrice>
      <AllowDiscount>1</AllowDiscount>
      <ItemStatus>1</ItemStatus>
      <ItemId>54306</ItemId>
    </Item>
    <Item>
      <PriceUpdateDate>2025-01-07 17:15:42</PriceUpdateDate>
      <ItemCode>7290005680052</ItemCode>
      <ItemType>1</ItemType>
      <ItemName>אובה קלאסי סופר פלוס</ItemName>
      <ManufacturerName>Johnson Toilet-IT</ManufacturerName>
      <ManufactureCountry>יוון</ManufactureCountry>
      <ManufacturerItemDescription>אובה</ManufacturerItemDescription>
      <UnitQty>יח'</UnitQty>
      <Quantity>32.00</Quantity>
      <UnitOfMeasure>יח'</UnitOfMeasure>
      <bIsWeighted>0</bIsWeighted>
      <QtyInPackage>לא ידוע</QtyInPackage>
      <ItemPrice>24.10</ItemPrice>
      <UnitOfMeasurePrice>0.7531</UnitOfMeasurePrice>
      <AllowDiscount>1</AllowDiscount>
      <ItemStatus>1</ItemStatus>
      <ItemId>54330</ItemId>
    </Item>
    <Item>
      <PriceUpdateDate>2025-01-01 21:30:15</PriceUpdateDate>
      <ItemCode>7290013358356</ItemCode>
      <ItemType>1</ItemType>
      <ItemName>מאסטר שף פירורי לחם</ItemName>
      <ManufacturerName>EinatFood</ManufacturerName>
      <ManufactureCountry>ישראל</ManufactureCountry>
      <ManufacturerItemDescription>מנה</ManufacturerItemDescription>
      <UnitQty>גרמים</UnitQty>
      <Quantity>320.00</Quantity>
      <UnitOfMeasure>100 גרם</UnitOfMeasure>
      <bIsWeighted>0</bIsWeighted>
      <QtyInPackage>לא ידוע</QtyInPackage>
      <ItemPrice>8.40</ItemPrice>
      <UnitOfMeasurePrice>0.0263</UnitOfMeasurePrice>
      <AllowDiscount>1</AllowDiscount>
      <ItemStatus>1</ItemStatus>
      <ItemId>54341</ItemId>
    </Item>
    <Item>
      <PriceUpdateDate>2025-01-01 21:30:15</PriceUpdateDate>
      <ItemCode>7290013358363</ItemCode>
      <ItemType>1</ItemType>
      <ItemName>מאסטר שף פירורי לחם</ItemName>
      <ManufacturerName>Mana</ManufacturerName>
      <ManufactureCountry>ישראל</ManufactureCountry>
      <ManufacturerItemDescription>מנה</ManufacturerItemDescription>
      <UnitQty>גרמים</UnitQty>
      <Quantity>300.00</Quantity>
      <UnitOfMeasure>100 גרם</UnitOfMeasure>
      <bIsWeighted>0</bIsWeighted>
      <QtyInPackage>לא ידוע</QtyInPackage>
      <ItemPrice>10.60</ItemPrice>
      <UnitOfMeasurePrice>0.0353</UnitOfMeasurePrice>
      <AllowDiscount>1</AllowDiscount>
      <ItemStatus>1</ItemStatus>
      <ItemId>54342</ItemId>
    </Item>
    <Item>
      <PriceUpdateDate>2025-01-05 16:22:09</PriceUpdateDate>
      <ItemCode>7290013358417</ItemCode>
      <ItemType>1</ItemType>
      <ItemName>רוטב טריאקי מאסטר שף</ItemName>
      <ManufacturerName>קי.אר.אס. ספייסי פוד</ManufacturerName>
      <ManufactureCountry>תאילנד</ManufactureCountry>
      <ManufacturerItemDescription>מנה מאסטר שף</ManufacturerItemDescription>
      <UnitQty>מיליליטרים</UnitQty>
      <Quantity>300.00</Quantity>
      <UnitOfMeasure>100 מ"ל</UnitOfMeasure>
      <bIsWeighted>0</bIsWeighted>
      <QtyInPackage>לא ידוע</QtyInPackage>
      <ItemPrice>9.00</ItemPrice>
      <UnitOfMeasurePrice>0.0300</UnitOfMeasurePrice>
      <AllowDiscount>1</AllowDiscount>
      <ItemStatus>1</ItemStatus>
      <ItemId>54346</ItemId>
    </Item>
    <Item>
      <PriceUpdateDate>2025-12-07 17:51:11</PriceUpdateDate>
      <ItemCode>7290013358448</ItemCode>
      <ItemType>1</ItemType>
      <ItemName>מאסטר שף קרוטונים לס</ItemName>
      <ManufacturerName>עינת תעשיות מזון אגו</ManufacturerName>
      <ManufactureCountry>ישראל</ManufactureCountry>
      <ManufacturerItemDescription>קרוטונים לסלט 200ג</ManufacturerItemDescription>
      <UnitQty>גרמים</UnitQty>
      <Quantity>200.00</Quantity>
      <UnitOfMeasure>100 גרם</UnitOfMeasure>
      <bIsWeighted>0</bIsWeighted>
      <QtyInPackage>לא ידוע</QtyInPackage>
      <ItemPrice>13.90</ItemPrice>
      <UnitOfMeasurePrice>0.0695</UnitOfMeasurePrice>
      <AllowDiscount>1</AllowDiscount>
      <ItemStatus>1</ItemStatus>
      <ItemId>54349</ItemId>
    </Item>
    <Item>
      <PriceUpdateDate>2025-01-01 21:30:15</PriceUpdateDate>
      <ItemCode>7290013358493</ItemCode>
      <ItemType>1</ItemType>
      <ItemName>קרם קוקוס מאסטר שף 4</ItemName>
      <ManufacturerName>תאי קוקנאט קו לטידי</ManufacturerName>
      <ManufactureCountry>תאילנד</ManufactureCountry>
      <ManufacturerItemDescription>מנה מאסטר שף</ManufacturerItemDescription>
      <UnitQty>מיליליטרים</UnitQty>
      <Quantity>400.00</Quantity>
      <UnitOfMeasure>100 מ"ל</UnitOfMeasure>
      <bIsWeighted>0</bIsWeighted>
      <QtyInPackage>לא ידוע</QtyInPackage>
      <ItemPrice>9.00</ItemPrice>
      <UnitOfMeasurePrice>0.0225</UnitOfMeasurePrice>
      <AllowDiscount>1</AllowDiscount>
      <ItemStatus>1</ItemStatus>
      <ItemId>54352</ItemId>
    </Item>
    <Item>
      <PriceUpdateDate>2025-06-22 16:38:43</PriceUpdateDate>
      <ItemCode>7290018893456</ItemCode>
      <ItemType>1</ItemType>
      <ItemName>מארז עוגה אישית צ'וק</ItemName>
      <ManufacturerName>פרדי קונדטוריה אס פי</ManufacturerName>
      <ManufactureCountry>איטליה</ManufactureCountry>
      <ManufacturerItemDescription>יוגטה</ManufacturerItemDescription>
      <UnitQty>גרמים</UnitQty>
      <Quantity>300.00</Quantity>
      <UnitOfMeasure>100 גרם</UnitOfMeasure>
      <bIsWeighted>0</bIsWeighted>
      <QtyInPackage>לא ידוע</QtyInPackage>
      <ItemPrice>15.90</ItemPrice>
      <UnitOfMeasurePrice>0.0530</UnitOfMeasurePrice>
      <AllowDiscount>1</AllowDiscount>
      <ItemStatus>1</ItemStatus>
      <ItemId>54420</ItemId>
    </Item>
    <Item>
      <PriceUpdateDate>2025-01-01 21:30:18</PriceUpdateDate>
      <ItemCode>7290018893722</ItemCode>
      <ItemType>1</ItemType>
      <ItemName>בישקוטים צ'וקטה 200</ItemName>
      <ManufacturerName>דניסטה</ManufacturerName>
      <ManufactureCountry>פורטוגל</ManufactureCountry>
      <ManufacturerItemDescription>בישקוטים צ'וקטה 200</ManufacturerItemDescription>
      <UnitQty>גרמים</UnitQty>
      <Quantity>200.00</Quantity>
      <UnitOfMeasure>100 גרם</UnitOfMeasure>
      <bIsWeighted>0</bIsWeighted>
      <QtyInPackage>לא ידוע</QtyInPackage>
      <ItemPrice>7.00</ItemPrice>
      <UnitOfMeasurePrice>0.0350</UnitOfMeasurePrice>
      <AllowDiscount>1</AllowDiscount>
      <ItemStatus>1</ItemStatus>
      <ItemId>54433</ItemId>
    </Item>
    <Item>
      <PriceUpdateDate>2025-01-02 16:15:33</PriceUpdateDate>
      <ItemCode>7290018893807</ItemCode>
      <ItemType>1</ItemType>
      <ItemName>מארז שוקולד מריר 60%</ItemName>
      <ManufacturerName>צ'וקטה</ManufacturerName>
      <ManufactureCountry>ספרד</ManufactureCountry>
      <ManufacturerItemDescription>יוגטה</ManufacturerItemDescription>
      <UnitQty>גרמים</UnitQty>
      <Quantity>300.00</Quantity>
      <UnitOfMeasure>100 גרם</UnitOfMeasure>
      <bIsWeighted>0</bIsWeighted>
      <QtyInPackage>לא ידוע</QtyInPackage>
      <ItemPrice>27.90</ItemPrice>
      <UnitOfMeasurePrice>0.0930</UnitOfMeasurePrice>
      <AllowDiscount>1</AllowDiscount>
      <ItemStatus>1</ItemStatus>
      <ItemId>54435</ItemId>
    </Item>
    <Item>
      <PriceUpdateDate>2025-01-02 08:49:48</PriceUpdateDate>
      <ItemCode>7290100653586</ItemCode>
      <ItemType>1</ItemType>
      <ItemName>ליידי ספיד סטיק 24/7</ItemName>
      <ManufacturerName>Colgate - USA</ManufacturerName>
      <ManufactureCountry>ארצות הברית</ManufactureCountry>
      <ManufacturerItemDescription>ליידי ספיד סטיק</ManufacturerItemDescription>
      <UnitQty>גרמים</UnitQty>
      <Quantity>65.00</Quantity>
      <UnitOfMeasure>100 גרם</UnitOfMeasure>
      <bIsWeighted>0</bIsWeighted>
      <QtyInPackage>לא ידוע</QtyInPackage>
      <ItemPrice>25.10</ItemPrice>
      <UnitOfMeasurePrice>0.3862</UnitOfMeasurePrice>
      <AllowDiscount>1</AllowDiscount>
      <ItemStatus>1</ItemStatus>
      <ItemId>54451</ItemId>
    </Item>
    <Item>
      <PriceUpdateDate>2025-03-16 14:58:03</PriceUpdateDate>
      <ItemCode>7290105439581</ItemCode>
      <ItemType>1</ItemType>
      <ItemName>מאסטר שף חרדל דיז'ון</ItemName>
      <ManufacturerName>Covinor sas</ManufacturerName>
      <ManufactureCountry>צרפת</ManufactureCountry>
      <ManufacturerItemDescription>מאסטר שף</ManufacturerItemDescription>
      <UnitQty>גרמים</UnitQty>
      <Quantity>370.00</Quantity>
      <UnitOfMeasure>100 גרם</UnitOfMeasure>
      <bIsWeighted>0</bIsWeighted>
      <QtyInPackage>לא ידוע</QtyInPackage>
      <ItemPrice>13.00</ItemPrice>
      <UnitOfMeasurePrice>0.0351</UnitOfMeasurePrice>
      <AllowDiscount>1</AllowDiscount>
      <ItemStatus>1</ItemStatus>
      <ItemId>54523</ItemId>
    </Item>
    <Item>
      <PriceUpdateDate>2025-03-16 14:58:03</PriceUpdateDate>
      <ItemCode>7290105439598</ItemCode>
      <ItemType>1</ItemType>
      <ItemName>מאסטר שף חרדל דיז'ון</ItemName>
      <ManufacturerName>Covinor sas</ManufacturerName>
      <ManufactureCountry>צרפת</ManufactureCountry>
      <ManufacturerItemDescription>מאסטר שף</ManufacturerItemDescription>
      <UnitQty>גרמים</UnitQty>
      <Quantity>370.00</Quantity>
      <UnitOfMeasure>100 גרם</UnitOfMeasure>
      <bIsWeighted>0</bIsWeighted>
      <QtyInPackage>לא ידוע</QtyInPackage>
      <ItemPrice>13.00</ItemPrice>
      <UnitOfMeasurePrice>0.0351</UnitOfMeasurePrice>
      <AllowDiscount>1</AllowDiscount>
      <ItemStatus>1</ItemStatus>
      <ItemId>54524</ItemId>
    </Item>
    <Item>
      <PriceUpdateDate>2025-01-07 17:15:45</PriceUpdateDate>
      <ItemCode>7290111932502</ItemCode>
      <ItemType>1</ItemType>
      <ItemName>קולגייט משחת אופטיק</ItemName>
      <ManufacturerName>CP-Poland swidnica</ManufacturerName>
      <ManufactureCountry>פולין</ManufactureCountry>
      <ManufacturerItemDescription>קולגייט</ManufacturerItemDescription>
      <UnitQty>מיליליטרים</UnitQty>
      <Quantity>75.00</Quantity>
      <UnitOfMeasure>100 מ"ל</UnitOfMeasure>
      <bIsWeighted>0</bIsWeighted>
      <QtyInPackage>לא ידוע</QtyInPackage>
      <ItemPrice>30.20</ItemPrice>
      <UnitOfMeasurePrice>0.4027</UnitOfMeasurePrice>
      <AllowDiscount>1</AllowDiscount>
      <ItemStatus>1</ItemStatus>
      <ItemId>54673</ItemId>
    </Item>
    <Item>
      <PriceUpdateDate>2025-01-01 21:30:21</PriceUpdateDate>
      <ItemCode>7290111933561</ItemCode>
      <ItemType>1</ItemType>
      <ItemName>מאסטר שף תערובת ציפו</ItemName>
      <ManufacturerName>טסט וסנט</ManufacturerName>
      <ManufactureCountry>תאילנד</ManufactureCountry>
      <ManufacturerItemDescription>מאסטר שף</ManufacturerItemDescription>
      <UnitQty>גרמים</UnitQty>
      <Quantity>250.00</Quantity>
      <UnitOfMeasure>100 גרם</UnitOfMeasure>
      <bIsWeighted>0</bIsWeighted>
      <QtyInPackage>לא ידוע</QtyInPackage>
      <ItemPrice>8.00</ItemPrice>
      <UnitOfMeasurePrice>0.0320</UnitOfMeasurePrice>
      <AllowDiscount>1</AllowDiscount>
      <ItemStatus>1</ItemStatus>
      <ItemId>54687</ItemId>
    </Item>
    <Item>
      <PriceUpdateDate>2025-01-05 18:12:46</PriceUpdateDate>
      <ItemCode>59068907</ItemCode>
      <ItemType>1</ItemType>
      <ItemName>פאל מאל דמי בלו סלימ</ItemName>
      <ManufacturerName>BAT</ManufacturerName>
      <ManufactureCountry>תורכיה</ManufactureCountry>
      <ManufacturerItemDescription>פאל מאל</ManufacturerItemDescription>
      <UnitQty>יח'</UnitQty>
      <Quantity>1.00</Quantity>
      <UnitOfMeasure>יח'</UnitOfMeasure>
      <bIsWeighted>0</bIsWeighted>
      <QtyInPackage>לא ידוע</QtyInPackage>
      <ItemPrice>33.50</ItemPrice>
      <UnitOfMeasurePrice>33.5000</UnitOfMeasurePrice>
      <AllowDiscount>1</AllowDiscount>
      <ItemStatus>1</ItemStatus>
      <ItemId>71281</ItemId>
    </Item>
    <Item>
      <PriceUpdateDate>2025-07-27 17:42:39</PriceUpdateDate>
      <ItemCode>7290114606578</ItemCode>
      <ItemType>1</ItemType>
      <ItemName>שקדי מרק מאסטר שף 40</ItemName>
      <ManufacturerName>מנה</ManufacturerName>
      <ManufactureCountry>ישראל</ManufactureCountry>
      <ManufacturerItemDescription>שקדי מרק מאסטר שף 40</ManufacturerItemDescription>
      <UnitQty>גרמים</UnitQty>
      <Quantity>400.00</Quantity>
      <UnitOfMeasure>100 גרם</UnitOfMeasure>
      <bIsWeighted>0</bIsWeighted>
      <QtyInPackage>לא ידוע</QtyInPackage>
      <ItemPrice>10.90</ItemPrice>
      <UnitOfMeasurePrice>0.0273</UnitOfMeasurePrice>
      <AllowDiscount>1</AllowDiscount>
      <ItemStatus>1</ItemStatus>
      <ItemId>54803</ItemId>
    </Item>
    <Item>
      <PriceUpdateDate>2025-01-01 21:30:24</PriceUpdateDate>
      <ItemCode>8004030026018</ItemCode>
      <ItemType>1</ItemType>
      <ItemName>ריו מרה אנסלטיסימי מ</ItemName>
      <ManufacturerName>בולטון</ManufacturerName>
      <ManufactureCountry>איטליה</ManufactureCountry>
      <ManufacturerItemDescription>ריו מרה טונה מקסיקני 160</ManufacturerItemDescription>
      <UnitQty>גרמים</UnitQty>
      <Quantity>160.00</Quantity>
      <UnitOfMeasure>100 גרם</UnitOfMeasure>
      <bIsWeighted>0</bIsWeighted>
      <QtyInPackage>לא ידוע</QtyInPackage>
      <ItemPrice>18.50</ItemPrice>
      <UnitOfMeasurePrice>0.1156</UnitOfMeasurePrice>
      <AllowDiscount>1</AllowDiscount>
      <ItemStatus>1</ItemStatus>
      <ItemId>54861</ItemId>
    </Item>
    <Item>
      <PriceUpdateDate>2024-11-10 12:20:29</PriceUpdateDate>
      <ItemCode>8004030344938</ItemCode>
      <ItemType>1</ItemType>
      <ItemName>ריו מרה טונה בשמן זי</ItemName>
      <ManufacturerName>BOLTON GROUP- RIO</ManufacturerName>
      <ManufactureCountry>איטליה</ManufactureCountry>
      <ManufacturerItemDescription>ריו מרה</ManufacturerItemDescription>
      <UnitQty>גרמים</UnitQty>
      <Quantity>240.00</Quantity>
      <UnitOfMeasure>100 גרם</UnitOfMeasure>
      <bIsWeighted>0</bIsWeighted>
      <QtyInPackage>לא ידוע</QtyInPackage>
      <ItemPrice>29.90</ItemPrice>
      <UnitOfMeasurePrice>0.1246</UnitOfMeasurePrice>
      <AllowDiscount>1</AllowDiscount>
      <ItemStatus>1</ItemStatus>
      <ItemId>54871</ItemId>
    </Item>
    <Item>
      <PriceUpdateDate>2025-01-05 16:22:15</PriceUpdateDate>
      <ItemCode>8076800195033</ItemCode>
      <ItemType>1</ItemType>
      <ItemName>פסטה ברילה צורות צ.א</ItemName>
      <ManufacturerName>BARILLA</ManufacturerName>
      <ManufactureCountry>איטליה</ManufactureCountry>
      <ManufacturerItemDescription>ברילה</ManufacturerItemDescription>
      <UnitQty>גרמים</UnitQty>
      <Quantity>500.00</Quantity>
      <UnitOfMeasure>100 גרם</UnitOfMeasure>
      <bIsWeighted>0</bIsWeighted>
      <QtyInPackage>לא ידוע</QtyInPackage>
      <ItemPrice>9.00</ItemPrice>
      <UnitOfMeasurePrice>0.0180</UnitOfMeasurePrice>
      <AllowDiscount>1</AllowDiscount>
      <ItemStatus>1</ItemStatus>
      <ItemId>54881</ItemId>
    </Item>
    <Item>
      <PriceUpdateDate>2025-01-01 21:30:24</PriceUpdateDate>
      <ItemCode>8076800195057</ItemCode>
      <ItemType>1</ItemType>
      <ItemName>פסטה ברילה צורות צ.א</ItemName>
      <ManufacturerName>BARILLA</ManufacturerName>
      <ManufactureCountry>איטליה</ManufactureCountry>
      <ManufacturerItemDescription>ברילה</ManufacturerItemDescription>
      <UnitQty>גרמים</UnitQty>
      <Quantity>500.00</Quantity>
      <UnitOfMeasure>100 גרם</UnitOfMeasure>
      <bIsWeighted>0</bIsWeighted>
      <QtyInPackage>לא ידוע</QtyInPackage>
      <ItemPrice>9.00</ItemPrice>
      <UnitOfMeasurePrice>0.0180</UnitOfMeasurePrice>
      <AllowDiscount>1</AllowDiscount>
      <ItemStatus>1</ItemStatus>
      <ItemId>54882</ItemId>
    </Item>
    <Item>
      <PriceUpdateDate>2025-01-01 21:30:24</PriceUpdateDate>
      <ItemCode>8076802085738</ItemCode>
      <ItemType>1</ItemType>
      <ItemName>פסטה ברילה צורות צ.ק</ItemName>
      <ManufacturerName>BARILLA</ManufacturerName>
      <ManufactureCountry>איטליה</ManufactureCountry>
      <ManufacturerItemDescription>ברילה</ManufacturerItemDescription>
      <UnitQty>גרמים</UnitQty>
      <Quantity>500.00</Quantity>
      <UnitOfMeasure>100 גרם</UnitOfMeasure>
      <bIsWeighted>0</bIsWeighted>
      <QtyInPackage>לא ידוע</QtyInPackage>
      <ItemPrice>9.00</ItemPrice>
      <UnitOfMeasurePrice>0.0180</UnitOfMeasurePrice>
      <AllowDiscount>1</AllowDiscount>
      <ItemStatus>1</ItemStatus>
      <ItemId>54888</ItemId>
    </Item>
    <Item>
      <PriceUpdateDate>2025-01-05 16:22:15</PriceUpdateDate>
      <ItemCode>8076802085936</ItemCode>
      <ItemType>1</ItemType>
      <ItemName>פסטה פסטה ברילה צורו</ItemName>
      <ManufacturerName>BARILLA</ManufacturerName>
      <ManufactureCountry>איטליה</ManufactureCountry>
      <ManufacturerItemDescription>ברילה</ManufacturerItemDescription>
      <UnitQty>גרמים</UnitQty>
      <Quantity>500.00</Quantity>
      <UnitOfMeasure>100 גרם</UnitOfMeasure>
      <bIsWeighted>0</bIsWeighted>
      <QtyInPackage>לא ידוע</QtyInPackage>
      <ItemPrice>9.00</ItemPrice>
      <UnitOfMeasurePrice>0.0180</UnitOfMeasurePrice>
      <AllowDiscount>1</AllowDiscount>
      <ItemStatus>1</ItemStatus>
      <ItemId>54890</ItemId>
    </Item>
    <Item>
      <PriceUpdateDate>2025-01-05 16:22:15</PriceUpdateDate>
      <ItemCode>8076802085981</ItemCode>
      <ItemType>1</ItemType>
      <ItemName>פסטה ברילה צורות צ.ק</ItemName>
      <ManufacturerName>BARILLA</ManufacturerName>
      <ManufactureCountry>איטליה</ManufactureCountry>
      <ManufacturerItemDescription>ברילה</ManufacturerItemDescription>
      <UnitQty>גרמים</UnitQty>
      <Quantity>500.00</Quantity>
      <UnitOfMeasure>100 גרם</UnitOfMeasure>
      <bIsWeighted>0</bIsWeighted>
      <QtyInPackage>לא ידוע</QtyInPackage>
      <ItemPrice>9.00</ItemPrice>
      <UnitOfMeasurePrice>0.0180</UnitOfMeasurePrice>
      <AllowDiscount>1</AllowDiscount>
      <ItemStatus>1</ItemStatus>
      <ItemId>54891</ItemId>
    </Item>
    <Item>
      <PriceUpdateDate>2025-01-05 16:22:15</PriceUpdateDate>
      <ItemCode>8076808150072</ItemCode>
      <ItemType>1</ItemType>
      <ItemName>פסטה ברילה צורות צ.א</ItemName>
      <ManufacturerName>BARILLA</ManufacturerName>
      <ManufactureCountry>איטליה</ManufactureCountry>
      <ManufacturerItemDescription>ברילה</ManufacturerItemDescription>
      <UnitQty>גרמים</UnitQty>
      <Quantity>500.00</Quantity>
      <UnitOfMeasure>100 גרם</UnitOfMeasure>
      <bIsWeighted>0</bIsWeighted>
      <QtyInPackage>לא ידוע</QtyInPackage>
      <ItemPrice>9.00</ItemPrice>
      <UnitOfMeasurePrice>0.0180</UnitOfMeasurePrice>
      <AllowDiscount>1</AllowDiscount>
      <ItemStatus>1</ItemStatus>
      <ItemId>54895</ItemId>
    </Item>
    <Item>
      <PriceUpdateDate>2025-01-01 21:30:24</PriceUpdateDate>
      <ItemCode>8076809513395</ItemCode>
      <ItemType>1</ItemType>
      <ItemName>רוטב פומודורו ברילה</ItemName>
      <ManufacturerName>BARILLA</ManufacturerName>
      <ManufactureCountry>איטליה</ManufactureCountry>
      <ManufacturerItemDescription>ברילה</ManufacturerItemDescription>
      <UnitQty>גרמים</UnitQty>
      <Quantity>400.00</Quantity>
      <UnitOfMeasure>100 גרם</UnitOfMeasure>
      <bIsWeighted>0</bIsWeighted>
      <QtyInPackage>לא ידוע</QtyInPackage>
      <ItemPrice>17.00</ItemPrice>
      <UnitOfMeasurePrice>0.0425</UnitOfMeasurePrice>
      <AllowDiscount>1</AllowDiscount>
      <ItemStatus>1</ItemStatus>
      <ItemId>54899</ItemId>
    </Item>
    <Item>
      <PriceUpdateDate>2025-01-05 16:22:15</PriceUpdateDate>
      <ItemCode>8076809513654</ItemCode>
      <ItemType>1</ItemType>
      <ItemName>רוטב בסיס לבולונז בר</ItemName>
      <ManufacturerName>BARILLA</ManufacturerName>
      <ManufactureCountry>איטליה</ManufactureCountry>
      <ManufacturerItemDescription>ברילה</ManufacturerItemDescription>
      <UnitQty>גרמים</UnitQty>
      <Quantity>400.00</Quantity>
      <UnitOfMeasure>100 גרם</UnitOfMeasure>
      <bIsWeighted>0</bIsWeighted>
      <QtyInPackage>לא ידוע</QtyInPackage>
      <ItemPrice>17.00</ItemPrice>
      <UnitOfMeasurePrice>0.0425</UnitOfMeasurePrice>
      <AllowDiscount>1</AllowDiscount>
      <ItemStatus>1</ItemStatus>
      <ItemId>54901</ItemId>
    </Item>
    <Item>
      <PriceUpdateDate>2025-01-05 16:22:15</PriceUpdateDate>
      <ItemCode>8076809513692</ItemCode>
      <ItemType>1</ItemType>
      <ItemName>רוטב נפולטנה ברילה 4</ItemName>
      <ManufacturerName>BARILLA</ManufacturerName>
      <ManufactureCountry>איטליה</ManufactureCountry>
      <ManufacturerItemDescription>ברילה</ManufacturerItemDescription>
      <UnitQty>גרמים</UnitQty>
      <Quantity>400.00</Quantity>
      <UnitOfMeasure>100 גרם</UnitOfMeasure>
      <bIsWeighted>0</bIsWeighted>
      <QtyInPackage>לא ידוע</QtyInPackage>
      <ItemPrice>17.00</ItemPrice>
      <UnitOfMeasurePrice>0.0425</UnitOfMeasurePrice>
      <AllowDiscount>1</AllowDiscount>
      <ItemStatus>1</ItemStatus>
      <ItemId>54902</ItemId>
    </Item>
    <Item>
      <PriceUpdateDate>2025-01-06 18:38:56</PriceUpdateDate>
      <ItemCode>8423207206488</ItemCode>
      <ItemType>1</ItemType>
      <ItemName>סלים דליס שוקולד חלב</ItemName>
      <ManufacturerName>Biocentury</ManufacturerName>
      <ManufactureCountry>ספרד</ManufactureCountry>
      <ManufacturerItemDescription>מרבה</ManufacturerItemDescription>
      <UnitQty>גרמים</UnitQty>
      <Quantity>120.00</Quantity>
      <UnitOfMeasure>100 גרם</UnitOfMeasure>
      <bIsWeighted>0</bIsWeighted>
      <QtyInPackage>לא ידוע</QtyInPackage>
      <ItemPrice>13.00</ItemPrice>
      <UnitOfMeasurePrice>0.1083</UnitOfMeasurePrice>
      <AllowDiscount>1</AllowDiscount>
      <ItemStatus>1</ItemStatus>
      <ItemId>54937</ItemId>
    </Item>
    <Item>
      <PriceUpdateDate>2025-01-06 18:38:56</PriceUpdateDate>
      <ItemCode>8423207206495</ItemCode>
      <ItemType>1</ItemType>
      <ItemName>סלים דליס שוקולד מרי</ItemName>
      <ManufacturerName>Biocentury</ManufacturerName>
      <ManufactureCountry>ספרד</ManufactureCountry>
      <ManufacturerItemDescription>מרבה</ManufacturerItemDescription>
      <UnitQty>גרמים</UnitQty>
      <Quantity>120.00</Quantity>
      <UnitOfMeasure>100 גרם</UnitOfMeasure>
      <bIsWeighted>0</bIsWeighted>
      <QtyInPackage>לא ידוע</QtyInPackage>
      <ItemPrice>13.00</ItemPrice>
      <UnitOfMeasurePrice>0.1083</UnitOfMeasurePrice>
      <AllowDiscount>1</AllowDiscount>
      <ItemStatus>1</ItemStatus>
      <ItemId>54938</ItemId>
    </Item>
    <Item>
      <PriceUpdateDate>2025-01-06 18:38:56</PriceUpdateDate>
      <ItemCode>8423207207362</ItemCode>
      <ItemType>1</ItemType>
      <ItemName>סלים דליס שוקולד לבן</ItemName>
      <ManufacturerName>Biocentury</ManufacturerName>
      <ManufactureCountry>ספרד</ManufactureCountry>
      <ManufacturerItemDescription>מרבה</ManufacturerItemDescription>
      <UnitQty>גרמים</UnitQty>
      <Quantity>120.00</Quantity>
      <UnitOfMeasure>100 גרם</UnitOfMeasure>
      <bIsWeighted>0</bIsWeighted>
      <QtyInPackage>לא ידוע</QtyInPackage>
      <ItemPrice>13.00</ItemPrice>
      <UnitOfMeasurePrice>0.1083</UnitOfMeasurePrice>
      <AllowDiscount>1</AllowDiscount>
      <ItemStatus>1</ItemStatus>
      <ItemId>54940</ItemId>
    </Item>
    <Item>
      <PriceUpdateDate>2025-01-02 08:49:54</PriceUpdateDate>
      <ItemCode>8714789177229</ItemCode>
      <ItemType>1</ItemType>
      <ItemName>מברשות שיניים קולגיי</ItemName>
      <ManufacturerName>CP- China-SH</ManufacturerName>
      <ManufactureCountry>סין</ManufactureCountry>
      <ManufacturerItemDescription>קולגייט</ManufacturerItemDescription>
      <UnitQty>יח'</UnitQty>
      <Quantity>4.00</Quantity>
      <UnitOfMeasure>יח'</UnitOfMeasure>
      <bIsWeighted>0</bIsWeighted>
      <QtyInPackage>לא ידוע</QtyInPackage>
      <ItemPrice>13.00</ItemPrice>
      <UnitOfMeasurePrice>3.2500</UnitOfMeasurePrice>
      <AllowDiscount>1</AllowDiscount>
      <ItemStatus>1</ItemStatus>
      <ItemId>54995</ItemId>
    </Item>
    <Item>
      <PriceUpdateDate>2025-01-02 15:56:53</PriceUpdateDate>
      <ItemCode>72986370</ItemCode>
      <ItemType>1</ItemType>
      <ItemName>פיינט וניל בן אנד ג'</ItemName>
      <ManufacturerName>מוצרי איכות אמריקאיי</ManufacturerName>
      <ManufactureCountry>ישראל</ManufactureCountry>
      <ManufacturerItemDescription>בן &amp; ג'ריס</ManufacturerItemDescription>
      <UnitQty>מיליליטרים</UnitQty>
      <Quantity>500.00</Quantity>
      <UnitOfMeasure>100 מ"ל</UnitOfMeasure>
      <bIsWeighted>0</bIsWeighted>
      <QtyInPackage>לא ידוע</QtyInPackage>
      <ItemPrice>22.90</ItemPrice>
      <UnitOfMeasurePrice>0.0458</UnitOfMeasurePrice>
      <AllowDiscount>1</AllowDiscount>
      <ItemStatus>1</ItemStatus>
      <ItemId>55576</ItemId>
    </Item>
    <Item>
      <PriceUpdateDate>2025-01-02 15:56:53</PriceUpdateDate>
      <ItemCode>72989425</ItemCode>
      <ItemType>1</ItemType>
      <ItemName>פיינט שוקולד בראוניס</ItemName>
      <ManufacturerName>מוצרי איכות אמריקאיי</ManufacturerName>
      <ManufactureCountry>ישראל</ManufactureCountry>
      <ManufacturerItemDescription>בן &amp; ג'ריס</ManufacturerItemDescription>
      <UnitQty>מיליליטרים</UnitQty>
      <Quantity>500.00</Quantity>
      <UnitOfMeasure>100 מ"ל</UnitOfMeasure>
      <bIsWeighted>0</bIsWeighted>
      <QtyInPackage>לא ידוע</QtyInPackage>
      <ItemPrice>22.90</ItemPrice>
      <UnitOfMeasurePrice>0.0458</UnitOfMeasurePrice>
      <AllowDiscount>1</AllowDiscount>
      <ItemStatus>1</ItemStatus>
      <ItemId>55581</ItemId>
    </Item>
    <Item>
      <PriceUpdateDate>2025-01-02 15:56:54</PriceUpdateDate>
      <ItemCode>76840002542</ItemCode>
      <ItemType>1</ItemType>
      <ItemName>פיינט נטפליקס &amp; צ'יל</ItemName>
      <ManufacturerName>מוצרי איכות אמריקאיי</ManufacturerName>
      <ManufactureCountry>ישראל</ManufactureCountry>
      <ManufacturerItemDescription>בן &amp; ג'ריס</ManufacturerItemDescription>
      <UnitQty>מיליליטרים</UnitQty>
      <Quantity>500.00</Quantity>
      <UnitOfMeasure>100 מ"ל</UnitOfMeasure>
      <bIsWeighted>0</bIsWeighted>
      <QtyInPackage>לא ידוע</QtyInPackage>
      <ItemPrice>22.90</ItemPrice>
      <UnitOfMeasurePrice>0.0458</UnitOfMeasurePrice>
      <AllowDiscount>1</AllowDiscount>
      <ItemStatus>1</ItemStatus>
      <ItemId>55587</ItemId>
    </Item>
    <Item>
      <PriceUpdateDate>2025-01-02 15:56:54</PriceUpdateDate>
      <ItemCode>76840100583</ItemCode>
      <ItemType>1</ItemType>
      <ItemName>פיינט בצק עוגיות</ItemName>
      <ManufacturerName>מוצרי איכות אמריקאיי</ManufacturerName>
      <ManufactureCountry>ישראל</ManufactureCountry>
      <ManufacturerItemDescription>בן &amp; ג'ריס</ManufacturerItemDescription>
      <UnitQty>מיליליטרים</UnitQty>
      <Quantity>473.00</Quantity>
      <UnitOfMeasure>100 מ"ל</UnitOfMeasure>
      <bIsWeighted>0</bIsWeighted>
      <QtyInPackage>לא ידוע</QtyInPackage>
      <ItemPrice>22.90</ItemPrice>
      <UnitOfMeasurePrice>0.0484</UnitOfMeasurePrice>
      <AllowDiscount>1</AllowDiscount>
      <ItemStatus>1</ItemStatus>
      <ItemId>55590</ItemId>
    </Item>
    <Item>
      <PriceUpdateDate>2025-01-02 15:56:54</PriceUpdateDate>
      <ItemCode>768404001640</ItemCode>
      <ItemType>1</ItemType>
      <ItemName>פיינט קפה</ItemName>
      <ManufacturerName>מוצרי איכות אמריקאיי</ManufacturerName>
      <ManufactureCountry>ישראל</ManufactureCountry>
      <ManufacturerItemDescription>בן &amp; ג'ריס</ManufacturerItemDescription>
      <UnitQty>גרמים</UnitQty>
      <Quantity>500.00</Quantity>
      <UnitOfMeasure>100 גרם</UnitOfMeasure>
      <bIsWeighted>0</bIsWeighted>
      <QtyInPackage>לא ידוע</QtyInPackage>
      <ItemPrice>22.90</ItemPrice>
      <UnitOfMeasurePrice>0.0458</UnitOfMeasurePrice>
      <AllowDiscount>1</AllowDiscount>
      <ItemStatus>1</ItemStatus>
      <ItemId>55603</ItemId>
    </Item>
    <Item>
      <PriceUpdateDate>2025-07-22 15:28:30</PriceUpdateDate>
      <ItemCode>7290014704602</ItemCode>
      <ItemType>1</ItemType>
      <ItemName>מארז קפה טורקי יוחננ</ItemName>
      <ManufacturerName>רג'ואן</ManufacturerName>
      <ManufactureCountry>ישראל</ManufactureCountry>
      <ManufacturerItemDescription>מארז קפה טורקי יוחננ</ManufacturerItemDescription>
      <UnitQty>גרמים</UnitQty>
      <Quantity>255.00</Quantity>
      <UnitOfMeasure>100 גרם</UnitOfMeasure>
      <bIsWeighted>0</bIsWeighted>
      <QtyInPackage>לא ידוע</QtyInPackage>
      <ItemPrice>17.90</ItemPrice>
      <UnitOfMeasurePrice>0.0702</UnitOfMeasurePrice>
      <AllowDiscount>1</AllowDiscount>
      <ItemStatus>1</ItemStatus>
      <ItemId>55639</ItemId>
    </Item>
    <Item>
      <PriceUpdateDate>2025-01-03 12:28:12</PriceUpdateDate>
      <ItemCode>7290000134307</ItemCode>
      <ItemType>1</ItemType>
      <ItemName>קינמון טחון שקית 50</ItemName>
      <ManufacturerName>תבליני טעם וריח בע"מ</ManufacturerName>
      <ManufactureCountry>ישראל</ManufactureCountry>
      <ManufacturerItemDescription>תבליני טעם וריח בע"מ</ManufacturerItemDescription>
      <UnitQty>גרמים</UnitQty>
      <Quantity>50.00</Quantity>
      <UnitOfMeasure>100 גרם</UnitOfMeasure>
      <bIsWeighted>0</bIsWeighted>
      <QtyInPackage>לא ידוע</QtyInPackage>
      <ItemPrice>7.00</ItemPrice>
      <UnitOfMeasurePrice>0.1400</UnitOfMeasurePrice>
      <AllowDiscount>1</AllowDiscount>
      <ItemStatus>1</ItemStatus>
      <ItemId>56032</ItemId>
    </Item>
    <Item>
      <PriceUpdateDate>2025-01-03 12:28:12</PriceUpdateDate>
      <ItemCode>7290000134314</ItemCode>
      <ItemType>1</ItemType>
      <ItemName>תבלין לפיצה 120 גרם</ItemName>
      <ManufacturerName>תבליני טעם וריח בע"מ</ManufacturerName>
      <ManufactureCountry>ישראל</ManufactureCountry>
      <ManufacturerItemDescription>תבליני טעם וריח בע"מ</ManufacturerItemDescription>
      <UnitQty>גרמים</UnitQty>
      <Quantity>120.00</Quantity>
      <UnitOfMeasure>100 גרם</UnitOfMeasure>
      <bIsWeighted>0</bIsWeighted>
      <QtyInPackage>לא ידוע</QtyInPackage>
      <ItemPrice>12.00</ItemPrice>
      <UnitOfMeasurePrice>0.1000</UnitOfMeasurePrice>
      <AllowDiscount>1</AllowDiscount>
      <ItemStatus>1</ItemStatus>
      <ItemId>56033</ItemId>
    </Item>
    <Item>
      <PriceUpdateDate>2025-01-03 12:28:12</PriceUpdateDate>
      <ItemCode>7290000134338</ItemCode>
      <ItemType>1</ItemType>
      <ItemName>אבקת שום 90 גרם</ItemName>
      <ManufacturerName>תבליני טעם וריח בע"מ</ManufacturerName>
      <ManufactureCountry>ישראל</ManufactureCountry>
      <ManufacturerItemDescription>תבליני טעם וריח בע"מ</ManufacturerItemDescription>
      <UnitQty>גרמים</UnitQty>
      <Quantity>90.00</Quantity>
      <UnitOfMeasure>100 גרם</UnitOfMeasure>
      <bIsWeighted>0</bIsWeighted>
      <QtyInPackage>לא ידוע</QtyInPackage>
      <ItemPrice>12.00</ItemPrice>
      <UnitOfMeasurePrice>0.1333</UnitOfMeasurePrice>
      <AllowDiscount>1</AllowDiscount>
      <ItemStatus>1</ItemStatus>
      <ItemId>56034</ItemId>
    </Item>
    <Item>
      <PriceUpdateDate>2025-01-03 12:28:12</PriceUpdateDate>
      <ItemCode>7290000134352</ItemCode>
      <ItemType>1</ItemType>
      <ItemName>קינמון טחון 90 גרם</ItemName>
      <ManufacturerName>תבליני טעם וריח בע"מ</ManufacturerName>
      <ManufactureCountry>ישראל</ManufactureCountry>
      <ManufacturerItemDescription>תבליני טעם וריח בע"מ</ManufacturerItemDescription>
      <UnitQty>גרמים</UnitQty>
      <Quantity>80.00</Quantity>
      <UnitOfMeasure>100 גרם</UnitOfMeasure>
      <bIsWeighted>0</bIsWeighted>
      <QtyInPackage>לא ידוע</QtyInPackage>
      <ItemPrice>12.00</ItemPrice>
      <UnitOfMeasurePrice>0.1500</UnitOfMeasurePrice>
      <AllowDiscount>1</AllowDiscount>
      <ItemStatus>1</ItemStatus>
      <ItemId>56035</ItemId>
    </Item>
    <Item>
      <PriceUpdateDate>2025-01-03 12:28:12</PriceUpdateDate>
      <ItemCode>7290000134376</ItemCode>
      <ItemType>1</ItemType>
      <ItemName>פפריקה בשמן 90 גרם</ItemName>
      <ManufacturerName>תבליני טעם וריח בע"מ</ManufacturerName>
      <ManufactureCountry>ישראל</ManufactureCountry>
      <ManufacturerItemDescription>תבליני טעם וריח בע"מ</ManufacturerItemDescription>
      <UnitQty>גרמים</UnitQty>
      <Quantity>90.00</Quantity>
      <UnitOfMeasure>100 גרם</UnitOfMeasure>
      <bIsWeighted>0</bIsWeighted>
      <QtyInPackage>לא ידוע</QtyInPackage>
      <ItemPrice>12.00</ItemPrice>
      <UnitOfMeasurePrice>0.1333</UnitOfMeasurePrice>
      <AllowDiscount>1</AllowDiscount>
      <ItemStatus>1</ItemStatus>
      <ItemId>56036</ItemId>
    </Item>
    <Item>
      <PriceUpdateDate>2025-01-03 12:28:12</PriceUpdateDate>
      <ItemCode>7290000134550</ItemCode>
      <ItemType>1</ItemType>
      <ItemName>עלי דפנה בשקית  12 י</ItemName>
      <ManufacturerName>תבליני טעם וריח בע"מ</ManufacturerName>
      <ManufactureCountry>ישראל</ManufactureCountry>
      <ManufacturerItemDescription>תבליני טעם וריח בע"מ</ManufacturerItemDescription>
      <UnitQty>גרמים</UnitQty>
      <Quantity>20.00</Quantity>
      <UnitOfMeasure>100 גרם</UnitOfMeasure>
      <bIsWeighted>0</bIsWeighted>
      <QtyInPackage>לא ידוע</QtyInPackage>
      <ItemPrice>7.00</ItemPrice>
      <UnitOfMeasurePrice>0.3500</UnitOfMeasurePrice>
      <AllowDiscount>1</AllowDiscount>
      <ItemStatus>1</ItemStatus>
      <ItemId>56037</ItemId>
    </Item>
    <Item>
      <PriceUpdateDate>2025-01-03 12:28:12</PriceUpdateDate>
      <ItemCode>7290000134833</ItemCode>
      <ItemType>1</ItemType>
      <ItemName>כמון 100 גרם</ItemName>
      <ManufacturerName>תבליני טעם וריח בע"מ</ManufacturerName>
      <ManufactureCountry>ישראל</ManufactureCountry>
      <ManufacturerItemDescription>תבליני טעם וריח בע"מ</ManufacturerItemDescription>
      <UnitQty>גרמים</UnitQty>
      <Quantity>100.00</Quantity>
      <UnitOfMeasure>100 גרם</UnitOfMeasure>
      <bIsWeighted>0</bIsWeighted>
      <QtyInPackage>לא ידוע</QtyInPackage>
      <ItemPrice>12.00</ItemPrice>
      <UnitOfMeasurePrice>0.1200</UnitOfMeasurePrice>
      <AllowDiscount>1</AllowDiscount>
      <ItemStatus>1</ItemStatus>
      <ItemId>56041</ItemId>
    </Item>
    <Item>
      <PriceUpdateDate>2025-01-03 12:28:12</PriceUpdateDate>
      <ItemCode>7290000134840</ItemCode>
      <ItemType>1</ItemType>
      <ItemName>כורכום 100 גרם</ItemName>
      <ManufacturerName>תבליני טעם וריח בע"מ</ManufacturerName>
      <ManufactureCountry>לא ידוע</ManufactureCountry>
      <ManufacturerItemDescription>תבליני טעם וריח בע"מ</ManufacturerItemDescription>
      <UnitQty>יחידה   </UnitQty>
      <Quantity>0.00</Quantity>
      <UnitOfMeasure>יחידה   </UnitOfMeasure>
      <bIsWeighted>0</bIsWeighted>
      <QtyInPackage>לא ידוע</QtyInPackage>
      <ItemPrice>12.00</ItemPrice>
      <UnitOfMeasurePrice>0.0000</UnitOfMeasurePrice>
      <AllowDiscount>1</AllowDiscount>
      <ItemStatus>1</ItemStatus>
      <ItemId>56042</ItemId>
    </Item>
    <Item>
      <PriceUpdateDate>2025-01-01 21:30:06</PriceUpdateDate>
      <ItemCode>7290000134857</ItemCode>
      <ItemType>1</ItemType>
      <ItemName>פפריקה מתוקה 100 גרם</ItemName>
      <ManufacturerName>תבליני טעם וריח בע"מ</ManufacturerName>
      <ManufactureCountry>ישראל</ManufactureCountry>
      <ManufacturerItemDescription>תבליני טעם וריח בע"מ</ManufacturerItemDescription>
      <UnitQty>גרמים</UnitQty>
      <Quantity>100.00</Quantity>
      <UnitOfMeasure>100 גרם</UnitOfMeasure>
      <bIsWeighted>0</bIsWeighted>
      <QtyInPackage>לא ידוע</QtyInPackage>
      <ItemPrice>12.00</ItemPrice>
      <UnitOfMeasurePrice>0.1200</UnitOfMeasurePrice>
      <AllowDiscount>1</AllowDiscount>
      <ItemStatus>1</ItemStatus>
      <ItemId>56043</ItemId>
    </Item>
    <Item>
      <PriceUpdateDate>2025-01-01 21:30:06</PriceUpdateDate>
      <ItemCode>7290000134871</ItemCode>
      <ItemType>1</ItemType>
      <ItemName>פלפל שחור טחון 100 ג</ItemName>
      <ManufacturerName>תבליני טעם וריח בע"מ</ManufacturerName>
      <ManufactureCountry>ישראל</ManufactureCountry>
      <ManufacturerItemDescription>תבליני טעם וריח בע"מ</ManufacturerItemDescription>
      <UnitQty>גרמים</UnitQty>
      <Quantity>100.00</Quantity>
      <UnitOfMeasure>100 גרם</UnitOfMeasure>
      <bIsWeighted>0</bIsWeighted>
      <QtyInPackage>לא ידוע</QtyInPackage>
      <ItemPrice>15.00</ItemPrice>
      <UnitOfMeasurePrice>0.1500</UnitOfMeasurePrice>
      <AllowDiscount>1</AllowDiscount>
      <ItemStatus>1</ItemStatus>
      <ItemId>56045</ItemId>
    </Item>
    <Item>
      <PriceUpdateDate>2025-01-03 12:28:12</PriceUpdateDate>
      <ItemCode>7290000134970</ItemCode>
      <ItemType>1</ItemType>
      <ItemName>חוואיג' 100 גרם</ItemName>
      <ManufacturerName>תבליני טעם וריח בע"מ</ManufacturerName>
      <ManufactureCountry>ישראל</ManufactureCountry>
      <ManufacturerItemDescription>תבליני טעם וריח בע"מ</ManufacturerItemDescription>
      <UnitQty>גרמים</UnitQty>
      <Quantity>100.00</Quantity>
      <UnitOfMeasure>100 גרם</UnitOfMeasure>
      <bIsWeighted>0</bIsWeighted>
      <QtyInPackage>לא ידוע</QtyInPackage>
      <ItemPrice>12.00</ItemPrice>
      <UnitOfMeasurePrice>0.1200</UnitOfMeasurePrice>
      <AllowDiscount>1</AllowDiscount>
      <ItemStatus>1</ItemStatus>
      <ItemId>56046</ItemId>
    </Item>
    <Item>
      <PriceUpdateDate>2025-01-03 12:28:12</PriceUpdateDate>
      <ItemCode>7290000134987</ItemCode>
      <ItemType>1</ItemType>
      <ItemName>פלפל שחור גרוס 90 גר</ItemName>
      <ManufacturerName>תבליני טעם וריח בע"מ</ManufacturerName>
      <ManufactureCountry>ישראל</ManufactureCountry>
      <ManufacturerItemDescription>תבליני טעם וריח בע"מ</ManufacturerItemDescription>
      <UnitQty>גרמים</UnitQty>
      <Quantity>90.00</Quantity>
      <UnitOfMeasure>100 גרם</UnitOfMeasure>
      <bIsWeighted>0</bIsWeighted>
      <QtyInPackage>לא ידוע</QtyInPackage>
      <ItemPrice>15.00</ItemPrice>
      <UnitOfMeasurePrice>0.1667</UnitOfMeasurePrice>
      <AllowDiscount>1</AllowDiscount>
      <ItemStatus>1</ItemStatus>
      <ItemId>56047</ItemId>
    </Item>
    <Item>
      <PriceUpdateDate>2025-01-03 12:28:12</PriceUpdateDate>
      <ItemCode>7290000134994</ItemCode>
      <ItemType>1</ItemType>
      <ItemName>טימין 20 גרם</ItemName>
      <ManufacturerName>תבליני טעם וריח בע"מ</ManufacturerName>
      <ManufactureCountry>ישראל</ManufactureCountry>
      <ManufacturerItemDescription>תבליני טעם וריח בע"מ</ManufacturerItemDescription>
      <UnitQty>גרמים</UnitQty>
      <Quantity>20.00</Quantity>
      <UnitOfMeasure>100 גרם</UnitOfMeasure>
      <bIsWeighted>0</bIsWeighted>
      <QtyInPackage>לא ידוע</QtyInPackage>
      <ItemPrice>7.00</ItemPrice>
      <UnitOfMeasurePrice>0.3500</UnitOfMeasurePrice>
      <AllowDiscount>1</AllowDiscount>
      <ItemStatus>1</ItemStatus>
      <ItemId>56048</ItemId>
    </Item>
    <Item>
      <PriceUpdateDate>2025-07-01 13:41:36</PriceUpdateDate>
      <ItemCode>7290002517825</ItemCode>
      <ItemType>1</ItemType>
      <ItemName>פלפל לבן טחון 40 גרם</ItemName>
      <ManufacturerName>תבליני טעם וריח בע"מ</ManufacturerName>
      <ManufactureCountry>ישראל</ManufactureCountry>
      <ManufacturerItemDescription>תבליני טעם וריח בע"מ</ManufacturerItemDescription>
      <UnitQty>גרמים</UnitQty>
      <Quantity>40.00</Quantity>
      <UnitOfMeasure>100 גרם</UnitOfMeasure>
      <bIsWeighted>0</bIsWeighted>
      <QtyInPackage>לא ידוע</QtyInPackage>
      <ItemPrice>9.50</ItemPrice>
      <UnitOfMeasurePrice>0.2375</UnitOfMeasurePrice>
      <AllowDiscount>1</AllowDiscount>
      <ItemStatus>1</ItemStatus>
      <ItemId>56057</ItemId>
    </Item>
    <Item>
      <PriceUpdateDate>2025-01-03 12:28:12</PriceUpdateDate>
      <ItemCode>7290011964344</ItemCode>
      <ItemType>1</ItemType>
      <ItemName>שום גבישי 120 גרם</ItemName>
      <ManufacturerName>תבליני טעם וריח בע"מ</ManufacturerName>
      <ManufactureCountry>ישראל</ManufactureCountry>
      <ManufacturerItemDescription>תבליני טעם וריח בע"מ</ManufacturerItemDescription>
      <UnitQty>גרמים</UnitQty>
      <Quantity>120.00</Quantity>
      <UnitOfMeasure>100 גרם</UnitOfMeasure>
      <bIsWeighted>0</bIsWeighted>
      <QtyInPackage>לא ידוע</QtyInPackage>
      <ItemPrice>12.00</ItemPrice>
      <UnitOfMeasurePrice>0.1000</UnitOfMeasurePrice>
      <AllowDiscount>1</AllowDiscount>
      <ItemStatus>1</ItemStatus>
      <ItemId>56059</ItemId>
    </Item>
    <Item>
      <PriceUpdateDate>2025-01-03 12:28:12</PriceUpdateDate>
      <ItemCode>7290014217003</ItemCode>
      <ItemType>1</ItemType>
      <ItemName>פפריקה בטעם מעושן 90</ItemName>
      <ManufacturerName>תבליני טעם וריח בע"מ</ManufacturerName>
      <ManufactureCountry>ישראל</ManufactureCountry>
      <ManufacturerItemDescription>תבליני טעם וריח בע"מ</ManufacturerItemDescription>
      <UnitQty>גרמים</UnitQty>
      <Quantity>90.00</Quantity>
      <UnitOfMeasure>100 גרם</UnitOfMeasure>
      <bIsWeighted>0</bIsWeighted>
      <QtyInPackage>לא ידוע</QtyInPackage>
      <ItemPrice>12.00</ItemPrice>
      <UnitOfMeasurePrice>0.1333</UnitOfMeasurePrice>
      <AllowDiscount>1</AllowDiscount>
      <ItemStatus>1</ItemStatus>
      <ItemId>56070</ItemId>
    </Item>
    <Item>
      <PriceUpdateDate>2025-01-03 12:28:12</PriceUpdateDate>
      <ItemCode>7290014217010</ItemCode>
      <ItemType>1</ItemType>
      <ItemName>T-BUL לדגים 90 גרם</ItemName>
      <ManufacturerName>תבליני טעם וריח בע"מ</ManufacturerName>
      <ManufactureCountry>ישראל</ManufactureCountry>
      <ManufacturerItemDescription>תבליני טעם וריח בע"מ</ManufacturerItemDescription>
      <UnitQty>גרמים</UnitQty>
      <Quantity>90.00</Quantity>
      <UnitOfMeasure>100 גרם</UnitOfMeasure>
      <bIsWeighted>0</bIsWeighted>
      <QtyInPackage>לא ידוע</QtyInPackage>
      <ItemPrice>12.00</ItemPrice>
      <UnitOfMeasurePrice>0.1333</UnitOfMeasurePrice>
      <AllowDiscount>1</AllowDiscount>
      <ItemStatus>1</ItemStatus>
      <ItemId>56071</ItemId>
    </Item>
    <Item>
      <PriceUpdateDate>2025-01-03 12:28:13</PriceUpdateDate>
      <ItemCode>7290014217065</ItemCode>
      <ItemType>1</ItemType>
      <ItemName>אורגנו 40 גרם</ItemName>
      <ManufacturerName>תבליני טעם וריח בע"מ</ManufacturerName>
      <ManufactureCountry>ישראל</ManufactureCountry>
      <ManufacturerItemDescription>תבליני טעם וריח בע"מ</ManufacturerItemDescription>
      <UnitQty>גרמים</UnitQty>
      <Quantity>30.00</Quantity>
      <UnitOfMeasure>100 גרם</UnitOfMeasure>
      <bIsWeighted>0</bIsWeighted>
      <QtyInPackage>לא ידוע</QtyInPackage>
      <ItemPrice>12.00</ItemPrice>
      <UnitOfMeasurePrice>0.4000</UnitOfMeasurePrice>
      <AllowDiscount>1</AllowDiscount>
      <ItemStatus>1</ItemStatus>
      <ItemId>56073</ItemId>
    </Item>
    <Item>
      <PriceUpdateDate>2025-01-03 12:28:13</PriceUpdateDate>
      <ItemCode>7290014217348</ItemCode>
      <ItemType>1</ItemType>
      <ItemName>צ'ילי גרוס 70 גרם</ItemName>
      <ManufacturerName>תבליני טעם וריח בע"מ</ManufacturerName>
      <ManufactureCountry>ישראל</ManufactureCountry>
      <ManufacturerItemDescription>תבליני טעם וריח בע"מ</ManufacturerItemDescription>
      <UnitQty>גרמים</UnitQty>
      <Quantity>70.00</Quantity>
      <UnitOfMeasure>100 גרם</UnitOfMeasure>
      <bIsWeighted>0</bIsWeighted>
      <QtyInPackage>לא ידוע</QtyInPackage>
      <ItemPrice>12.00</ItemPrice>
      <UnitOfMeasurePrice>0.1714</UnitOfMeasurePrice>
      <AllowDiscount>1</AllowDiscount>
      <ItemStatus>1</ItemStatus>
      <ItemId>56082</ItemId>
    </Item>
    <Item>
      <PriceUpdateDate>2025-01-03 12:28:13</PriceUpdateDate>
      <ItemCode>7290015324007</ItemCode>
      <ItemType>1</ItemType>
      <ItemName>פלפל שחור גרוס שקית</ItemName>
      <ManufacturerName>תבליני טעם וריח בע"מ</ManufacturerName>
      <ManufactureCountry>ישראל</ManufactureCountry>
      <ManufacturerItemDescription>תבליני טעם וריח בע"מ</ManufacturerItemDescription>
      <UnitQty>גרמים</UnitQty>
      <Quantity>80.00</Quantity>
      <UnitOfMeasure>100 גרם</UnitOfMeasure>
      <bIsWeighted>0</bIsWeighted>
      <QtyInPackage>לא ידוע</QtyInPackage>
      <ItemPrice>11.00</ItemPrice>
      <UnitOfMeasurePrice>0.1375</UnitOfMeasurePrice>
      <AllowDiscount>1</AllowDiscount>
      <ItemStatus>1</ItemStatus>
      <ItemId>56094</ItemId>
    </Item>
    <Item>
      <PriceUpdateDate>2025-01-03 12:28:13</PriceUpdateDate>
      <ItemCode>7290015324014</ItemCode>
      <ItemType>1</ItemType>
      <ItemName>פלפל שחור טחון שקית</ItemName>
      <ManufacturerName>תבליני טעם וריח בע"מ</ManufacturerName>
      <ManufactureCountry>ישראל</ManufactureCountry>
      <ManufacturerItemDescription>תבליני טעם וריח בע"מ</ManufacturerItemDescription>
      <UnitQty>גרמים</UnitQty>
      <Quantity>80.00</Quantity>
      <UnitOfMeasure>100 גרם</UnitOfMeasure>
      <bIsWeighted>0</bIsWeighted>
      <QtyInPackage>לא ידוע</QtyInPackage>
      <ItemPrice>11.00</ItemPrice>
      <UnitOfMeasurePrice>0.1375</UnitOfMeasurePrice>
      <AllowDiscount>1</AllowDiscount>
      <ItemStatus>1</ItemStatus>
      <ItemId>56095</ItemId>
    </Item>
    <Item>
      <PriceUpdateDate>2025-01-03 12:28:13</PriceUpdateDate>
      <ItemCode>7290015324045</ItemCode>
      <ItemType>1</ItemType>
      <ItemName>פפריקה חריפה שקית 80</ItemName>
      <ManufacturerName>תבליני טעם וריח בע"מ</ManufacturerName>
      <ManufactureCountry>ישראל</ManufactureCountry>
      <ManufacturerItemDescription>תבליני טעם וריח בע"מ</ManufacturerItemDescription>
      <UnitQty>גרמים</UnitQty>
      <Quantity>80.00</Quantity>
      <UnitOfMeasure>100 גרם</UnitOfMeasure>
      <bIsWeighted>0</bIsWeighted>
      <QtyInPackage>לא ידוע</QtyInPackage>
      <ItemPrice>7.00</ItemPrice>
      <UnitOfMeasurePrice>0.0875</UnitOfMeasurePrice>
      <AllowDiscount>1</AllowDiscount>
      <ItemStatus>1</ItemStatus>
      <ItemId>56097</ItemId>
    </Item>
    <Item>
      <PriceUpdateDate>2025-01-01 21:30:16</PriceUpdateDate>
      <ItemCode>7290015324052</ItemCode>
      <ItemType>1</ItemType>
      <ItemName>פפריקה מתוקה שקית 80</ItemName>
      <ManufacturerName>תבליני טעם וריח בע"מ</ManufacturerName>
      <ManufactureCountry>ישראל</ManufactureCountry>
      <ManufacturerItemDescription>תבליני טעם וריח בע"מ</ManufacturerItemDescription>
      <UnitQty>גרמים</UnitQty>
      <Quantity>80.00</Quantity>
      <UnitOfMeasure>100 גרם</UnitOfMeasure>
      <bIsWeighted>0</bIsWeighted>
      <QtyInPackage>לא ידוע</QtyInPackage>
      <ItemPrice>7.00</ItemPrice>
      <UnitOfMeasurePrice>0.0875</UnitOfMeasurePrice>
      <AllowDiscount>1</AllowDiscount>
      <ItemStatus>1</ItemStatus>
      <ItemId>56098</ItemId>
    </Item>
    <Item>
      <PriceUpdateDate>2025-01-01 21:30:16</PriceUpdateDate>
      <ItemCode>7290015324069</ItemCode>
      <ItemType>1</ItemType>
      <ItemName>גריל עוף שקית 80 גרם</ItemName>
      <ManufacturerName>תבליני טעם וריח בע"מ</ManufacturerName>
      <ManufactureCountry>ישראל</ManufactureCountry>
      <ManufacturerItemDescription>תבליני טעם וריח בע"מ</ManufacturerItemDescription>
      <UnitQty>גרמים</UnitQty>
      <Quantity>80.00</Quantity>
      <UnitOfMeasure>100 גרם</UnitOfMeasure>
      <bIsWeighted>0</bIsWeighted>
      <QtyInPackage>לא ידוע</QtyInPackage>
      <ItemPrice>7.00</ItemPrice>
      <UnitOfMeasurePrice>0.0875</UnitOfMeasurePrice>
      <AllowDiscount>1</AllowDiscount>
      <ItemStatus>1</ItemStatus>
      <ItemId>56099</ItemId>
    </Item>
    <Item>
      <PriceUpdateDate>2025-01-01 21:30:16</PriceUpdateDate>
      <ItemCode>7290015324076</ItemCode>
      <ItemType>1</ItemType>
      <ItemName>זעתר מעורב שקית 80</ItemName>
      <ManufacturerName>תבליני טעם וריח בע"מ</ManufacturerName>
      <ManufactureCountry>ישראל</ManufactureCountry>
      <ManufacturerItemDescription>תבליני טעם וריח בע"מ</ManufacturerItemDescription>
      <UnitQty>גרמים</UnitQty>
      <Quantity>80.00</Quantity>
      <UnitOfMeasure>100 גרם</UnitOfMeasure>
      <bIsWeighted>0</bIsWeighted>
      <QtyInPackage>לא ידוע</QtyInPackage>
      <ItemPrice>7.00</ItemPrice>
      <UnitOfMeasurePrice>0.0875</UnitOfMeasurePrice>
      <AllowDiscount>1</AllowDiscount>
      <ItemStatus>1</ItemStatus>
      <ItemId>56100</ItemId>
    </Item>
    <Item>
      <PriceUpdateDate>2025-01-03 12:28:13</PriceUpdateDate>
      <ItemCode>7290015324083</ItemCode>
      <ItemType>1</ItemType>
      <ItemName>מלח לימון שקית 80 גר</ItemName>
      <ManufacturerName>תבליני טעם וריח בע"מ</ManufacturerName>
      <ManufactureCountry>ישראל</ManufactureCountry>
      <ManufacturerItemDescription>תבליני טעם וריח בע"מ</ManufacturerItemDescription>
      <UnitQty>גרמים</UnitQty>
      <Quantity>80.00</Quantity>
      <UnitOfMeasure>100 גרם</UnitOfMeasure>
      <bIsWeighted>0</bIsWeighted>
      <QtyInPackage>לא ידוע</QtyInPackage>
      <ItemPrice>7.00</ItemPrice>
      <UnitOfMeasurePrice>0.0875</UnitOfMeasurePrice>
      <AllowDiscount>1</AllowDiscount>
      <ItemStatus>1</ItemStatus>
      <ItemId>56101</ItemId>
    </Item>
    <Item>
      <PriceUpdateDate>2025-01-03 12:28:13</PriceUpdateDate>
      <ItemCode>7290015324090</ItemCode>
      <ItemType>1</ItemType>
      <ItemName>כמון טחון שקית 80 גר</ItemName>
      <ManufacturerName>תבליני טעם וריח בע"מ</ManufacturerName>
      <ManufactureCountry>ישראל</ManufactureCountry>
      <ManufacturerItemDescription>תבליני טעם וריח בע"מ</ManufacturerItemDescription>
      <UnitQty>גרמים</UnitQty>
      <Quantity>80.00</Quantity>
      <UnitOfMeasure>100 גרם</UnitOfMeasure>
      <bIsWeighted>0</bIsWeighted>
      <QtyInPackage>לא ידוע</QtyInPackage>
      <ItemPrice>7.00</ItemPrice>
      <UnitOfMeasurePrice>0.0875</UnitOfMeasurePrice>
      <AllowDiscount>1</AllowDiscount>
      <ItemStatus>1</ItemStatus>
      <ItemId>56102</ItemId>
    </Item>
    <Item>
      <PriceUpdateDate>2025-11-02 14:58:51</PriceUpdateDate>
      <ItemCode>7290019981145</ItemCode>
      <ItemType>1</ItemType>
      <ItemName>שמן זית כתית מעולה 7</ItemName>
      <ManufacturerName>OLEARIA JONICA</ManufacturerName>
      <ManufactureCountry>איטליה</ManufactureCountry>
      <ManufacturerItemDescription>שמן זית כתית מעולה 7</ManufacturerItemDescription>
      <UnitQty>מיליליטרים</UnitQty>
      <Quantity>750.00</Quantity>
      <UnitOfMeasure>100 מ"ל</UnitOfMeasure>
      <bIsWeighted>0</bIsWeighted>
      <QtyInPackage>לא ידוע</QtyInPackage>
      <ItemPrice>27.90</ItemPrice>
      <UnitOfMeasurePrice>0.0372</UnitOfMeasurePrice>
      <AllowDiscount>1</AllowDiscount>
      <ItemStatus>1</ItemStatus>
      <ItemId>101022</ItemId>
    </Item>
    <Item>
      <PriceUpdateDate>2025-01-03 12:28:13</PriceUpdateDate>
      <ItemCode>7290015324106</ItemCode>
      <ItemType>1</ItemType>
      <ItemName>כורכום טחון שקית 80</ItemName>
      <ManufacturerName>תבליני טעם וריח בע"מ</ManufacturerName>
      <ManufactureCountry>ישראל</ManufactureCountry>
      <ManufacturerItemDescription>תבליני טעם וריח בע"מ</ManufacturerItemDescription>
      <UnitQty>גרמים</UnitQty>
      <Quantity>80.00</Quantity>
      <UnitOfMeasure>100 גרם</UnitOfMeasure>
      <bIsWeighted>0</bIsWeighted>
      <QtyInPackage>לא ידוע</QtyInPackage>
      <ItemPrice>7.00</ItemPrice>
      <UnitOfMeasurePrice>0.0875</UnitOfMeasurePrice>
      <AllowDiscount>1</AllowDiscount>
      <ItemStatus>1</ItemStatus>
      <ItemId>56103</ItemId>
    </Item>
    <Item>
      <PriceUpdateDate>2025-01-03 12:28:13</PriceUpdateDate>
      <ItemCode>7290015324120</ItemCode>
      <ItemType>1</ItemType>
      <ItemName>שום גבישי שקית 80 גר</ItemName>
      <ManufacturerName>תבליני טעם וריח בע"מ</ManufacturerName>
      <ManufactureCountry>ישראל</ManufactureCountry>
      <ManufacturerItemDescription>תבליני טעם וריח בע"מ</ManufacturerItemDescription>
      <UnitQty>גרמים</UnitQty>
      <Quantity>80.00</Quantity>
      <UnitOfMeasure>100 גרם</UnitOfMeasure>
      <bIsWeighted>0</bIsWeighted>
      <QtyInPackage>לא ידוע</QtyInPackage>
      <ItemPrice>7.00</ItemPrice>
      <UnitOfMeasurePrice>0.0875</UnitOfMeasurePrice>
      <AllowDiscount>1</AllowDiscount>
      <ItemStatus>1</ItemStatus>
      <ItemId>56105</ItemId>
    </Item>
    <Item>
      <PriceUpdateDate>2025-01-03 12:28:13</PriceUpdateDate>
      <ItemCode>7290015324175</ItemCode>
      <ItemType>1</ItemType>
      <ItemName>תערובת לתיבול שוארמה</ItemName>
      <ManufacturerName>תבליני טעם וריח בע"מ</ManufacturerName>
      <ManufactureCountry>ישראל</ManufactureCountry>
      <ManufacturerItemDescription>תבליני טעם וריח בע"מ</ManufacturerItemDescription>
      <UnitQty>גרמים</UnitQty>
      <Quantity>80.00</Quantity>
      <UnitOfMeasure>100 גרם</UnitOfMeasure>
      <bIsWeighted>0</bIsWeighted>
      <QtyInPackage>לא ידוע</QtyInPackage>
      <ItemPrice>7.00</ItemPrice>
      <UnitOfMeasurePrice>0.0875</UnitOfMeasurePrice>
      <AllowDiscount>1</AllowDiscount>
      <ItemStatus>1</ItemStatus>
      <ItemId>56108</ItemId>
    </Item>
    <Item>
      <PriceUpdateDate>2025-01-03 12:28:13</PriceUpdateDate>
      <ItemCode>7290015324427</ItemCode>
      <ItemType>1</ItemType>
      <ItemName>סודה לשתיה שקית 80 ג</ItemName>
      <ManufacturerName>תבליני טעם וריח בע"מ</ManufacturerName>
      <ManufactureCountry>ישראל</ManufactureCountry>
      <ManufacturerItemDescription>טעם וריח</ManufacturerItemDescription>
      <UnitQty>גרמים</UnitQty>
      <Quantity>80.00</Quantity>
      <UnitOfMeasure>100 גרם</UnitOfMeasure>
      <bIsWeighted>0</bIsWeighted>
      <QtyInPackage>לא ידוע</QtyInPackage>
      <ItemPrice>7.00</ItemPrice>
      <UnitOfMeasurePrice>0.0875</UnitOfMeasurePrice>
      <AllowDiscount>1</AllowDiscount>
      <ItemStatus>1</ItemStatus>
      <ItemId>56111</ItemId>
    </Item>
    <Item>
      <PriceUpdateDate>2025-01-03 12:28:13</PriceUpdateDate>
      <ItemCode>7290015324526</ItemCode>
      <ItemType>1</ItemType>
      <ItemName>תערובת לתיבול פרגיות</ItemName>
      <ManufacturerName>תבליני טעם וריח בע"מ</ManufacturerName>
      <ManufactureCountry>ישראל</ManufactureCountry>
      <ManufacturerItemDescription>טעם וריח</ManufacturerItemDescription>
      <UnitQty>גרמים</UnitQty>
      <Quantity>80.00</Quantity>
      <UnitOfMeasure>100 גרם</UnitOfMeasure>
      <bIsWeighted>0</bIsWeighted>
      <QtyInPackage>לא ידוע</QtyInPackage>
      <ItemPrice>7.00</ItemPrice>
      <UnitOfMeasurePrice>0.0875</UnitOfMeasurePrice>
      <AllowDiscount>1</AllowDiscount>
      <ItemStatus>1</ItemStatus>
      <ItemId>56113</ItemId>
    </Item>
    <Item>
      <PriceUpdateDate>2025-01-03 12:28:13</PriceUpdateDate>
      <ItemCode>7290015324557</ItemCode>
      <ItemType>1</ItemType>
      <ItemName>בהרט לבישול 80 גרם</ItemName>
      <ManufacturerName>תבליני טעם וריח בע"מ</ManufacturerName>
      <ManufactureCountry>ישראל</ManufactureCountry>
      <ManufacturerItemDescription>טעם וריח</ManufacturerItemDescription>
      <UnitQty>גרמים</UnitQty>
      <Quantity>80.00</Quantity>
      <UnitOfMeasure>100 גרם</UnitOfMeasure>
      <bIsWeighted>0</bIsWeighted>
      <QtyInPackage>לא ידוע</QtyInPackage>
      <ItemPrice>12.00</ItemPrice>
      <UnitOfMeasurePrice>0.1500</UnitOfMeasurePrice>
      <AllowDiscount>1</AllowDiscount>
      <ItemStatus>1</ItemStatus>
      <ItemId>56116</ItemId>
    </Item>
    <Item>
      <PriceUpdateDate>2025-11-30 19:01:33</PriceUpdateDate>
      <ItemCode>90162602</ItemCode>
      <ItemType>1</ItemType>
      <ItemName>רד בול משקה אנרגיה 2</ItemName>
      <ManufacturerName>רד בול</ManufacturerName>
      <ManufactureCountry>אוסטריה</ManufactureCountry>
      <ManufacturerItemDescription>משקה רד בול</ManufacturerItemDescription>
      <UnitQty>מיליליטרים</UnitQty>
      <Quantity>250.00</Quantity>
      <UnitOfMeasure>100 מ"ל</UnitOfMeasure>
      <bIsWeighted>0</bIsWeighted>
      <QtyInPackage>לא ידוע</QtyInPackage>
      <ItemPrice>7.00</ItemPrice>
      <UnitOfMeasurePrice>0.0280</UnitOfMeasurePrice>
      <AllowDiscount>1</AllowDiscount>
      <ItemStatus>1</ItemStatus>
      <ItemId>56445</ItemId>
    </Item>
    <Item>
      <PriceUpdateDate>2025-12-02 13:02:41</PriceUpdateDate>
      <ItemCode>41390001079</ItemCode>
      <ItemType>1</ItemType>
      <ItemName>רוטב סויה דל מלח קיק</ItemName>
      <ManufacturerName>קיקומן פודז אינק</ManufacturerName>
      <ManufactureCountry>ארצות הברית</ManufactureCountry>
      <ManufacturerItemDescription>קיקומן</ManufacturerItemDescription>
      <UnitQty>מיליליטרים</UnitQty>
      <Quantity>444.00</Quantity>
      <UnitOfMeasure>100 מ"ל</UnitOfMeasure>
      <bIsWeighted>0</bIsWeighted>
      <QtyInPackage>לא ידוע</QtyInPackage>
      <ItemPrice>24.90</ItemPrice>
      <UnitOfMeasurePrice>0.0561</UnitOfMeasurePrice>
      <AllowDiscount>1</AllowDiscount>
      <ItemStatus>1</ItemStatus>
      <ItemId>56469</ItemId>
    </Item>
    <Item>
      <PriceUpdateDate>2025-11-12 17:29:43</PriceUpdateDate>
      <ItemCode>5000157143365</ItemCode>
      <ItemType>1</ItemType>
      <ItemName>היינץ מיוקטשופ 425 ג</ItemName>
      <ManufacturerName>HEINZ</ManufacturerName>
      <ManufactureCountry>פולין</ManufactureCountry>
      <ManufacturerItemDescription>היינץ</ManufacturerItemDescription>
      <UnitQty>מיליליטרים</UnitQty>
      <Quantity>425.00</Quantity>
      <UnitOfMeasure>100 מ"ל</UnitOfMeasure>
      <bIsWeighted>0</bIsWeighted>
      <QtyInPackage>לא ידוע</QtyInPackage>
      <ItemPrice>18.90</ItemPrice>
      <UnitOfMeasurePrice>0.0445</UnitOfMeasurePrice>
      <AllowDiscount>1</AllowDiscount>
      <ItemStatus>1</ItemStatus>
      <ItemId>56490</ItemId>
    </Item>
    <Item>
      <PriceUpdateDate>2025-01-01 21:30:04</PriceUpdateDate>
      <ItemCode>5410126006360</ItemCode>
      <ItemType>1</ItemType>
      <ItemName>לוטוס עוגיות סנדוויץ</ItemName>
      <ManufacturerName>לוטס</ManufacturerName>
      <ManufactureCountry>בלגיה</ManufactureCountry>
      <ManufacturerItemDescription>לוטוס</ManufacturerItemDescription>
      <UnitQty>גרמים</UnitQty>
      <Quantity>150.00</Quantity>
      <UnitOfMeasure>100 גרם</UnitOfMeasure>
      <bIsWeighted>0</bIsWeighted>
      <QtyInPackage>לא ידוע</QtyInPackage>
      <ItemPrice>10.00</ItemPrice>
      <UnitOfMeasurePrice>0.0667</UnitOfMeasurePrice>
      <AllowDiscount>1</AllowDiscount>
      <ItemStatus>1</ItemStatus>
      <ItemId>56518</ItemId>
    </Item>
    <Item>
      <PriceUpdateDate>2025-12-18 16:45:47</PriceUpdateDate>
      <ItemCode>5410126716016</ItemCode>
      <ItemType>1</ItemType>
      <ItemName>ביסקויט בטעם קרמל לו</ItemName>
      <ManufacturerName>לוטוס ביקרי נ.וי.</ManufacturerName>
      <ManufactureCountry>בלגיה</ManufactureCountry>
      <ManufacturerItemDescription>לוטוס</ManufacturerItemDescription>
      <UnitQty>גרמים</UnitQty>
      <Quantity>250.00</Quantity>
      <UnitOfMeasure>100 גרם</UnitOfMeasure>
      <bIsWeighted>0</bIsWeighted>
      <QtyInPackage>לא ידוע</QtyInPackage>
      <ItemPrice>12.90</ItemPrice>
      <UnitOfMeasurePrice>0.0516</UnitOfMeasurePrice>
      <AllowDiscount>1</AllowDiscount>
      <ItemStatus>1</ItemStatus>
      <ItemId>56524</ItemId>
    </Item>
    <Item>
      <PriceUpdateDate>2025-07-28 13:48:49</PriceUpdateDate>
      <ItemCode>7290000304663</ItemCode>
      <ItemType>1</ItemType>
      <ItemName>סלט טונה נון 160 גרם</ItemName>
      <ManufacturerName>סטארקיסט פודור בע"מ</ManufacturerName>
      <ManufactureCountry>ישראל</ManufactureCountry>
      <ManufacturerItemDescription>נון</ManufacturerItemDescription>
      <UnitQty>גרמים</UnitQty>
      <Quantity>160.00</Quantity>
      <UnitOfMeasure>100 גרם</UnitOfMeasure>
      <bIsWeighted>0</bIsWeighted>
      <QtyInPackage>לא ידוע</QtyInPackage>
      <ItemPrice>8.90</ItemPrice>
      <UnitOfMeasurePrice>0.0556</UnitOfMeasurePrice>
      <AllowDiscount>1</AllowDiscount>
      <ItemStatus>1</ItemStatus>
      <ItemId>56542</ItemId>
    </Item>
    <Item>
      <PriceUpdateDate>2025-01-01 21:30:10</PriceUpdateDate>
      <ItemCode>7290003054657</ItemCode>
      <ItemType>1</ItemType>
      <ItemName>חרדל דיז'ון אקסטרא פ</ItemName>
      <ManufacturerName>REINE DE DIJON S.A</ManufacturerName>
      <ManufactureCountry>צרפת</ManufactureCountry>
      <ManufacturerItemDescription>ריין דיז'ון</ManufacturerItemDescription>
      <UnitQty>גרמים</UnitQty>
      <Quantity>370.00</Quantity>
      <UnitOfMeasure>100 גרם</UnitOfMeasure>
      <bIsWeighted>0</bIsWeighted>
      <QtyInPackage>לא ידוע</QtyInPackage>
      <ItemPrice>14.00</ItemPrice>
      <UnitOfMeasurePrice>0.0378</UnitOfMeasurePrice>
      <AllowDiscount>1</AllowDiscount>
      <ItemStatus>1</ItemStatus>
      <ItemId>56594</ItemId>
    </Item>
    <Item>
      <PriceUpdateDate>2025-01-01 21:30:11</PriceUpdateDate>
      <ItemCode>7290003450602</ItemCode>
      <ItemType>1</ItemType>
      <ItemName>ממרח חרדל צהוב לחיץ</ItemName>
      <ManufacturerName>היינץ צפון אמריקה מק</ManufacturerName>
      <ManufactureCountry>ארצות הברית</ManufactureCountry>
      <ManufacturerItemDescription>היינץ</ManufacturerItemDescription>
      <UnitQty>גרמים</UnitQty>
      <Quantity>255.00</Quantity>
      <UnitOfMeasure>100 גרם</UnitOfMeasure>
      <bIsWeighted>0</bIsWeighted>
      <QtyInPackage>לא ידוע</QtyInPackage>
      <ItemPrice>15.00</ItemPrice>
      <UnitOfMeasurePrice>0.0588</UnitOfMeasurePrice>
      <AllowDiscount>1</AllowDiscount>
      <ItemStatus>1</ItemStatus>
      <ItemId>56596</ItemId>
    </Item>
    <Item>
      <PriceUpdateDate>2025-01-01 21:30:12</PriceUpdateDate>
      <ItemCode>7290005287206</ItemCode>
      <ItemType>1</ItemType>
      <ItemName>ס.ק  טונה בשמן 160גר</ItemName>
      <ManufacturerName>סטארקיסט פודור בע"מ</ManufacturerName>
      <ManufactureCountry>ישראל</ManufactureCountry>
      <ManufacturerItemDescription>סטארקיסט</ManufacturerItemDescription>
      <UnitQty>גרמים</UnitQty>
      <Quantity>640.00</Quantity>
      <UnitOfMeasure>100 גרם</UnitOfMeasure>
      <bIsWeighted>0</bIsWeighted>
      <QtyInPackage>לא ידוע</QtyInPackage>
      <ItemPrice>27.10</ItemPrice>
      <UnitOfMeasurePrice>0.0423</UnitOfMeasurePrice>
      <AllowDiscount>1</AllowDiscount>
      <ItemStatus>1</ItemStatus>
      <ItemId>56598</ItemId>
    </Item>
    <Item>
      <PriceUpdateDate>2025-01-05 16:22:08</PriceUpdateDate>
      <ItemCode>7290005287251</ItemCode>
      <ItemType>1</ItemType>
      <ItemName>ס.ק  טונה במים 160גר</ItemName>
      <ManufacturerName>סטארקיסט פודור בע"מ</ManufacturerName>
      <ManufactureCountry>ישראל</ManufactureCountry>
      <ManufacturerItemDescription>סטארקיסט</ManufacturerItemDescription>
      <UnitQty>גרמים</UnitQty>
      <Quantity>640.00</Quantity>
      <UnitOfMeasure>100 גרם</UnitOfMeasure>
      <bIsWeighted>0</bIsWeighted>
      <QtyInPackage>לא ידוע</QtyInPackage>
      <ItemPrice>27.10</ItemPrice>
      <UnitOfMeasurePrice>0.0423</UnitOfMeasurePrice>
      <AllowDiscount>1</AllowDiscount>
      <ItemStatus>1</ItemStatus>
      <ItemId>56600</ItemId>
    </Item>
    <Item>
      <PriceUpdateDate>2024-08-09 11:34:39</PriceUpdateDate>
      <ItemCode>7290013847645</ItemCode>
      <ItemType>1</ItemType>
      <ItemName>טונה סטארקיסט בשמן ז</ItemName>
      <ManufacturerName>דרדנל אונוסטאס גידה</ManufacturerName>
      <ManufactureCountry>תורכיה</ManufactureCountry>
      <ManufacturerItemDescription>סטארקיסט</ManufacturerItemDescription>
      <UnitQty>גרמים</UnitQty>
      <Quantity>240.00</Quantity>
      <UnitOfMeasure>100 גרם</UnitOfMeasure>
      <bIsWeighted>0</bIsWeighted>
      <QtyInPackage>לא ידוע</QtyInPackage>
      <ItemPrice>21.90</ItemPrice>
      <UnitOfMeasurePrice>0.0912</UnitOfMeasurePrice>
      <AllowDiscount>1</AllowDiscount>
      <ItemStatus>1</ItemStatus>
      <ItemId>56643</ItemId>
    </Item>
    <Item>
      <PriceUpdateDate>2025-12-02 13:02:42</PriceUpdateDate>
      <ItemCode>7290017677804</ItemCode>
      <ItemType>1</ItemType>
      <ItemName>רוטב סויה קיקומן 444</ItemName>
      <ManufacturerName>קיקומן פודז אינק</ManufacturerName>
      <ManufactureCountry>ארצות הברית</ManufactureCountry>
      <ManufacturerItemDescription>קיקומן</ManufacturerItemDescription>
      <UnitQty>מיליליטרים</UnitQty>
      <Quantity>444.00</Quantity>
      <UnitOfMeasure>100 מ"ל</UnitOfMeasure>
      <bIsWeighted>0</bIsWeighted>
      <QtyInPackage>לא ידוע</QtyInPackage>
      <ItemPrice>24.90</ItemPrice>
      <UnitOfMeasurePrice>0.0561</UnitOfMeasurePrice>
      <AllowDiscount>1</AllowDiscount>
      <ItemStatus>1</ItemStatus>
      <ItemId>56670</ItemId>
    </Item>
    <Item>
      <PriceUpdateDate>2025-05-07 17:24:02</PriceUpdateDate>
      <ItemCode>7622010001858</ItemCode>
      <ItemType>1</ItemType>
      <ItemName>אוראו וניל 176 גרם ב</ItemName>
      <ManufacturerName>מונדלייז</ManufacturerName>
      <ManufactureCountry>ספרד</ManufactureCountry>
      <ManufacturerItemDescription>אוראו</ManufacturerItemDescription>
      <UnitQty>גרמים</UnitQty>
      <Quantity>176.00</Quantity>
      <UnitOfMeasure>100 גרם</UnitOfMeasure>
      <bIsWeighted>0</bIsWeighted>
      <QtyInPackage>לא ידוע</QtyInPackage>
      <ItemPrice>12.90</ItemPrice>
      <UnitOfMeasurePrice>0.0733</UnitOfMeasurePrice>
      <AllowDiscount>1</AllowDiscount>
      <ItemStatus>1</ItemStatus>
      <ItemId>56687</ItemId>
    </Item>
    <Item>
      <PriceUpdateDate>2025-12-02 10:42:01</PriceUpdateDate>
      <ItemCode>7622201809188</ItemCode>
      <ItemType>1</ItemType>
      <ItemName>מילקה ביסקויט 150 גר</ItemName>
      <ManufacturerName>מונדלייז</ManufacturerName>
      <ManufactureCountry>פולין</ManufactureCountry>
      <ManufacturerItemDescription>מילקה</ManufacturerItemDescription>
      <UnitQty>גרמים</UnitQty>
      <Quantity>150.00</Quantity>
      <UnitOfMeasure>100 גרם</UnitOfMeasure>
      <bIsWeighted>0</bIsWeighted>
      <QtyInPackage>לא ידוע</QtyInPackage>
      <ItemPrice>17.90</ItemPrice>
      <UnitOfMeasurePrice>0.1193</UnitOfMeasurePrice>
      <AllowDiscount>1</AllowDiscount>
      <ItemStatus>1</ItemStatus>
      <ItemId>56702</ItemId>
    </Item>
    <Item>
      <PriceUpdateDate>2025-12-02 10:42:01</PriceUpdateDate>
      <ItemCode>7622201813390</ItemCode>
      <ItemType>1</ItemType>
      <ItemName>מילקה וואפל במילוי ק</ItemName>
      <ManufacturerName>מונדלייז</ManufacturerName>
      <ManufactureCountry>פולין</ManufactureCountry>
      <ManufacturerItemDescription>מילקה</ManufacturerItemDescription>
      <UnitQty>גרמים</UnitQty>
      <Quantity>150.00</Quantity>
      <UnitOfMeasure>100 גרם</UnitOfMeasure>
      <bIsWeighted>0</bIsWeighted>
      <QtyInPackage>לא ידוע</QtyInPackage>
      <ItemPrice>17.90</ItemPrice>
      <UnitOfMeasurePrice>0.1193</UnitOfMeasurePrice>
      <AllowDiscount>1</AllowDiscount>
      <ItemStatus>1</ItemStatus>
      <ItemId>56703</ItemId>
    </Item>
    <Item>
      <PriceUpdateDate>2025-12-02 10:42:01</PriceUpdateDate>
      <ItemCode>7622210453327</ItemCode>
      <ItemType>1</ItemType>
      <ItemName>עוגיות מילקה סנסיישן</ItemName>
      <ManufacturerName>מונדלייז</ManufacturerName>
      <ManufactureCountry>פולין</ManufactureCountry>
      <ManufacturerItemDescription>מילקה</ManufacturerItemDescription>
      <UnitQty>גרמים</UnitQty>
      <Quantity>156.00</Quantity>
      <UnitOfMeasure>100 גרם</UnitOfMeasure>
      <bIsWeighted>0</bIsWeighted>
      <QtyInPackage>לא ידוע</QtyInPackage>
      <ItemPrice>17.90</ItemPrice>
      <UnitOfMeasurePrice>0.1147</UnitOfMeasurePrice>
      <AllowDiscount>1</AllowDiscount>
      <ItemStatus>1</ItemStatus>
      <ItemId>56707</ItemId>
    </Item>
    <Item>
      <PriceUpdateDate>2025-05-07 17:40:57</PriceUpdateDate>
      <ItemCode>7622300489434</ItemCode>
      <ItemType>1</ItemType>
      <ItemName>עוגיות אוראו בציפוי</ItemName>
      <ManufacturerName>מונדלייז</ManufacturerName>
      <ManufactureCountry>ספרד</ManufactureCountry>
      <ManufacturerItemDescription>אוראו</ManufacturerItemDescription>
      <UnitQty>גרמים</UnitQty>
      <Quantity>246.00</Quantity>
      <UnitOfMeasure>100 גרם</UnitOfMeasure>
      <bIsWeighted>0</bIsWeighted>
      <QtyInPackage>לא ידוע</QtyInPackage>
      <ItemPrice>22.90</ItemPrice>
      <UnitOfMeasurePrice>0.0931</UnitOfMeasurePrice>
      <AllowDiscount>1</AllowDiscount>
      <ItemStatus>1</ItemStatus>
      <ItemId>56735</ItemId>
    </Item>
    <Item>
      <PriceUpdateDate>2025-12-02 10:42:01</PriceUpdateDate>
      <ItemCode>7622300503079</ItemCode>
      <ItemType>1</ItemType>
      <ItemName>מילקה מוו 200 גרם</ItemName>
      <ManufacturerName>מונדלייז</ManufacturerName>
      <ManufactureCountry>פולין</ManufactureCountry>
      <ManufacturerItemDescription>מילקה</ManufacturerItemDescription>
      <UnitQty>גרמים</UnitQty>
      <Quantity>168.00</Quantity>
      <UnitOfMeasure>100 גרם</UnitOfMeasure>
      <bIsWeighted>0</bIsWeighted>
      <QtyInPackage>לא ידוע</QtyInPackage>
      <ItemPrice>17.90</ItemPrice>
      <UnitOfMeasurePrice>0.1065</UnitOfMeasurePrice>
      <AllowDiscount>1</AllowDiscount>
      <ItemStatus>1</ItemStatus>
      <ItemId>56737</ItemId>
    </Item>
    <Item>
      <PriceUpdateDate>2025-05-07 17:22:06</PriceUpdateDate>
      <ItemCode>7622300617820</ItemCode>
      <ItemType>1</ItemType>
      <ItemName>מילקה אוראו 100 גרם</ItemName>
      <ManufacturerName>מונדלייז</ManufacturerName>
      <ManufactureCountry>גרמניה</ManufactureCountry>
      <ManufacturerItemDescription>מילקה</ManufacturerItemDescription>
      <UnitQty>גרמים</UnitQty>
      <Quantity>100.00</Quantity>
      <UnitOfMeasure>100 גרם</UnitOfMeasure>
      <bIsWeighted>0</bIsWeighted>
      <QtyInPackage>לא ידוע</QtyInPackage>
      <ItemPrice>10.90</ItemPrice>
      <UnitOfMeasurePrice>0.1090</UnitOfMeasurePrice>
      <AllowDiscount>1</AllowDiscount>
      <ItemStatus>1</ItemStatus>
      <ItemId>56738</ItemId>
    </Item>
    <Item>
      <PriceUpdateDate>2025-01-02 08:49:54</PriceUpdateDate>
      <ItemCode>8712400802512</ItemCode>
      <ItemType>1</ItemType>
      <ItemName>נוטרילון שלב 2 800 ג</ItemName>
      <ManufacturerName>נוטרישיה קאלק ב. ו.</ManufacturerName>
      <ManufactureCountry>הולנד</ManufactureCountry>
      <ManufacturerItemDescription>נוטרישה-נוטרילון</ManufacturerItemDescription>
      <UnitQty>גרמים</UnitQty>
      <Quantity>800.00</Quantity>
      <UnitOfMeasure>100 גרם</UnitOfMeasure>
      <bIsWeighted>0</bIsWeighted>
      <QtyInPackage>לא ידוע</QtyInPackage>
      <ItemPrice>70.50</ItemPrice>
      <UnitOfMeasurePrice>0.0881</UnitOfMeasurePrice>
      <AllowDiscount>1</AllowDiscount>
      <ItemStatus>1</ItemStatus>
      <ItemId>56789</ItemId>
    </Item>
    <Item>
      <PriceUpdateDate>2025-07-02 15:09:07</PriceUpdateDate>
      <ItemCode>8714599513781</ItemCode>
      <ItemType>1</ItemType>
      <ItemName>ג'ייקובס גולד מיובש</ItemName>
      <ManufacturerName>מונדלייז</ManufacturerName>
      <ManufactureCountry>גרמניה</ManufactureCountry>
      <ManufacturerItemDescription>ג'ייקובס</ManufacturerItemDescription>
      <UnitQty>גרמים</UnitQty>
      <Quantity>200.00</Quantity>
      <UnitOfMeasure>100 גרם</UnitOfMeasure>
      <bIsWeighted>0</bIsWeighted>
      <QtyInPackage>לא ידוע</QtyInPackage>
      <ItemPrice>34.90</ItemPrice>
      <UnitOfMeasurePrice>0.1745</UnitOfMeasurePrice>
      <AllowDiscount>1</AllowDiscount>
      <ItemStatus>1</ItemStatus>
      <ItemId>56798</ItemId>
    </Item>
    <Item>
      <PriceUpdateDate>2024-05-21 15:07:34</PriceUpdateDate>
      <ItemCode>8714599513866</ItemCode>
      <ItemType>1</ItemType>
      <ItemName>ג'ייקובס קרוננג מיוב</ItemName>
      <ManufacturerName>מונדלייז</ManufacturerName>
      <ManufactureCountry>גרמניה</ManufactureCountry>
      <ManufacturerItemDescription>ג'ייקובס</ManufacturerItemDescription>
      <UnitQty>גרמים</UnitQty>
      <Quantity>200.00</Quantity>
      <UnitOfMeasure>100 גרם</UnitOfMeasure>
      <bIsWeighted>0</bIsWeighted>
      <QtyInPackage>לא ידוע</QtyInPackage>
      <ItemPrice>29.90</ItemPrice>
      <UnitOfMeasurePrice>0.1495</UnitOfMeasurePrice>
      <AllowDiscount>1</AllowDiscount>
      <ItemStatus>1</ItemStatus>
      <ItemId>56800</ItemId>
    </Item>
    <Item>
      <PriceUpdateDate>2025-01-01 21:30:25</PriceUpdateDate>
      <ItemCode>8715700110141</ItemCode>
      <ItemType>1</ItemType>
      <ItemName>ממרח היינץ צנצנת 460</ItemName>
      <ManufacturerName>ה.י. היינץ</ManufacturerName>
      <ManufactureCountry>הולנד</ManufactureCountry>
      <ManufacturerItemDescription>היינץ</ManufacturerItemDescription>
      <UnitQty>גרמים</UnitQty>
      <Quantity>460.00</Quantity>
      <UnitOfMeasure>100 גרם</UnitOfMeasure>
      <bIsWeighted>0</bIsWeighted>
      <QtyInPackage>לא ידוע</QtyInPackage>
      <ItemPrice>14.00</ItemPrice>
      <UnitOfMeasurePrice>0.0304</UnitOfMeasurePrice>
      <AllowDiscount>1</AllowDiscount>
      <ItemStatus>1</ItemStatus>
      <ItemId>56808</ItemId>
    </Item>
    <Item>
      <PriceUpdateDate>2025-11-24 15:12:50</PriceUpdateDate>
      <ItemCode>8715700419732</ItemCode>
      <ItemType>1</ItemType>
      <ItemName>קטשופ היינץ 700 גרם</ItemName>
      <ManufacturerName>ה.י. היינץ</ManufacturerName>
      <ManufactureCountry>הולנד</ManufactureCountry>
      <ManufacturerItemDescription>היינץ</ManufacturerItemDescription>
      <UnitQty>גרמים</UnitQty>
      <Quantity>700.00</Quantity>
      <UnitOfMeasure>100 גרם</UnitOfMeasure>
      <bIsWeighted>0</bIsWeighted>
      <QtyInPackage>לא ידוע</QtyInPackage>
      <ItemPrice>16.90</ItemPrice>
      <UnitOfMeasurePrice>0.0241</UnitOfMeasurePrice>
      <AllowDiscount>1</AllowDiscount>
      <ItemStatus>1</ItemStatus>
      <ItemId>56819</ItemId>
    </Item>
    <Item>
      <PriceUpdateDate>2025-11-12 17:29:43</PriceUpdateDate>
      <ItemCode>8715700422473</ItemCode>
      <ItemType>1</ItemType>
      <ItemName>היינץ ממרח לחיץ ללא</ItemName>
      <ManufacturerName>ה.י. היינץ</ManufacturerName>
      <ManufactureCountry>הולנד</ManufactureCountry>
      <ManufacturerItemDescription>היינץ</ManufacturerItemDescription>
      <UnitQty>גרמים</UnitQty>
      <Quantity>395.00</Quantity>
      <UnitOfMeasure>100 גרם</UnitOfMeasure>
      <bIsWeighted>0</bIsWeighted>
      <QtyInPackage>לא ידוע</QtyInPackage>
      <ItemPrice>18.90</ItemPrice>
      <UnitOfMeasurePrice>0.0478</UnitOfMeasurePrice>
      <AllowDiscount>1</AllowDiscount>
      <ItemStatus>1</ItemStatus>
      <ItemId>56824</ItemId>
    </Item>
    <Item>
      <PriceUpdateDate>2025-12-01 15:11:21</PriceUpdateDate>
      <ItemCode>8719200998001</ItemCode>
      <ItemType>1</ItemType>
      <ItemName>בלובנד בלי מלח 200 ג</ItemName>
      <ManufacturerName>אתר חיפה מרגרינה - F</ManufacturerName>
      <ManufactureCountry>ישראל</ManufactureCountry>
      <ManufacturerItemDescription>BLUE BAND</ManufacturerItemDescription>
      <UnitQty>גרמים</UnitQty>
      <Quantity>200.00</Quantity>
      <UnitOfMeasure>100 גרם</UnitOfMeasure>
      <bIsWeighted>0</bIsWeighted>
      <QtyInPackage>לא ידוע</QtyInPackage>
      <ItemPrice>6.50</ItemPrice>
      <UnitOfMeasurePrice>0.0325</UnitOfMeasurePrice>
      <AllowDiscount>1</AllowDiscount>
      <ItemStatus>1</ItemStatus>
      <ItemId>56828</ItemId>
    </Item>
    <Item>
      <PriceUpdateDate>2025-12-01 15:11:21</PriceUpdateDate>
      <ItemCode>8719200998018</ItemCode>
      <ItemType>1</ItemType>
      <ItemName>מחמאה בלובנד 200 גרם</ItemName>
      <ManufacturerName>אתר חיפה מרגרינה - F</ManufacturerName>
      <ManufactureCountry>ישראל</ManufactureCountry>
      <ManufacturerItemDescription>BLUE BAND</ManufacturerItemDescription>
      <UnitQty>גרמים</UnitQty>
      <Quantity>200.00</Quantity>
      <UnitOfMeasure>100 גרם</UnitOfMeasure>
      <bIsWeighted>0</bIsWeighted>
      <QtyInPackage>לא ידוע</QtyInPackage>
      <ItemPrice>6.50</ItemPrice>
      <UnitOfMeasurePrice>0.0325</UnitOfMeasurePrice>
      <AllowDiscount>1</AllowDiscount>
      <ItemStatus>1</ItemStatus>
      <ItemId>56829</ItemId>
    </Item>
    <Item>
      <PriceUpdateDate>2025-12-02 13:02:49</PriceUpdateDate>
      <ItemCode>8719200998049</ItemCode>
      <ItemType>1</ItemType>
      <ItemName>מזולה בטעם טבעי 250</ItemName>
      <ManufacturerName>אתר חיפה מרגרינה - F</ManufacturerName>
      <ManufactureCountry>ישראל</ManufactureCountry>
      <ManufacturerItemDescription>MAZOLA</ManufacturerItemDescription>
      <UnitQty>גרמים</UnitQty>
      <Quantity>250.00</Quantity>
      <UnitOfMeasure>100 גרם</UnitOfMeasure>
      <bIsWeighted>0</bIsWeighted>
      <QtyInPackage>לא ידוע</QtyInPackage>
      <ItemPrice>10.90</ItemPrice>
      <UnitOfMeasurePrice>0.0436</UnitOfMeasurePrice>
      <AllowDiscount>1</AllowDiscount>
      <ItemStatus>1</ItemStatus>
      <ItemId>56832</ItemId>
    </Item>
    <Item>
      <PriceUpdateDate>2025-12-07 17:51:21</PriceUpdateDate>
      <ItemCode>7290016509342</ItemCode>
      <ItemType>1</ItemType>
      <ItemName>מארז שלשות כדוריות ל</ItemName>
      <ManufacturerName>הנקל סוד</ManufacturerName>
      <ManufactureCountry>סרביה</ManufactureCountry>
      <ManufacturerItemDescription>סוד</ManufacturerItemDescription>
      <UnitQty>גרמים</UnitQty>
      <Quantity>150.00</Quantity>
      <UnitOfMeasure>100 גרם</UnitOfMeasure>
      <bIsWeighted>0</bIsWeighted>
      <QtyInPackage>לא ידוע</QtyInPackage>
      <ItemPrice>17.90</ItemPrice>
      <UnitOfMeasurePrice>0.1193</UnitOfMeasurePrice>
      <AllowDiscount>1</AllowDiscount>
      <ItemStatus>1</ItemStatus>
      <ItemId>56890</ItemId>
    </Item>
    <Item>
      <PriceUpdateDate>2025-05-08 16:22:40</PriceUpdateDate>
      <ItemCode>8712561488280</ItemCode>
      <ItemType>1</ItemType>
      <ItemName>דאב שמפו שיקום אינטנ</ItemName>
      <ManufacturerName>יוניליוור פולין</ManufacturerName>
      <ManufactureCountry>פולין</ManufactureCountry>
      <ManufacturerItemDescription>דאב שמפו שיקום אינטנ</ManufacturerItemDescription>
      <UnitQty>מיליליטרים</UnitQty>
      <Quantity>400.00</Quantity>
      <UnitOfMeasure>100 מ"ל</UnitOfMeasure>
      <bIsWeighted>0</bIsWeighted>
      <QtyInPackage>לא ידוע</QtyInPackage>
      <ItemPrice>16.90</ItemPrice>
      <UnitOfMeasurePrice>0.0422</UnitOfMeasurePrice>
      <AllowDiscount>1</AllowDiscount>
      <ItemStatus>1</ItemStatus>
      <ItemId>112209</ItemId>
    </Item>
    <Item>
      <PriceUpdateDate>2025-04-06 16:47:32</PriceUpdateDate>
      <ItemCode>7290000000602</ItemCode>
      <ItemType>1</ItemType>
      <ItemName>אגס</ItemName>
      <ManufacturerName>משתנה</ManufacturerName>
      <ManufactureCountry>ישראל</ManufactureCountry>
      <ManufacturerItemDescription>אגס</ManufacturerItemDescription>
      <UnitQty>קילוגרמים</UnitQty>
      <Quantity>1.00</Quantity>
      <UnitOfMeasure>ק"ג</UnitOfMeasure>
      <bIsWeighted>1</bIsWeighted>
      <QtyInPackage>לא ידוע</QtyInPackage>
      <ItemPrice>14.90</ItemPrice>
      <UnitOfMeasurePrice>14.9000</UnitOfMeasurePrice>
      <AllowDiscount>1</AllowDiscount>
      <ItemStatus>1</ItemStatus>
      <ItemId>57753</ItemId>
    </Item>
    <Item>
      <PriceUpdateDate>2025-04-03 14:11:24</PriceUpdateDate>
      <ItemCode>7290000000788</ItemCode>
      <ItemType>1</ItemType>
      <ItemName>תפוח עץ  סמיט</ItemName>
      <ManufacturerName>משתנה</ManufacturerName>
      <ManufactureCountry>ישראל</ManufactureCountry>
      <ManufacturerItemDescription>תפו"ע סמיט</ManufacturerItemDescription>
      <UnitQty>קילוגרמים</UnitQty>
      <Quantity>1.00</Quantity>
      <UnitOfMeasure>ק"ג</UnitOfMeasure>
      <bIsWeighted>1</bIsWeighted>
      <QtyInPackage>לא ידוע</QtyInPackage>
      <ItemPrice>12.90</ItemPrice>
      <UnitOfMeasurePrice>12.9000</UnitOfMeasurePrice>
      <AllowDiscount>1</AllowDiscount>
      <ItemStatus>1</ItemStatus>
      <ItemId>57756</ItemId>
    </Item>
    <Item>
      <PriceUpdateDate>2025-03-24 17:52:08</PriceUpdateDate>
      <ItemCode>7290000000792</ItemCode>
      <ItemType>1</ItemType>
      <ItemName>תפוח עץ  מוזהב</ItemName>
      <ManufacturerName>משתנה</ManufacturerName>
      <ManufactureCountry>ישראל</ManufactureCountry>
      <ManufacturerItemDescription>תפו"ע מוזהב</ManufacturerItemDescription>
      <UnitQty>קילוגרמים</UnitQty>
      <Quantity>1.00</Quantity>
      <UnitOfMeasure>ק"ג</UnitOfMeasure>
      <bIsWeighted>1</bIsWeighted>
      <QtyInPackage>לא ידוע</QtyInPackage>
      <ItemPrice>10.90</ItemPrice>
      <UnitOfMeasurePrice>10.9000</UnitOfMeasurePrice>
      <AllowDiscount>1</AllowDiscount>
      <ItemStatus>1</ItemStatus>
      <ItemId>57757</ItemId>
    </Item>
    <Item>
      <PriceUpdateDate>2025-03-24 17:52:08</PriceUpdateDate>
      <ItemCode>7290000000897</ItemCode>
      <ItemType>1</ItemType>
      <ItemName>תפוח עץ פינק ליידי</ItemName>
      <ManufacturerName>משתנה</ManufacturerName>
      <ManufactureCountry>ישראל</ManufactureCountry>
      <ManufacturerItemDescription>תפו"ע פינק ליידי</ManufacturerItemDescription>
      <UnitQty>קילוגרמים</UnitQty>
      <Quantity>1.00</Quantity>
      <UnitOfMeasure>ק"ג</UnitOfMeasure>
      <bIsWeighted>1</bIsWeighted>
      <QtyInPackage>לא ידוע</QtyInPackage>
      <ItemPrice>16.90</ItemPrice>
      <UnitOfMeasurePrice>16.9000</UnitOfMeasurePrice>
      <AllowDiscount>1</AllowDiscount>
      <ItemStatus>1</ItemStatus>
      <ItemId>57761</ItemId>
    </Item>
    <Item>
      <PriceUpdateDate>2023-05-15 12:36:56</PriceUpdateDate>
      <ItemCode>7290000040035</ItemCode>
      <ItemType>1</ItemType>
      <ItemName>פרגית עם עצם לתנור</ItemName>
      <ManufacturerName>משתנה</ManufacturerName>
      <ManufactureCountry>ישראל</ManufactureCountry>
      <ManufacturerItemDescription>פרגית לתנור גורמה</ManufacturerItemDescription>
      <UnitQty>קילוגרמים</UnitQty>
      <Quantity>1.00</Quantity>
      <UnitOfMeasure>ק"ג</UnitOfMeasure>
      <bIsWeighted>1</bIsWeighted>
      <QtyInPackage>לא ידוע</QtyInPackage>
      <ItemPrice>49.90</ItemPrice>
      <UnitOfMeasurePrice>49.9000</UnitOfMeasurePrice>
      <AllowDiscount>1</AllowDiscount>
      <ItemStatus>1</ItemStatus>
      <ItemId>58045</ItemId>
    </Item>
    <Item>
      <PriceUpdateDate>2025-05-28 14:14:15</PriceUpdateDate>
      <ItemCode>7290000400013</ItemCode>
      <ItemType>1</ItemType>
      <ItemName>עוף טרי שלם</ItemName>
      <ManufacturerName>משתנה</ManufacturerName>
      <ManufactureCountry>ישראל</ManufactureCountry>
      <ManufacturerItemDescription>עוף שלם גורמה</ManufacturerItemDescription>
      <UnitQty>קילוגרמים</UnitQty>
      <Quantity>1.00</Quantity>
      <UnitOfMeasure>ק"ג</UnitOfMeasure>
      <bIsWeighted>1</bIsWeighted>
      <QtyInPackage>לא ידוע</QtyInPackage>
      <ItemPrice>22.90</ItemPrice>
      <UnitOfMeasurePrice>22.9000</UnitOfMeasurePrice>
      <AllowDiscount>1</AllowDiscount>
      <ItemStatus>1</ItemStatus>
      <ItemId>58046</ItemId>
    </Item>
    <Item>
      <PriceUpdateDate>2025-06-11 17:04:02</PriceUpdateDate>
      <ItemCode>7290000400020</ItemCode>
      <ItemType>1</ItemType>
      <ItemName>עוף טרי  מפורק</ItemName>
      <ManufacturerName>משתנה</ManufacturerName>
      <ManufactureCountry>ישראל</ManufactureCountry>
      <ManufacturerItemDescription>עוף מפורק גורמה</ManufacturerItemDescription>
      <UnitQty>קילוגרמים</UnitQty>
      <Quantity>1.00</Quantity>
      <UnitOfMeasure>ק"ג</UnitOfMeasure>
      <bIsWeighted>1</bIsWeighted>
      <QtyInPackage>לא ידוע</QtyInPackage>
      <ItemPrice>24.90</ItemPrice>
      <UnitOfMeasurePrice>24.9000</UnitOfMeasurePrice>
      <AllowDiscount>1</AllowDiscount>
      <ItemStatus>1</ItemStatus>
      <ItemId>58047</ItemId>
    </Item>
    <Item>
      <PriceUpdateDate>2022-09-20 12:23:37</PriceUpdateDate>
      <ItemCode>7290000400037</ItemCode>
      <ItemType>1</ItemType>
      <ItemName>כרעיים עוף טרי  פרימ</ItemName>
      <ManufacturerName>משתנה</ManufacturerName>
      <ManufactureCountry>ישראל</ManufactureCountry>
      <ManufacturerItemDescription>כרעיים עוף גורמה</ManufacturerItemDescription>
      <UnitQty>קילוגרמים</UnitQty>
      <Quantity>1.00</Quantity>
      <UnitOfMeasure>ק"ג</UnitOfMeasure>
      <bIsWeighted>1</bIsWeighted>
      <QtyInPackage>לא ידוע</QtyInPackage>
      <ItemPrice>29.90</ItemPrice>
      <UnitOfMeasurePrice>29.9000</UnitOfMeasurePrice>
      <AllowDiscount>1</AllowDiscount>
      <ItemStatus>1</ItemStatus>
      <ItemId>58048</ItemId>
    </Item>
    <Item>
      <PriceUpdateDate>2022-09-20 12:23:37</PriceUpdateDate>
      <ItemCode>7290000400044</ItemCode>
      <ItemType>1</ItemType>
      <ItemName>שוקיים עוף טרי  פרימ</ItemName>
      <ManufacturerName>משתנה</ManufacturerName>
      <ManufactureCountry>ישראל</ManufactureCountry>
      <ManufacturerItemDescription>שוקיים עוף גורמה</ManufacturerItemDescription>
      <UnitQty>קילוגרמים</UnitQty>
      <Quantity>1.00</Quantity>
      <UnitOfMeasure>ק"ג</UnitOfMeasure>
      <bIsWeighted>1</bIsWeighted>
      <QtyInPackage>לא ידוע</QtyInPackage>
      <ItemPrice>39.90</ItemPrice>
      <UnitOfMeasurePrice>39.9000</UnitOfMeasurePrice>
      <AllowDiscount>1</AllowDiscount>
      <ItemStatus>1</ItemStatus>
      <ItemId>58049</ItemId>
    </Item>
    <Item>
      <PriceUpdateDate>2022-09-20 12:23:37</PriceUpdateDate>
      <ItemCode>7290000400051</ItemCode>
      <ItemType>1</ItemType>
      <ItemName>ירכיים עוף טרי  פרימ</ItemName>
      <ManufacturerName>משתנה</ManufacturerName>
      <ManufactureCountry>ישראל</ManufactureCountry>
      <ManufacturerItemDescription>ירכיים עוף גורמה</ManufacturerItemDescription>
      <UnitQty>קילוגרמים</UnitQty>
      <Quantity>1.00</Quantity>
      <UnitOfMeasure>ק"ג</UnitOfMeasure>
      <bIsWeighted>1</bIsWeighted>
      <QtyInPackage>לא ידוע</QtyInPackage>
      <ItemPrice>29.90</ItemPrice>
      <UnitOfMeasurePrice>29.9000</UnitOfMeasurePrice>
      <AllowDiscount>1</AllowDiscount>
      <ItemStatus>1</ItemStatus>
      <ItemId>58050</ItemId>
    </Item>
    <Item>
      <PriceUpdateDate>2022-09-20 12:23:37</PriceUpdateDate>
      <ItemCode>7290000400068</ItemCode>
      <ItemType>1</ItemType>
      <ItemName>כנפיים עוף טרי  פרימ</ItemName>
      <ManufacturerName>משתנה</ManufacturerName>
      <ManufactureCountry>ישראל</ManufactureCountry>
      <ManufacturerItemDescription>כנפיים עוף גורמה</ManufacturerItemDescription>
      <UnitQty>קילוגרמים</UnitQty>
      <Quantity>1.00</Quantity>
      <UnitOfMeasure>ק"ג</UnitOfMeasure>
      <bIsWeighted>1</bIsWeighted>
      <QtyInPackage>לא ידוע</QtyInPackage>
      <ItemPrice>16.90</ItemPrice>
      <UnitOfMeasurePrice>16.9000</UnitOfMeasurePrice>
      <AllowDiscount>1</AllowDiscount>
      <ItemStatus>1</ItemStatus>
      <ItemId>58051</ItemId>
    </Item>
    <Item>
      <PriceUpdateDate>2023-10-25 15:23:52</PriceUpdateDate>
      <ItemCode>7290000400075</ItemCode>
      <ItemType>1</ItemType>
      <ItemName>חזה עוף חצוי טרי  נק</ItemName>
      <ManufacturerName>משתנה</ManufacturerName>
      <ManufactureCountry>ישראל</ManufactureCountry>
      <ManufacturerItemDescription>חזה עוף שלם גורמה</ManufacturerItemDescription>
      <UnitQty>קילוגרמים</UnitQty>
      <Quantity>1.00</Quantity>
      <UnitOfMeasure>ק"ג</UnitOfMeasure>
      <bIsWeighted>1</bIsWeighted>
      <QtyInPackage>לא ידוע</QtyInPackage>
      <ItemPrice>44.90</ItemPrice>
      <UnitOfMeasurePrice>44.9000</UnitOfMeasurePrice>
      <AllowDiscount>1</AllowDiscount>
      <ItemStatus>1</ItemStatus>
      <ItemId>58052</ItemId>
    </Item>
    <Item>
      <PriceUpdateDate>2023-09-04 15:01:12</PriceUpdateDate>
      <ItemCode>7290000400082</ItemCode>
      <ItemType>1</ItemType>
      <ItemName>פילה עוף טרי  פרימיו</ItemName>
      <ManufacturerName>משתנה</ManufacturerName>
      <ManufactureCountry>ישראל</ManufactureCountry>
      <ManufacturerItemDescription>פילה שניצל גורמה</ManufacturerItemDescription>
      <UnitQty>קילוגרמים</UnitQty>
      <Quantity>1.00</Quantity>
      <UnitOfMeasure>ק"ג</UnitOfMeasure>
      <bIsWeighted>1</bIsWeighted>
      <QtyInPackage>לא ידוע</QtyInPackage>
      <ItemPrice>54.90</ItemPrice>
      <UnitOfMeasurePrice>54.9000</UnitOfMeasurePrice>
      <AllowDiscount>1</AllowDiscount>
      <ItemStatus>1</ItemStatus>
      <ItemId>58053</ItemId>
    </Item>
    <Item>
      <PriceUpdateDate>2023-09-04 15:01:12</PriceUpdateDate>
      <ItemCode>7290000400099</ItemCode>
      <ItemType>1</ItemType>
      <ItemName>שניצל עוף טרי פרימיו</ItemName>
      <ManufacturerName>משתנה</ManufacturerName>
      <ManufactureCountry>ישראל</ManufactureCountry>
      <ManufacturerItemDescription>שניצל עוף גורמה</ManufacturerItemDescription>
      <UnitQty>קילוגרמים</UnitQty>
      <Quantity>1.00</Quantity>
      <UnitOfMeasure>ק"ג</UnitOfMeasure>
      <bIsWeighted>1</bIsWeighted>
      <QtyInPackage>לא ידוע</QtyInPackage>
      <ItemPrice>54.90</ItemPrice>
      <UnitOfMeasurePrice>54.9000</UnitOfMeasurePrice>
      <AllowDiscount>1</AllowDiscount>
      <ItemStatus>1</ItemStatus>
      <ItemId>58054</ItemId>
    </Item>
    <Item>
      <PriceUpdateDate>2023-10-29 16:21:00</PriceUpdateDate>
      <ItemCode>7290000400112</ItemCode>
      <ItemType>1</ItemType>
      <ItemName>שיפודי פרגיות  טרי</ItemName>
      <ManufacturerName>משתנה</ManufacturerName>
      <ManufactureCountry>ישראל</ManufactureCountry>
      <ManufacturerItemDescription>שיפודי פרגיות גורמה</ManufacturerItemDescription>
      <UnitQty>קילוגרמים</UnitQty>
      <Quantity>1.00</Quantity>
      <UnitOfMeasure>ק"ג</UnitOfMeasure>
      <bIsWeighted>1</bIsWeighted>
      <QtyInPackage>לא ידוע</QtyInPackage>
      <ItemPrice>69.90</ItemPrice>
      <UnitOfMeasurePrice>69.9000</UnitOfMeasurePrice>
      <AllowDiscount>1</AllowDiscount>
      <ItemStatus>1</ItemStatus>
      <ItemId>58055</ItemId>
    </Item>
    <Item>
      <PriceUpdateDate>2023-10-29 16:21:00</PriceUpdateDate>
      <ItemCode>7290000400129</ItemCode>
      <ItemType>1</ItemType>
      <ItemName>סטייק פרגית טרי  פרי</ItemName>
      <ManufacturerName>משתנה</ManufacturerName>
      <ManufactureCountry>ישראל</ManufactureCountry>
      <ManufacturerItemDescription>סטייק פרגיות גורמה</ManufacturerItemDescription>
      <UnitQty>קילוגרמים</UnitQty>
      <Quantity>1.00</Quantity>
      <UnitOfMeasure>ק"ג</UnitOfMeasure>
      <bIsWeighted>1</bIsWeighted>
      <QtyInPackage>לא ידוע</QtyInPackage>
      <ItemPrice>69.90</ItemPrice>
      <UnitOfMeasurePrice>69.9000</UnitOfMeasurePrice>
      <AllowDiscount>1</AllowDiscount>
      <ItemStatus>1</ItemStatus>
      <ItemId>58056</ItemId>
    </Item>
    <Item>
      <PriceUpdateDate>2023-03-02 15:46:38</PriceUpdateDate>
      <ItemCode>7290000400228</ItemCode>
      <ItemType>1</ItemType>
      <ItemName>טחון עוף טרי</ItemName>
      <ManufacturerName>משתנה</ManufacturerName>
      <ManufactureCountry>ישראל</ManufactureCountry>
      <ManufacturerItemDescription>טחון עוף גורמה</ManufacturerItemDescription>
      <UnitQty>קילוגרמים</UnitQty>
      <Quantity>1.00</Quantity>
      <UnitOfMeasure>ק"ג</UnitOfMeasure>
      <bIsWeighted>1</bIsWeighted>
      <QtyInPackage>לא ידוע</QtyInPackage>
      <ItemPrice>44.90</ItemPrice>
      <UnitOfMeasurePrice>44.9000</UnitOfMeasurePrice>
      <AllowDiscount>1</AllowDiscount>
      <ItemStatus>1</ItemStatus>
      <ItemId>58059</ItemId>
    </Item>
    <Item>
      <PriceUpdateDate>2023-12-19 14:01:11</PriceUpdateDate>
      <ItemCode>7290000400624</ItemCode>
      <ItemType>1</ItemType>
      <ItemName>אצבעות אנטריקוט</ItemName>
      <ManufacturerName>משתנה</ManufacturerName>
      <ManufactureCountry>ישראל</ManufactureCountry>
      <ManufacturerItemDescription>אצבעות אנטריקוט מתובל גור</ManufacturerItemDescription>
      <UnitQty>קילוגרמים</UnitQty>
      <Quantity>1.00</Quantity>
      <UnitOfMeasure>ק"ג</UnitOfMeasure>
      <bIsWeighted>1</bIsWeighted>
      <QtyInPackage>לא ידוע</QtyInPackage>
      <ItemPrice>99.90</ItemPrice>
      <UnitOfMeasurePrice>99.9000</UnitOfMeasurePrice>
      <AllowDiscount>1</AllowDiscount>
      <ItemStatus>1</ItemStatus>
      <ItemId>58070</ItemId>
    </Item>
    <Item>
      <PriceUpdateDate>2023-10-25 07:04:18</PriceUpdateDate>
      <ItemCode>7290000400693</ItemCode>
      <ItemType>1</ItemType>
      <ItemName>פרגיות טרי  פרימיום</ItemName>
      <ManufacturerName>משתנה</ManufacturerName>
      <ManufactureCountry>ישראל</ManufactureCountry>
      <ManufacturerItemDescription>פרגיות גורמה</ManufacturerItemDescription>
      <UnitQty>קילוגרמים</UnitQty>
      <Quantity>1.00</Quantity>
      <UnitOfMeasure>ק"ג</UnitOfMeasure>
      <bIsWeighted>1</bIsWeighted>
      <QtyInPackage>לא ידוע</QtyInPackage>
      <ItemPrice>69.90</ItemPrice>
      <UnitOfMeasurePrice>69.9000</UnitOfMeasurePrice>
      <AllowDiscount>1</AllowDiscount>
      <ItemStatus>1</ItemStatus>
      <ItemId>58076</ItemId>
    </Item>
    <Item>
      <PriceUpdateDate>2022-09-21 11:05:26</PriceUpdateDate>
      <ItemCode>7290000400761</ItemCode>
      <ItemType>1</ItemType>
      <ItemName>כבד עוף  טרי</ItemName>
      <ManufacturerName>משתנה</ManufacturerName>
      <ManufactureCountry>ישראל</ManufactureCountry>
      <ManufacturerItemDescription>כבד עוף טרי גורמה</ManufacturerItemDescription>
      <UnitQty>קילוגרמים</UnitQty>
      <Quantity>1.00</Quantity>
      <UnitOfMeasure>ק"ג</UnitOfMeasure>
      <bIsWeighted>1</bIsWeighted>
      <QtyInPackage>לא ידוע</QtyInPackage>
      <ItemPrice>24.90</ItemPrice>
      <UnitOfMeasurePrice>24.9000</UnitOfMeasurePrice>
      <AllowDiscount>1</AllowDiscount>
      <ItemStatus>1</ItemStatus>
      <ItemId>58079</ItemId>
    </Item>
    <Item>
      <PriceUpdateDate>2022-09-20 12:23:41</PriceUpdateDate>
      <ItemCode>7290000400785</ItemCode>
      <ItemType>1</ItemType>
      <ItemName>גרון עוף טרי</ItemName>
      <ManufacturerName>משתנה</ManufacturerName>
      <ManufactureCountry>ישראל</ManufactureCountry>
      <ManufacturerItemDescription>גרון עוף גורמה</ManufacturerItemDescription>
      <UnitQty>קילוגרמים</UnitQty>
      <Quantity>1.00</Quantity>
      <UnitOfMeasure>ק"ג</UnitOfMeasure>
      <bIsWeighted>1</bIsWeighted>
      <QtyInPackage>לא ידוע</QtyInPackage>
      <ItemPrice>12.90</ItemPrice>
      <UnitOfMeasurePrice>12.9000</UnitOfMeasurePrice>
      <AllowDiscount>1</AllowDiscount>
      <ItemStatus>1</ItemStatus>
      <ItemId>58081</ItemId>
    </Item>
    <Item>
      <PriceUpdateDate>2024-09-23 06:37:12</PriceUpdateDate>
      <ItemCode>7290000401089</ItemCode>
      <ItemType>1</ItemType>
      <ItemName>שווארמה הודו  טרי</ItemName>
      <ManufacturerName>משתנה</ManufacturerName>
      <ManufactureCountry>ישראל</ManufactureCountry>
      <ManufacturerItemDescription>שווארמה הודו נקבה גורמה</ManufacturerItemDescription>
      <UnitQty>קילוגרמים</UnitQty>
      <Quantity>1.00</Quantity>
      <UnitOfMeasure>ק"ג</UnitOfMeasure>
      <bIsWeighted>1</bIsWeighted>
      <QtyInPackage>לא ידוע</QtyInPackage>
      <ItemPrice>74.90</ItemPrice>
      <UnitOfMeasurePrice>74.9000</UnitOfMeasurePrice>
      <AllowDiscount>1</AllowDiscount>
      <ItemStatus>1</ItemStatus>
      <ItemId>58089</ItemId>
    </Item>
    <Item>
      <PriceUpdateDate>2023-07-26 06:57:15</PriceUpdateDate>
      <ItemCode>7290000402055</ItemCode>
      <ItemType>1</ItemType>
      <ItemName>צלי כתף מעובד מופשר</ItemName>
      <ManufacturerName>משתנה</ManufacturerName>
      <ManufactureCountry>ישראל</ManufactureCountry>
      <ManufacturerItemDescription>צלי כתף עגל מיושן מובחר ג</ManufacturerItemDescription>
      <UnitQty>קילוגרמים</UnitQty>
      <Quantity>1.00</Quantity>
      <UnitOfMeasure>ק"ג</UnitOfMeasure>
      <bIsWeighted>1</bIsWeighted>
      <QtyInPackage>לא ידוע</QtyInPackage>
      <ItemPrice>99.90</ItemPrice>
      <UnitOfMeasurePrice>99.9000</UnitOfMeasurePrice>
      <AllowDiscount>1</AllowDiscount>
      <ItemStatus>1</ItemStatus>
      <ItemId>58096</ItemId>
    </Item>
    <Item>
      <PriceUpdateDate>2025-06-22 16:23:17</PriceUpdateDate>
      <ItemCode>7290000402086</ItemCode>
      <ItemType>1</ItemType>
      <ItemName>שריר עגל מעובד מופשר</ItemName>
      <ManufacturerName>משתנה</ManufacturerName>
      <ManufactureCountry>ישראל</ManufactureCountry>
      <ManufacturerItemDescription>שריר עגל מיושן מובחר גורמ</ManufacturerItemDescription>
      <UnitQty>קילוגרמים</UnitQty>
      <Quantity>1.00</Quantity>
      <UnitOfMeasure>ק"ג</UnitOfMeasure>
      <bIsWeighted>1</bIsWeighted>
      <QtyInPackage>לא ידוע</QtyInPackage>
      <ItemPrice>64.90</ItemPrice>
      <UnitOfMeasurePrice>64.9000</UnitOfMeasurePrice>
      <AllowDiscount>1</AllowDiscount>
      <ItemStatus>1</ItemStatus>
      <ItemId>58098</ItemId>
    </Item>
    <Item>
      <PriceUpdateDate>2022-09-20 12:23:43</PriceUpdateDate>
      <ItemCode>7290000402116</ItemCode>
      <ItemType>1</ItemType>
      <ItemName>סינטה עגל מעובד מופש</ItemName>
      <ManufacturerName>משתנה</ManufacturerName>
      <ManufactureCountry>ישראל</ManufactureCountry>
      <ManufacturerItemDescription>סינטה עגל מיושן מובחר גור</ManufacturerItemDescription>
      <UnitQty>קילוגרמים</UnitQty>
      <Quantity>1.00</Quantity>
      <UnitOfMeasure>ק"ג</UnitOfMeasure>
      <bIsWeighted>1</bIsWeighted>
      <QtyInPackage>לא ידוע</QtyInPackage>
      <ItemPrice>139.90</ItemPrice>
      <UnitOfMeasurePrice>139.9000</UnitOfMeasurePrice>
      <AllowDiscount>1</AllowDiscount>
      <ItemStatus>1</ItemStatus>
      <ItemId>58100</ItemId>
    </Item>
    <Item>
      <PriceUpdateDate>2023-11-14 15:19:39</PriceUpdateDate>
      <ItemCode>7290000402161</ItemCode>
      <ItemType>1</ItemType>
      <ItemName>טחון עגל מעובד מופשר</ItemName>
      <ManufacturerName>משתנה</ManufacturerName>
      <ManufactureCountry>ישראל</ManufactureCountry>
      <ManufacturerItemDescription>טחון עגל מובחר מיושן גורמ</ManufacturerItemDescription>
      <UnitQty>קילוגרמים</UnitQty>
      <Quantity>1.00</Quantity>
      <UnitOfMeasure>ק"ג</UnitOfMeasure>
      <bIsWeighted>1</bIsWeighted>
      <QtyInPackage>לא ידוע</QtyInPackage>
      <ItemPrice>59.90</ItemPrice>
      <UnitOfMeasurePrice>59.9000</UnitOfMeasurePrice>
      <AllowDiscount>1</AllowDiscount>
      <ItemStatus>1</ItemStatus>
      <ItemId>58103</ItemId>
    </Item>
    <Item>
      <PriceUpdateDate>2022-09-20 12:23:44</PriceUpdateDate>
      <ItemCode>7290000403021</ItemCode>
      <ItemType>1</ItemType>
      <ItemName>צלעות בקר טרי</ItemName>
      <ManufacturerName>משתנה</ManufacturerName>
      <ManufactureCountry>ישראל</ManufactureCountry>
      <ManufacturerItemDescription>צלעות בקר טרי גורמה</ManufacturerItemDescription>
      <UnitQty>קילוגרמים</UnitQty>
      <Quantity>1.00</Quantity>
      <UnitOfMeasure>ק"ג</UnitOfMeasure>
      <bIsWeighted>1</bIsWeighted>
      <QtyInPackage>לא ידוע</QtyInPackage>
      <ItemPrice>79.90</ItemPrice>
      <UnitOfMeasurePrice>79.9000</UnitOfMeasurePrice>
      <AllowDiscount>1</AllowDiscount>
      <ItemStatus>1</ItemStatus>
      <ItemId>58108</ItemId>
    </Item>
    <Item>
      <PriceUpdateDate>2023-07-26 06:57:46</PriceUpdateDate>
      <ItemCode>7290000403045</ItemCode>
      <ItemType>1</ItemType>
      <ItemName>כתף בקר טרי</ItemName>
      <ManufacturerName>משתנה</ManufacturerName>
      <ManufactureCountry>ישראל</ManufactureCountry>
      <ManufacturerItemDescription>כתף בקר טרי גורמה</ManufacturerItemDescription>
      <UnitQty>קילוגרמים</UnitQty>
      <Quantity>1.00</Quantity>
      <UnitOfMeasure>ק"ג</UnitOfMeasure>
      <bIsWeighted>1</bIsWeighted>
      <QtyInPackage>לא ידוע</QtyInPackage>
      <ItemPrice>69.90</ItemPrice>
      <UnitOfMeasurePrice>69.9000</UnitOfMeasurePrice>
      <AllowDiscount>1</AllowDiscount>
      <ItemStatus>1</ItemStatus>
      <ItemId>58109</ItemId>
    </Item>
    <Item>
      <PriceUpdateDate>2023-07-26 06:57:15</PriceUpdateDate>
      <ItemCode>7290000403052</ItemCode>
      <ItemType>1</ItemType>
      <ItemName>צלי כתף טרי חלק פרימ</ItemName>
      <ManufacturerName>משתנה</ManufacturerName>
      <ManufactureCountry>ישראל</ManufactureCountry>
      <ManufacturerItemDescription>צלי כתף טרי גורמה</ManufacturerItemDescription>
      <UnitQty>קילוגרמים</UnitQty>
      <Quantity>1.00</Quantity>
      <UnitOfMeasure>ק"ג</UnitOfMeasure>
      <bIsWeighted>1</bIsWeighted>
      <QtyInPackage>לא ידוע</QtyInPackage>
      <ItemPrice>99.90</ItemPrice>
      <UnitOfMeasurePrice>99.9000</UnitOfMeasurePrice>
      <AllowDiscount>1</AllowDiscount>
      <ItemStatus>1</ItemStatus>
      <ItemId>58110</ItemId>
    </Item>
    <Item>
      <PriceUpdateDate>2023-07-26 06:57:46</PriceUpdateDate>
      <ItemCode>7290000403069</ItemCode>
      <ItemType>1</ItemType>
      <ItemName>פילה מדומה טרי</ItemName>
      <ManufacturerName>משתנה</ManufacturerName>
      <ManufactureCountry>ישראל</ManufactureCountry>
      <ManufacturerItemDescription>פילה מדומה טרי גורמה</ManufacturerItemDescription>
      <UnitQty>קילוגרמים</UnitQty>
      <Quantity>1.00</Quantity>
      <UnitOfMeasure>ק"ג</UnitOfMeasure>
      <bIsWeighted>1</bIsWeighted>
      <QtyInPackage>לא ידוע</QtyInPackage>
      <ItemPrice>69.90</ItemPrice>
      <UnitOfMeasurePrice>69.9000</UnitOfMeasurePrice>
      <AllowDiscount>1</AllowDiscount>
      <ItemStatus>1</ItemStatus>
      <ItemId>58111</ItemId>
    </Item>
    <Item>
      <PriceUpdateDate>2022-09-20 12:23:45</PriceUpdateDate>
      <ItemCode>7290000403076</ItemCode>
      <ItemType>1</ItemType>
      <ItemName>שריר הזרוע טרי</ItemName>
      <ManufacturerName>משתנה</ManufacturerName>
      <ManufactureCountry>ישראל</ManufactureCountry>
      <ManufacturerItemDescription>שריר הזרוע טרי גורמה</ManufacturerItemDescription>
      <UnitQty>קילוגרמים</UnitQty>
      <Quantity>1.00</Quantity>
      <UnitOfMeasure>ק"ג</UnitOfMeasure>
      <bIsWeighted>1</bIsWeighted>
      <QtyInPackage>לא ידוע</QtyInPackage>
      <ItemPrice>64.90</ItemPrice>
      <UnitOfMeasurePrice>64.9000</UnitOfMeasurePrice>
      <AllowDiscount>1</AllowDiscount>
      <ItemStatus>1</ItemStatus>
      <ItemId>58112</ItemId>
    </Item>
    <Item>
      <PriceUpdateDate>2023-05-15 12:36:56</PriceUpdateDate>
      <ItemCode>7290000405568</ItemCode>
      <ItemType>1</ItemType>
      <ItemName>קוקטייל עוף מקוצב</ItemName>
      <ManufacturerName>משתנה</ManufacturerName>
      <ManufactureCountry>ישראל</ManufactureCountry>
      <ManufacturerItemDescription>מעורב ירושלמי גורמה</ManufacturerItemDescription>
      <UnitQty>קילוגרמים</UnitQty>
      <Quantity>1.00</Quantity>
      <UnitOfMeasure>ק"ג</UnitOfMeasure>
      <bIsWeighted>1</bIsWeighted>
      <QtyInPackage>לא ידוע</QtyInPackage>
      <ItemPrice>49.90</ItemPrice>
      <UnitOfMeasurePrice>49.9000</UnitOfMeasurePrice>
      <AllowDiscount>1</AllowDiscount>
      <ItemStatus>1</ItemStatus>
      <ItemId>58142</ItemId>
    </Item>
    <Item>
      <PriceUpdateDate>2022-09-20 12:23:49</PriceUpdateDate>
      <ItemCode>7290000405674</ItemCode>
      <ItemType>1</ItemType>
      <ItemName>שייטל טרי</ItemName>
      <ManufacturerName>משתנה</ManufacturerName>
      <ManufactureCountry>ישראל</ManufactureCountry>
      <ManufacturerItemDescription>שייטל טרי</ManufacturerItemDescription>
      <UnitQty>קילוגרמים</UnitQty>
      <Quantity>1.00</Quantity>
      <UnitOfMeasure>ק"ג</UnitOfMeasure>
      <bIsWeighted>1</bIsWeighted>
      <QtyInPackage>לא ידוע</QtyInPackage>
      <ItemPrice>99.90</ItemPrice>
      <UnitOfMeasurePrice>99.9000</UnitOfMeasurePrice>
      <AllowDiscount>1</AllowDiscount>
      <ItemStatus>1</ItemStatus>
      <ItemId>58148</ItemId>
    </Item>
    <Item>
      <PriceUpdateDate>2024-08-26 06:33:08</PriceUpdateDate>
      <ItemCode>7290000405728</ItemCode>
      <ItemType>1</ItemType>
      <ItemName>אונטריב טרי</ItemName>
      <ManufacturerName>משתנה</ManufacturerName>
      <ManufactureCountry>ישראל</ManufactureCountry>
      <ManufacturerItemDescription>פרגית לתנור גורמה</ManufacturerItemDescription>
      <UnitQty>קילוגרמים</UnitQty>
      <Quantity>1.00</Quantity>
      <UnitOfMeasure>ק"ג</UnitOfMeasure>
      <bIsWeighted>1</bIsWeighted>
      <QtyInPackage>לא ידוע</QtyInPackage>
      <ItemPrice>84.90</ItemPrice>
      <UnitOfMeasurePrice>84.9000</UnitOfMeasurePrice>
      <AllowDiscount>1</AllowDiscount>
      <ItemStatus>1</ItemStatus>
      <ItemId>58152</ItemId>
    </Item>
    <Item>
      <PriceUpdateDate>2022-09-20 12:23:50</PriceUpdateDate>
      <ItemCode>7290000405766</ItemCode>
      <ItemType>1</ItemType>
      <ItemName>לב הודו  טרי</ItemName>
      <ManufacturerName>משתנה</ManufacturerName>
      <ManufactureCountry>ישראל</ManufactureCountry>
      <ManufacturerItemDescription>לב הודו טרי גורמה</ManufacturerItemDescription>
      <UnitQty>קילוגרמים</UnitQty>
      <Quantity>1.00</Quantity>
      <UnitOfMeasure>ק"ג</UnitOfMeasure>
      <bIsWeighted>1</bIsWeighted>
      <QtyInPackage>לא ידוע</QtyInPackage>
      <ItemPrice>19.90</ItemPrice>
      <UnitOfMeasurePrice>19.9000</UnitOfMeasurePrice>
      <AllowDiscount>1</AllowDiscount>
      <ItemStatus>1</ItemStatus>
      <ItemId>58156</ItemId>
    </Item>
    <Item>
      <PriceUpdateDate>2022-09-20 12:23:50</PriceUpdateDate>
      <ItemCode>7290000405780</ItemCode>
      <ItemType>1</ItemType>
      <ItemName>אסאדו טרי ללא עצם</ItemName>
      <ManufacturerName>משתנה</ManufacturerName>
      <ManufactureCountry>לא ידוע</ManufactureCountry>
      <ManufacturerItemDescription>שפונדרה טרי ללא עצם</ManufacturerItemDescription>
      <UnitQty>קילוגרמים</UnitQty>
      <Quantity>1.00</Quantity>
      <UnitOfMeasure>ק"ג</UnitOfMeasure>
      <bIsWeighted>1</bIsWeighted>
      <QtyInPackage>לא ידוע</QtyInPackage>
      <ItemPrice>69.90</ItemPrice>
      <UnitOfMeasurePrice>69.9000</UnitOfMeasurePrice>
      <AllowDiscount>1</AllowDiscount>
      <ItemStatus>1</ItemStatus>
      <ItemId>58158</ItemId>
    </Item>
    <Item>
      <PriceUpdateDate>2022-09-20 12:23:51</PriceUpdateDate>
      <ItemCode>7290000405865</ItemCode>
      <ItemType>1</ItemType>
      <ItemName>חזה בקר טרי ללא עצם</ItemName>
      <ManufacturerName>משתנה</ManufacturerName>
      <ManufactureCountry>ישראל</ManufactureCountry>
      <ManufacturerItemDescription>חזה בקר ללא עצם גורמה</ManufacturerItemDescription>
      <UnitQty>קילוגרמים</UnitQty>
      <Quantity>1.00</Quantity>
      <UnitOfMeasure>ק"ג</UnitOfMeasure>
      <bIsWeighted>1</bIsWeighted>
      <QtyInPackage>לא ידוע</QtyInPackage>
      <ItemPrice>59.90</ItemPrice>
      <UnitOfMeasurePrice>59.9000</UnitOfMeasurePrice>
      <AllowDiscount>1</AllowDiscount>
      <ItemStatus>1</ItemStatus>
      <ItemId>58162</ItemId>
    </Item>
    <Item>
      <PriceUpdateDate>2022-09-20 12:23:52</PriceUpdateDate>
      <ItemCode>7290000406169</ItemCode>
      <ItemType>1</ItemType>
      <ItemName>שוקיים מקוצר</ItemName>
      <ManufacturerName>משתנה</ManufacturerName>
      <ManufactureCountry>ישראל</ManufactureCountry>
      <ManufacturerItemDescription>גולש עוף טרי</ManufacturerItemDescription>
      <UnitQty>קילוגרמים</UnitQty>
      <Quantity>1.00</Quantity>
      <UnitOfMeasure>ק"ג</UnitOfMeasure>
      <bIsWeighted>1</bIsWeighted>
      <QtyInPackage>לא ידוע</QtyInPackage>
      <ItemPrice>39.90</ItemPrice>
      <UnitOfMeasurePrice>39.9000</UnitOfMeasurePrice>
      <AllowDiscount>1</AllowDiscount>
      <ItemStatus>1</ItemStatus>
      <ItemId>58173</ItemId>
    </Item>
    <Item>
      <PriceUpdateDate>2022-09-20 12:23:52</PriceUpdateDate>
      <ItemCode>7290000406176</ItemCode>
      <ItemType>1</ItemType>
      <ItemName>קוביות עוף להקפצה</ItemName>
      <ManufacturerName>משתנה</ManufacturerName>
      <ManufactureCountry>ישראל</ManufactureCountry>
      <ManufacturerItemDescription>קוביות עוף להקפצה</ManufacturerItemDescription>
      <UnitQty>קילוגרמים</UnitQty>
      <Quantity>1.00</Quantity>
      <UnitOfMeasure>ק"ג</UnitOfMeasure>
      <bIsWeighted>1</bIsWeighted>
      <QtyInPackage>לא ידוע</QtyInPackage>
      <ItemPrice>44.90</ItemPrice>
      <UnitOfMeasurePrice>44.9000</UnitOfMeasurePrice>
      <AllowDiscount>1</AllowDiscount>
      <ItemStatus>1</ItemStatus>
      <ItemId>58174</ItemId>
    </Item>
    <Item>
      <PriceUpdateDate>2025-01-16 16:10:08</PriceUpdateDate>
      <ItemCode>7290000407326</ItemCode>
      <ItemType>1</ItemType>
      <ItemName>טחון  בקר פרימיום טר</ItemName>
      <ManufacturerName>מעדני גורמה</ManufacturerName>
      <ManufactureCountry>ישראל</ManufactureCountry>
      <ManufacturerItemDescription>טחון  בקר פרימיום טר</ManufacturerItemDescription>
      <UnitQty>קילוגרמים</UnitQty>
      <Quantity>1.00</Quantity>
      <UnitOfMeasure>ק"ג</UnitOfMeasure>
      <bIsWeighted>1</bIsWeighted>
      <QtyInPackage>לא ידוע</QtyInPackage>
      <ItemPrice>64.90</ItemPrice>
      <UnitOfMeasurePrice>64.9000</UnitOfMeasurePrice>
      <AllowDiscount>1</AllowDiscount>
      <ItemStatus>1</ItemStatus>
      <ItemId>58184</ItemId>
    </Item>
    <Item>
      <PriceUpdateDate>2022-09-20 12:23:55</PriceUpdateDate>
      <ItemCode>7290000407517</ItemCode>
      <ItemType>1</ItemType>
      <ItemName>כנפית עוף טרי</ItemName>
      <ManufacturerName>משתנה</ManufacturerName>
      <ManufactureCountry>ישראל</ManufactureCountry>
      <ManufacturerItemDescription>כנפית עוף טרי</ManufacturerItemDescription>
      <UnitQty>קילוגרמים</UnitQty>
      <Quantity>1.00</Quantity>
      <UnitOfMeasure>ק"ג</UnitOfMeasure>
      <bIsWeighted>1</bIsWeighted>
      <QtyInPackage>לא ידוע</QtyInPackage>
      <ItemPrice>19.90</ItemPrice>
      <UnitOfMeasurePrice>19.9000</UnitOfMeasurePrice>
      <AllowDiscount>1</AllowDiscount>
      <ItemStatus>1</ItemStatus>
      <ItemId>58197</ItemId>
    </Item>
    <Item>
      <PriceUpdateDate>2022-09-20 12:23:55</PriceUpdateDate>
      <ItemCode>7290000407524</ItemCode>
      <ItemType>1</ItemType>
      <ItemName>שוקית כנף עוף טרי</ItemName>
      <ManufacturerName>משתנה</ManufacturerName>
      <ManufactureCountry>ישראל</ManufactureCountry>
      <ManufacturerItemDescription>שוקית כנף עוף טרי</ManufacturerItemDescription>
      <UnitQty>קילוגרמים</UnitQty>
      <Quantity>1.00</Quantity>
      <UnitOfMeasure>ק"ג</UnitOfMeasure>
      <bIsWeighted>1</bIsWeighted>
      <QtyInPackage>לא ידוע</QtyInPackage>
      <ItemPrice>19.90</ItemPrice>
      <UnitOfMeasurePrice>19.9000</UnitOfMeasurePrice>
      <AllowDiscount>1</AllowDiscount>
      <ItemStatus>1</ItemStatus>
      <ItemId>58198</ItemId>
    </Item>
    <Item>
      <PriceUpdateDate>2022-09-20 12:23:57</PriceUpdateDate>
      <ItemCode>7290000408156</ItemCode>
      <ItemType>1</ItemType>
      <ItemName>רצועות  חזה להקפצה</ItemName>
      <ManufacturerName>משתנה</ManufacturerName>
      <ManufactureCountry>ישראל</ManufactureCountry>
      <ManufacturerItemDescription>רצועות  חזה להקפצה</ManufacturerItemDescription>
      <UnitQty>קילוגרמים</UnitQty>
      <Quantity>1.00</Quantity>
      <UnitOfMeasure>ק"ג</UnitOfMeasure>
      <bIsWeighted>1</bIsWeighted>
      <QtyInPackage>לא ידוע</QtyInPackage>
      <ItemPrice>49.90</ItemPrice>
      <UnitOfMeasurePrice>49.9000</UnitOfMeasurePrice>
      <AllowDiscount>1</AllowDiscount>
      <ItemStatus>1</ItemStatus>
      <ItemId>58212</ItemId>
    </Item>
    <Item>
      <PriceUpdateDate>2023-09-05 15:41:04</PriceUpdateDate>
      <ItemCode>7290000409214</ItemCode>
      <ItemType>1</ItemType>
      <ItemName>שווארמה פרגית חתוך ט</ItemName>
      <ManufacturerName>לא ידוע</ManufacturerName>
      <ManufactureCountry>לא ידוע</ManufactureCountry>
      <ManufacturerItemDescription>שווארמה פרגית חתוך ט</ManufacturerItemDescription>
      <UnitQty>קילוגרמים</UnitQty>
      <Quantity>1.00</Quantity>
      <UnitOfMeasure>ק"ג</UnitOfMeasure>
      <bIsWeighted>1</bIsWeighted>
      <QtyInPackage>לא ידוע</QtyInPackage>
      <ItemPrice>74.90</ItemPrice>
      <UnitOfMeasurePrice>74.9000</UnitOfMeasurePrice>
      <AllowDiscount>1</AllowDiscount>
      <ItemStatus>1</ItemStatus>
      <ItemId>58230</ItemId>
    </Item>
    <Item>
      <PriceUpdateDate>2025-01-05 18:12:50</PriceUpdateDate>
      <ItemCode>7290121290067</ItemCode>
      <ItemType>1</ItemType>
      <ItemName>וינסטון כחול ארוך (ל</ItemName>
      <ManufacturerName>לא ידוע</ManufacturerName>
      <ManufactureCountry>כללי</ManufactureCountry>
      <ManufacturerItemDescription>וינסטון כחול ארוך</ManufacturerItemDescription>
      <UnitQty>יח'</UnitQty>
      <Quantity>1.00</Quantity>
      <UnitOfMeasure>יח'</UnitOfMeasure>
      <bIsWeighted>0</bIsWeighted>
      <QtyInPackage>לא ידוע</QtyInPackage>
      <ItemPrice>42.00</ItemPrice>
      <UnitOfMeasurePrice>42.0000</UnitOfMeasurePrice>
      <AllowDiscount>1</AllowDiscount>
      <ItemStatus>1</ItemStatus>
      <ItemId>96380</ItemId>
    </Item>
    <Item>
      <PriceUpdateDate>2022-09-20 12:24:00</PriceUpdateDate>
      <ItemCode>7290000409344</ItemCode>
      <ItemType>1</ItemType>
      <ItemName>אנטריקוט טרי פרימיום</ItemName>
      <ManufacturerName>לא ידוע</ManufacturerName>
      <ManufactureCountry>לא ידוע</ManufactureCountry>
      <ManufacturerItemDescription>אנטריקוט טרי פרימיום</ManufacturerItemDescription>
      <UnitQty>קילוגרמים</UnitQty>
      <Quantity>1.00</Quantity>
      <UnitOfMeasure>ק"ג</UnitOfMeasure>
      <bIsWeighted>1</bIsWeighted>
      <QtyInPackage>לא ידוע</QtyInPackage>
      <ItemPrice>179.90</ItemPrice>
      <UnitOfMeasurePrice>179.9000</UnitOfMeasurePrice>
      <AllowDiscount>1</AllowDiscount>
      <ItemStatus>1</ItemStatus>
      <ItemId>58236</ItemId>
    </Item>
    <Item>
      <PriceUpdateDate>2022-09-20 12:24:00</PriceUpdateDate>
      <ItemCode>7290000409351</ItemCode>
      <ItemType>1</ItemType>
      <ItemName>אנטריקוט טרי דק פרימ</ItemName>
      <ManufacturerName>לא ידוע</ManufacturerName>
      <ManufactureCountry>לא ידוע</ManufactureCountry>
      <ManufacturerItemDescription>אנטריקוט טרי דק פרימ</ManufacturerItemDescription>
      <UnitQty>קילוגרמים</UnitQty>
      <Quantity>1.00</Quantity>
      <UnitOfMeasure>ק"ג</UnitOfMeasure>
      <bIsWeighted>1</bIsWeighted>
      <QtyInPackage>לא ידוע</QtyInPackage>
      <ItemPrice>179.90</ItemPrice>
      <UnitOfMeasurePrice>179.9000</UnitOfMeasurePrice>
      <AllowDiscount>1</AllowDiscount>
      <ItemStatus>1</ItemStatus>
      <ItemId>58237</ItemId>
    </Item>
    <Item>
      <PriceUpdateDate>2022-09-20 12:24:01</PriceUpdateDate>
      <ItemCode>7290000409757</ItemCode>
      <ItemType>1</ItemType>
      <ItemName>שפיץ צאך מעובד מופשר</ItemName>
      <ManufacturerName>לא ידוע</ManufacturerName>
      <ManufactureCountry>לא ידוע</ManufactureCountry>
      <ManufacturerItemDescription>שפיץ צאך מעובד מופשר</ManufacturerItemDescription>
      <UnitQty>קילוגרמים</UnitQty>
      <Quantity>1.00</Quantity>
      <UnitOfMeasure>ק"ג</UnitOfMeasure>
      <bIsWeighted>1</bIsWeighted>
      <QtyInPackage>לא ידוע</QtyInPackage>
      <ItemPrice>119.90</ItemPrice>
      <UnitOfMeasurePrice>119.9000</UnitOfMeasurePrice>
      <AllowDiscount>1</AllowDiscount>
      <ItemStatus>1</ItemStatus>
      <ItemId>58245</ItemId>
    </Item>
    <Item>
      <PriceUpdateDate>2024-03-19 14:21:45</PriceUpdateDate>
      <ItemCode>7290000644783</ItemCode>
      <ItemType>1</ItemType>
      <ItemName>סלמון מנות רביעיה תנ</ItemName>
      <ManufacturerName>טרוטל</ManufacturerName>
      <ManufactureCountry>נורווגיה</ManufactureCountry>
      <ManufacturerItemDescription>דגי תנובה</ManufacturerItemDescription>
      <UnitQty>קילוגרמים</UnitQty>
      <Quantity>1.00</Quantity>
      <UnitOfMeasure>ק"ג</UnitOfMeasure>
      <bIsWeighted>1</bIsWeighted>
      <QtyInPackage>לא ידוע</QtyInPackage>
      <ItemPrice>105.00</ItemPrice>
      <UnitOfMeasurePrice>105.0000</UnitOfMeasurePrice>
      <AllowDiscount>1</AllowDiscount>
      <ItemStatus>1</ItemStatus>
      <ItemId>58369</ItemId>
    </Item>
    <Item>
      <PriceUpdateDate>2024-03-19 14:21:45</PriceUpdateDate>
      <ItemCode>7290000652177</ItemCode>
      <ItemType>1</ItemType>
      <ItemName>נתחי פילה נסיכה 100%</ItemName>
      <ManufacturerName>לא ידוע</ManufacturerName>
      <ManufactureCountry>לא ידוע</ManufactureCountry>
      <ManufacturerItemDescription>נתחי פילה נסיכה 100%</ManufacturerItemDescription>
      <UnitQty>קילוגרמים</UnitQty>
      <Quantity>1.00</Quantity>
      <UnitOfMeasure>ק"ג</UnitOfMeasure>
      <bIsWeighted>1</bIsWeighted>
      <QtyInPackage>לא ידוע</QtyInPackage>
      <ItemPrice>79.90</ItemPrice>
      <UnitOfMeasurePrice>79.9000</UnitOfMeasurePrice>
      <AllowDiscount>1</AllowDiscount>
      <ItemStatus>1</ItemStatus>
      <ItemId>58372</ItemId>
    </Item>
    <Item>
      <PriceUpdateDate>2024-02-27 22:31:33</PriceUpdateDate>
      <ItemCode>7290000659312</ItemCode>
      <ItemType>1</ItemType>
      <ItemName>פילה סלמון קפוא  תנו</ItemName>
      <ManufacturerName>לא ידוע</ManufacturerName>
      <ManufactureCountry>כללי</ManufactureCountry>
      <ManufacturerItemDescription>תנובה</ManufacturerItemDescription>
      <UnitQty>קילוגרמים</UnitQty>
      <Quantity>1.00</Quantity>
      <UnitOfMeasure>ק"ג</UnitOfMeasure>
      <bIsWeighted>1</bIsWeighted>
      <QtyInPackage>לא ידוע</QtyInPackage>
      <ItemPrice>86.90</ItemPrice>
      <UnitOfMeasurePrice>86.9000</UnitOfMeasurePrice>
      <AllowDiscount>1</AllowDiscount>
      <ItemStatus>1</ItemStatus>
      <ItemId>58384</ItemId>
    </Item>
    <Item>
      <PriceUpdateDate>2025-02-26 17:30:26</PriceUpdateDate>
      <ItemCode>7290000663036</ItemCode>
      <ItemType>1</ItemType>
      <ItemName>פילה אמנון ללא עור ת</ItemName>
      <ManufacturerName>לא ידוע</ManufacturerName>
      <ManufactureCountry>סין</ManufactureCountry>
      <ManufacturerItemDescription>תנובה</ManufacturerItemDescription>
      <UnitQty>קילוגרמים</UnitQty>
      <Quantity>1.00</Quantity>
      <UnitOfMeasure>ק"ג</UnitOfMeasure>
      <bIsWeighted>1</bIsWeighted>
      <QtyInPackage>לא ידוע</QtyInPackage>
      <ItemPrice>39.90</ItemPrice>
      <UnitOfMeasurePrice>39.9000</UnitOfMeasurePrice>
      <AllowDiscount>1</AllowDiscount>
      <ItemStatus>1</ItemStatus>
      <ItemId>58390</ItemId>
    </Item>
    <Item>
      <PriceUpdateDate>2024-11-17 12:30:44</PriceUpdateDate>
      <ItemCode>7290000238029</ItemCode>
      <ItemType>1</ItemType>
      <ItemName>*מבצע* בצק עלים מעדנ</ItemName>
      <ManufacturerName>מעדנות</ManufacturerName>
      <ManufactureCountry>לא ידוע</ManufactureCountry>
      <ManufacturerItemDescription>מעדנות</ManufacturerItemDescription>
      <UnitQty>יחידה   </UnitQty>
      <Quantity>0.00</Quantity>
      <UnitOfMeasure>יחידה   </UnitOfMeasure>
      <bIsWeighted>0</bIsWeighted>
      <QtyInPackage>לא ידוע</QtyInPackage>
      <ItemPrice>23.90</ItemPrice>
      <UnitOfMeasurePrice>0.0000</UnitOfMeasurePrice>
      <AllowDiscount>1</AllowDiscount>
      <ItemStatus>1</ItemStatus>
      <ItemId>58530</ItemId>
    </Item>
    <Item>
      <PriceUpdateDate>2024-07-23 19:46:10</PriceUpdateDate>
      <ItemCode>7290119377145</ItemCode>
      <ItemType>1</ItemType>
      <ItemName>קפה עלית טורקי נטול</ItemName>
      <ManufacturerName>לא ידוע</ManufacturerName>
      <ManufactureCountry>ישראל</ManufactureCountry>
      <ManufacturerItemDescription>קפה עלית טורקי נטול</ManufacturerItemDescription>
      <UnitQty>גרמים</UnitQty>
      <Quantity>200.00</Quantity>
      <UnitOfMeasure>100 גרם</UnitOfMeasure>
      <bIsWeighted>0</bIsWeighted>
      <QtyInPackage>לא ידוע</QtyInPackage>
      <ItemPrice>24.90</ItemPrice>
      <UnitOfMeasurePrice>0.1245</UnitOfMeasurePrice>
      <AllowDiscount>1</AllowDiscount>
      <ItemStatus>1</ItemStatus>
      <ItemId>96221</ItemId>
    </Item>
    <Item>
      <PriceUpdateDate>2024-06-19 09:32:31</PriceUpdateDate>
      <ItemCode>7290000238173</ItemCode>
      <ItemType>1</ItemType>
      <ItemName>בורקס גבינה 800 גרם</ItemName>
      <ManufacturerName>מעדנות</ManufacturerName>
      <ManufactureCountry>ישראל</ManufactureCountry>
      <ManufacturerItemDescription>מעדנות</ManufacturerItemDescription>
      <UnitQty>גרמים</UnitQty>
      <Quantity>800.00</Quantity>
      <UnitOfMeasure>100 גרם</UnitOfMeasure>
      <bIsWeighted>0</bIsWeighted>
      <QtyInPackage>לא ידוע</QtyInPackage>
      <ItemPrice>23.90</ItemPrice>
      <UnitOfMeasurePrice>0.0299</UnitOfMeasurePrice>
      <AllowDiscount>1</AllowDiscount>
      <ItemStatus>1</ItemStatus>
      <ItemId>58532</ItemId>
    </Item>
    <Item>
      <PriceUpdateDate>2025-07-20 16:12:27</PriceUpdateDate>
      <ItemCode>7290000238180</ItemCode>
      <ItemType>1</ItemType>
      <ItemName>בורקס תפו"א 800 גרם</ItemName>
      <ManufacturerName>מעדנות</ManufacturerName>
      <ManufactureCountry>ישראל</ManufactureCountry>
      <ManufacturerItemDescription>מעדנות</ManufacturerItemDescription>
      <UnitQty>גרמים</UnitQty>
      <Quantity>800.00</Quantity>
      <UnitOfMeasure>100 גרם</UnitOfMeasure>
      <bIsWeighted>0</bIsWeighted>
      <QtyInPackage>לא ידוע</QtyInPackage>
      <ItemPrice>22.90</ItemPrice>
      <UnitOfMeasurePrice>0.0286</UnitOfMeasurePrice>
      <AllowDiscount>1</AllowDiscount>
      <ItemStatus>1</ItemStatus>
      <ItemId>58533</ItemId>
    </Item>
    <Item>
      <PriceUpdateDate>2025-01-02 15:56:58</PriceUpdateDate>
      <ItemCode>7290005559990</ItemCode>
      <ItemType>1</ItemType>
      <ItemName>בצק פילאס טורקי מעדנ</ItemName>
      <ManufacturerName>מעדנות</ManufacturerName>
      <ManufactureCountry>ישראל</ManufactureCountry>
      <ManufacturerItemDescription>מעדנות</ManufacturerItemDescription>
      <UnitQty>גרמים</UnitQty>
      <Quantity>600.00</Quantity>
      <UnitOfMeasure>100 גרם</UnitOfMeasure>
      <bIsWeighted>0</bIsWeighted>
      <QtyInPackage>לא ידוע</QtyInPackage>
      <ItemPrice>25.10</ItemPrice>
      <UnitOfMeasurePrice>0.0418</UnitOfMeasurePrice>
      <AllowDiscount>1</AllowDiscount>
      <ItemStatus>1</ItemStatus>
      <ItemId>58556</ItemId>
    </Item>
    <Item>
      <PriceUpdateDate>2025-01-02 15:56:58</PriceUpdateDate>
      <ItemCode>7290006271174</ItemCode>
      <ItemType>1</ItemType>
      <ItemName>גחנון מעדנות 700 גרם</ItemName>
      <ManufacturerName>מעדנות</ManufacturerName>
      <ManufactureCountry>ישראל</ManufactureCountry>
      <ManufacturerItemDescription>מעדנות</ManufacturerItemDescription>
      <UnitQty>גרמים</UnitQty>
      <Quantity>700.00</Quantity>
      <UnitOfMeasure>100 גרם</UnitOfMeasure>
      <bIsWeighted>0</bIsWeighted>
      <QtyInPackage>לא ידוע</QtyInPackage>
      <ItemPrice>24.10</ItemPrice>
      <UnitOfMeasurePrice>0.0344</UnitOfMeasurePrice>
      <AllowDiscount>1</AllowDiscount>
      <ItemStatus>1</ItemStatus>
      <ItemId>58557</ItemId>
    </Item>
    <Item>
      <PriceUpdateDate>2025-01-02 15:56:59</PriceUpdateDate>
      <ItemCode>7290013117212</ItemCode>
      <ItemType>1</ItemType>
      <ItemName>בורקס פילו גבינה</ItemName>
      <ManufacturerName>מעדנות</ManufacturerName>
      <ManufactureCountry>ישראל</ManufactureCountry>
      <ManufacturerItemDescription>מעדנות</ManufacturerItemDescription>
      <UnitQty>גרמים</UnitQty>
      <Quantity>600.00</Quantity>
      <UnitOfMeasure>100 גרם</UnitOfMeasure>
      <bIsWeighted>0</bIsWeighted>
      <QtyInPackage>לא ידוע</QtyInPackage>
      <ItemPrice>22.10</ItemPrice>
      <UnitOfMeasurePrice>0.0368</UnitOfMeasurePrice>
      <AllowDiscount>1</AllowDiscount>
      <ItemStatus>1</ItemStatus>
      <ItemId>58566</ItemId>
    </Item>
    <Item>
      <PriceUpdateDate>2025-08-17 15:41:26</PriceUpdateDate>
      <ItemCode>7290014218932</ItemCode>
      <ItemType>1</ItemType>
      <ItemName>חטיפי פיצה בתוספת זי</ItemName>
      <ManufacturerName>מעדנות</ManufacturerName>
      <ManufactureCountry>ישראל</ManufactureCountry>
      <ManufacturerItemDescription>מעדנות</ManufacturerItemDescription>
      <UnitQty>גרמים</UnitQty>
      <Quantity>650.00</Quantity>
      <UnitOfMeasure>100 גרם</UnitOfMeasure>
      <bIsWeighted>0</bIsWeighted>
      <QtyInPackage>לא ידוע</QtyInPackage>
      <ItemPrice>35.90</ItemPrice>
      <UnitOfMeasurePrice>0.0552</UnitOfMeasurePrice>
      <AllowDiscount>1</AllowDiscount>
      <ItemStatus>1</ItemStatus>
      <ItemId>58613</ItemId>
    </Item>
    <Item>
      <PriceUpdateDate>2025-01-02 15:56:54</PriceUpdateDate>
      <ItemCode>7290000101132</ItemCode>
      <ItemType>1</ItemType>
      <ItemName>לקט לחמין 800 גרם</ItemName>
      <ManufacturerName>סנפרוסט בע"מ</ManufacturerName>
      <ManufactureCountry>ישראל</ManufactureCountry>
      <ManufacturerItemDescription>סנפרוסט</ManufacturerItemDescription>
      <UnitQty>גרמים</UnitQty>
      <Quantity>800.00</Quantity>
      <UnitOfMeasure>100 גרם</UnitOfMeasure>
      <bIsWeighted>0</bIsWeighted>
      <QtyInPackage>לא ידוע</QtyInPackage>
      <ItemPrice>22.10</ItemPrice>
      <UnitOfMeasurePrice>0.0276</UnitOfMeasurePrice>
      <AllowDiscount>1</AllowDiscount>
      <ItemStatus>1</ItemStatus>
      <ItemId>58675</ItemId>
    </Item>
    <Item>
      <PriceUpdateDate>2025-01-02 15:56:55</PriceUpdateDate>
      <ItemCode>7290000104072</ItemCode>
      <ItemType>1</ItemType>
      <ItemName>עדשים ירוקות סנפרוסט</ItemName>
      <ManufacturerName>סנפרוסט בע"מ</ManufacturerName>
      <ManufactureCountry>ישראל</ManufactureCountry>
      <ManufacturerItemDescription>סנפרוסט</ManufacturerItemDescription>
      <UnitQty>גרמים</UnitQty>
      <Quantity>800.00</Quantity>
      <UnitOfMeasure>100 גרם</UnitOfMeasure>
      <bIsWeighted>0</bIsWeighted>
      <QtyInPackage>לא ידוע</QtyInPackage>
      <ItemPrice>20.10</ItemPrice>
      <UnitOfMeasurePrice>0.0251</UnitOfMeasurePrice>
      <AllowDiscount>1</AllowDiscount>
      <ItemStatus>1</ItemStatus>
      <ItemId>58702</ItemId>
    </Item>
    <Item>
      <PriceUpdateDate>2025-11-30 19:00:03</PriceUpdateDate>
      <ItemCode>7290000104676</ItemCode>
      <ItemType>1</ItemType>
      <ItemName>אפונה  סנפרוסט</ItemName>
      <ManufacturerName>סנפרוסט בע"מ</ManufacturerName>
      <ManufactureCountry>ישראל</ManufactureCountry>
      <ManufacturerItemDescription>סנפרוסט</ManufacturerItemDescription>
      <UnitQty>גרמים</UnitQty>
      <Quantity>800.00</Quantity>
      <UnitOfMeasure>100 גרם</UnitOfMeasure>
      <bIsWeighted>0</bIsWeighted>
      <QtyInPackage>לא ידוע</QtyInPackage>
      <ItemPrice>19.10</ItemPrice>
      <UnitOfMeasurePrice>0.0239</UnitOfMeasurePrice>
      <AllowDiscount>1</AllowDiscount>
      <ItemStatus>1</ItemStatus>
      <ItemId>58708</ItemId>
    </Item>
    <Item>
      <PriceUpdateDate>2025-01-02 15:56:55</PriceUpdateDate>
      <ItemCode>7290000104683</ItemCode>
      <ItemType>1</ItemType>
      <ItemName>שעועית שלמה סנפרוסט</ItemName>
      <ManufacturerName>סנפרוסט בע"מ</ManufacturerName>
      <ManufactureCountry>ישראל</ManufactureCountry>
      <ManufacturerItemDescription>סנפרוסט</ManufacturerItemDescription>
      <UnitQty>גרמים</UnitQty>
      <Quantity>800.00</Quantity>
      <UnitOfMeasure>100 גרם</UnitOfMeasure>
      <bIsWeighted>0</bIsWeighted>
      <QtyInPackage>לא ידוע</QtyInPackage>
      <ItemPrice>22.10</ItemPrice>
      <UnitOfMeasurePrice>0.0276</UnitOfMeasurePrice>
      <AllowDiscount>1</AllowDiscount>
      <ItemStatus>1</ItemStatus>
      <ItemId>58709</ItemId>
    </Item>
    <Item>
      <PriceUpdateDate>2025-01-02 15:56:55</PriceUpdateDate>
      <ItemCode>7290000104690</ItemCode>
      <ItemType>1</ItemType>
      <ItemName>תירס קפוא</ItemName>
      <ManufacturerName>סנפרוסט בע"מ</ManufacturerName>
      <ManufactureCountry>ישראל</ManufactureCountry>
      <ManufacturerItemDescription>סנפרוסט</ManufacturerItemDescription>
      <UnitQty>גרמים</UnitQty>
      <Quantity>800.00</Quantity>
      <UnitOfMeasure>100 גרם</UnitOfMeasure>
      <bIsWeighted>0</bIsWeighted>
      <QtyInPackage>לא ידוע</QtyInPackage>
      <ItemPrice>19.10</ItemPrice>
      <UnitOfMeasurePrice>0.0239</UnitOfMeasurePrice>
      <AllowDiscount>1</AllowDiscount>
      <ItemStatus>1</ItemStatus>
      <ItemId>58710</ItemId>
    </Item>
    <Item>
      <PriceUpdateDate>2025-01-02 15:56:55</PriceUpdateDate>
      <ItemCode>7290000104720</ItemCode>
      <ItemType>1</ItemType>
      <ItemName>שעועית ירוקה חתוכה ס</ItemName>
      <ManufacturerName>סנפרוסט בע"מ</ManufacturerName>
      <ManufactureCountry>ישראל</ManufactureCountry>
      <ManufacturerItemDescription>סנפרוסט</ManufacturerItemDescription>
      <UnitQty>גרמים</UnitQty>
      <Quantity>800.00</Quantity>
      <UnitOfMeasure>100 גרם</UnitOfMeasure>
      <bIsWeighted>0</bIsWeighted>
      <QtyInPackage>לא ידוע</QtyInPackage>
      <ItemPrice>21.10</ItemPrice>
      <UnitOfMeasurePrice>0.0264</UnitOfMeasurePrice>
      <AllowDiscount>1</AllowDiscount>
      <ItemStatus>1</ItemStatus>
      <ItemId>58713</ItemId>
    </Item>
    <Item>
      <PriceUpdateDate>2025-07-20 16:13:18</PriceUpdateDate>
      <ItemCode>7290000104799</ItemCode>
      <ItemType>1</ItemType>
      <ItemName>שעועית לבנה סנפרוסט</ItemName>
      <ManufacturerName>סנפרוסט בע"מ</ManufacturerName>
      <ManufactureCountry>ישראל</ManufactureCountry>
      <ManufacturerItemDescription>סנפרוסט</ManufacturerItemDescription>
      <UnitQty>גרמים</UnitQty>
      <Quantity>800.00</Quantity>
      <UnitOfMeasure>100 גרם</UnitOfMeasure>
      <bIsWeighted>0</bIsWeighted>
      <QtyInPackage>לא ידוע</QtyInPackage>
      <ItemPrice>20.90</ItemPrice>
      <UnitOfMeasurePrice>0.0261</UnitOfMeasurePrice>
      <AllowDiscount>1</AllowDiscount>
      <ItemStatus>1</ItemStatus>
      <ItemId>58719</ItemId>
    </Item>
    <Item>
      <PriceUpdateDate>2025-07-20 16:13:18</PriceUpdateDate>
      <ItemCode>7290000104805</ItemCode>
      <ItemType>1</ItemType>
      <ItemName>גרגירי חומוס סנפרוסט</ItemName>
      <ManufacturerName>סנפרוסט בע"מ</ManufacturerName>
      <ManufactureCountry>ישראל</ManufactureCountry>
      <ManufacturerItemDescription>סנפרוסט</ManufacturerItemDescription>
      <UnitQty>גרמים</UnitQty>
      <Quantity>800.00</Quantity>
      <UnitOfMeasure>100 גרם</UnitOfMeasure>
      <bIsWeighted>0</bIsWeighted>
      <QtyInPackage>לא ידוע</QtyInPackage>
      <ItemPrice>21.90</ItemPrice>
      <UnitOfMeasurePrice>0.0274</UnitOfMeasurePrice>
      <AllowDiscount>1</AllowDiscount>
      <ItemStatus>1</ItemStatus>
      <ItemId>58720</ItemId>
    </Item>
    <Item>
      <PriceUpdateDate>2025-07-20 16:36:09</PriceUpdateDate>
      <ItemCode>7290000104904</ItemCode>
      <ItemType>1</ItemType>
      <ItemName>לקט ירקות סנפרוסט.</ItemName>
      <ManufacturerName>סנפרוסט בע"מ</ManufacturerName>
      <ManufactureCountry>ישראל</ManufactureCountry>
      <ManufacturerItemDescription>סנפרוסט</ManufacturerItemDescription>
      <UnitQty>גרמים</UnitQty>
      <Quantity>800.00</Quantity>
      <UnitOfMeasure>100 גרם</UnitOfMeasure>
      <bIsWeighted>0</bIsWeighted>
      <QtyInPackage>לא ידוע</QtyInPackage>
      <ItemPrice>24.90</ItemPrice>
      <UnitOfMeasurePrice>0.0311</UnitOfMeasurePrice>
      <AllowDiscount>1</AllowDiscount>
      <ItemStatus>1</ItemStatus>
      <ItemId>58725</ItemId>
    </Item>
    <Item>
      <PriceUpdateDate>2025-01-02 15:56:55</PriceUpdateDate>
      <ItemCode>7290000107295</ItemCode>
      <ItemType>1</ItemType>
      <ItemName>ברוקולי תפרחת 800 גר</ItemName>
      <ManufacturerName>סנפרוסט בע"מ</ManufacturerName>
      <ManufactureCountry>ישראל</ManufactureCountry>
      <ManufacturerItemDescription>סנפרוסט</ManufacturerItemDescription>
      <UnitQty>גרמים</UnitQty>
      <Quantity>800.00</Quantity>
      <UnitOfMeasure>100 גרם</UnitOfMeasure>
      <bIsWeighted>0</bIsWeighted>
      <QtyInPackage>לא ידוע</QtyInPackage>
      <ItemPrice>26.10</ItemPrice>
      <UnitOfMeasurePrice>0.0326</UnitOfMeasurePrice>
      <AllowDiscount>1</AllowDiscount>
      <ItemStatus>1</ItemStatus>
      <ItemId>58733</ItemId>
    </Item>
    <Item>
      <PriceUpdateDate>2025-01-05 18:12:50</PriceUpdateDate>
      <ItemCode>7290121290128</ItemCode>
      <ItemType>1</ItemType>
      <ItemName>כאמל צהוב קצר (אריזה</ItemName>
      <ManufacturerName>לא ידוע</ManufacturerName>
      <ManufactureCountry>כללי</ManufactureCountry>
      <ManufacturerItemDescription>כאמל בוקס</ManufacturerItemDescription>
      <UnitQty>יח'</UnitQty>
      <Quantity>1.00</Quantity>
      <UnitOfMeasure>יח'</UnitOfMeasure>
      <bIsWeighted>0</bIsWeighted>
      <QtyInPackage>לא ידוע</QtyInPackage>
      <ItemPrice>39.00</ItemPrice>
      <UnitOfMeasurePrice>39.0000</UnitOfMeasurePrice>
      <AllowDiscount>1</AllowDiscount>
      <ItemStatus>1</ItemStatus>
      <ItemId>96382</ItemId>
    </Item>
    <Item>
      <PriceUpdateDate>2025-11-30 18:58:49</PriceUpdateDate>
      <ItemCode>7290018091111</ItemCode>
      <ItemType>1</ItemType>
      <ItemName>מאמאמיה פיצה עם זיתי</ItemName>
      <ManufacturerName>מעדנות</ManufacturerName>
      <ManufactureCountry>ישראל</ManufactureCountry>
      <ManufacturerItemDescription>מאמאמיה פיצה עם זיתי</ManufacturerItemDescription>
      <UnitQty>גרמים</UnitQty>
      <Quantity>510.00</Quantity>
      <UnitOfMeasure>100 גרם</UnitOfMeasure>
      <bIsWeighted>0</bIsWeighted>
      <QtyInPackage>לא ידוע</QtyInPackage>
      <ItemPrice>27.90</ItemPrice>
      <UnitOfMeasurePrice>0.0547</UnitOfMeasurePrice>
      <AllowDiscount>1</AllowDiscount>
      <ItemStatus>1</ItemStatus>
      <ItemId>72874</ItemId>
    </Item>
    <Item>
      <PriceUpdateDate>2015-01-01 00:00:00</PriceUpdateDate>
      <ItemCode>88888230</ItemCode>
      <ItemType>0</ItemType>
      <ItemName>מרלוג שימוש פנימי</ItemName>
      <ManufacturerName>לא ידוע</ManufacturerName>
      <ManufactureCountry>לא ידוע</ManufactureCountry>
      <ManufacturerItemDescription>מרלוג שימוש פנימי</ManufacturerItemDescription>
      <UnitQty>לא ידוע</UnitQty>
      <Quantity>0.00</Quantity>
      <UnitOfMeasure>לא ידוע</UnitOfMeasure>
      <bIsWeighted>0</bIsWeighted>
      <QtyInPackage>לא ידוע</QtyInPackage>
      <ItemPrice>0.00</ItemPrice>
      <UnitOfMeasurePrice>0.0000</UnitOfMeasurePrice>
      <AllowDiscount>1</AllowDiscount>
      <ItemStatus>1</ItemStatus>
      <ItemId>72981</ItemId>
    </Item>
    <Item>
      <PriceUpdateDate>2025-06-24 16:40:28</PriceUpdateDate>
      <ItemCode>7290008409582</ItemCode>
      <ItemType>1</ItemType>
      <ItemName>שניצל אמיתי ביתי</ItemName>
      <ManufacturerName>תנובה גליל</ManufacturerName>
      <ManufactureCountry>ישראל</ManufactureCountry>
      <ManufacturerItemDescription>מאמא עוף</ManufacturerItemDescription>
      <UnitQty>גרמים</UnitQty>
      <Quantity>700.00</Quantity>
      <UnitOfMeasure>100 גרם</UnitOfMeasure>
      <bIsWeighted>0</bIsWeighted>
      <QtyInPackage>לא ידוע</QtyInPackage>
      <ItemPrice>49.90</ItemPrice>
      <UnitOfMeasurePrice>0.0713</UnitOfMeasurePrice>
      <AllowDiscount>1</AllowDiscount>
      <ItemStatus>1</ItemStatus>
      <ItemId>58786</ItemId>
    </Item>
    <Item>
      <PriceUpdateDate>2025-01-05 16:22:08</PriceUpdateDate>
      <ItemCode>7290010066513</ItemCode>
      <ItemType>1</ItemType>
      <ItemName>פילטונה בשמן רביעיה</ItemName>
      <ManufacturerName>תעשיות פילטונה</ManufacturerName>
      <ManufactureCountry>ישראל</ManufactureCountry>
      <ManufacturerItemDescription>פילטונה בשמן רביעיה 158 ג</ManufacturerItemDescription>
      <UnitQty>גרמים</UnitQty>
      <Quantity>632.00</Quantity>
      <UnitOfMeasure>100 גרם</UnitOfMeasure>
      <bIsWeighted>0</bIsWeighted>
      <QtyInPackage>לא ידוע</QtyInPackage>
      <ItemPrice>25.10</ItemPrice>
      <UnitOfMeasurePrice>0.0397</UnitOfMeasurePrice>
      <AllowDiscount>1</AllowDiscount>
      <ItemStatus>1</ItemStatus>
      <ItemId>59021</ItemId>
    </Item>
    <Item>
      <PriceUpdateDate>2025-01-01 21:30:13</PriceUpdateDate>
      <ItemCode>7290010066582</ItemCode>
      <ItemType>1</ItemType>
      <ItemName>פילטונה רביעיה בשמן</ItemName>
      <ManufacturerName>תעשיות פילטונה</ManufacturerName>
      <ManufactureCountry>ישראל</ManufactureCountry>
      <ManufacturerItemDescription>פילטונה רביעיה בשמן קנולה</ManufacturerItemDescription>
      <UnitQty>גרמים</UnitQty>
      <Quantity>632.00</Quantity>
      <UnitOfMeasure>100 גרם</UnitOfMeasure>
      <bIsWeighted>0</bIsWeighted>
      <QtyInPackage>לא ידוע</QtyInPackage>
      <ItemPrice>25.10</ItemPrice>
      <UnitOfMeasurePrice>0.0397</UnitOfMeasurePrice>
      <AllowDiscount>1</AllowDiscount>
      <ItemStatus>1</ItemStatus>
      <ItemId>59023</ItemId>
    </Item>
    <Item>
      <PriceUpdateDate>2025-10-05 14:58:31</PriceUpdateDate>
      <ItemCode>7290000000608</ItemCode>
      <ItemType>1</ItemType>
      <ItemName>אפרסמון</ItemName>
      <ManufacturerName>לא ידוע</ManufacturerName>
      <ManufactureCountry>ישראל</ManufactureCountry>
      <ManufacturerItemDescription>אפרסמון</ManufacturerItemDescription>
      <UnitQty>קילוגרמים</UnitQty>
      <Quantity>1.00</Quantity>
      <UnitOfMeasure>ק"ג</UnitOfMeasure>
      <bIsWeighted>1</bIsWeighted>
      <QtyInPackage>לא ידוע</QtyInPackage>
      <ItemPrice>18.90</ItemPrice>
      <UnitOfMeasurePrice>18.9000</UnitOfMeasurePrice>
      <AllowDiscount>1</AllowDiscount>
      <ItemStatus>1</ItemStatus>
      <ItemId>69378</ItemId>
    </Item>
    <Item>
      <PriceUpdateDate>2025-09-01 13:30:19</PriceUpdateDate>
      <ItemCode>7290000530598</ItemCode>
      <ItemType>1</ItemType>
      <ItemName>וינר גוליבר 500 גרם</ItemName>
      <ManufacturerName>זוגלובק</ManufacturerName>
      <ManufactureCountry>ישראל</ManufactureCountry>
      <ManufacturerItemDescription>זוגלובק</ManufacturerItemDescription>
      <UnitQty>גרמים</UnitQty>
      <Quantity>500.00</Quantity>
      <UnitOfMeasure>100 גרם</UnitOfMeasure>
      <bIsWeighted>0</bIsWeighted>
      <QtyInPackage>לא ידוע</QtyInPackage>
      <ItemPrice>21.90</ItemPrice>
      <UnitOfMeasurePrice>0.0438</UnitOfMeasurePrice>
      <AllowDiscount>1</AllowDiscount>
      <ItemStatus>1</ItemStatus>
      <ItemId>59314</ItemId>
    </Item>
    <Item>
      <PriceUpdateDate>2025-01-02 08:49:40</PriceUpdateDate>
      <ItemCode>7290000537566</ItemCode>
      <ItemType>1</ItemType>
      <ItemName>נקניקיות עוף 400 גרם</ItemName>
      <ManufacturerName>זוגלובק</ManufacturerName>
      <ManufactureCountry>ישראל</ManufactureCountry>
      <ManufacturerItemDescription>זוגלובק</ManufacturerItemDescription>
      <UnitQty>גרמים</UnitQty>
      <Quantity>400.00</Quantity>
      <UnitOfMeasure>100 גרם</UnitOfMeasure>
      <bIsWeighted>0</bIsWeighted>
      <QtyInPackage>לא ידוע</QtyInPackage>
      <ItemPrice>13.00</ItemPrice>
      <UnitOfMeasurePrice>0.0325</UnitOfMeasurePrice>
      <AllowDiscount>1</AllowDiscount>
      <ItemStatus>1</ItemStatus>
      <ItemId>59329</ItemId>
    </Item>
    <Item>
      <PriceUpdateDate>2025-01-02 15:56:58</PriceUpdateDate>
      <ItemCode>7290006739407</ItemCode>
      <ItemType>1</ItemType>
      <ItemName>שניצל תירס לייט630 ג</ItemName>
      <ManufacturerName>זוגלובק</ManufacturerName>
      <ManufactureCountry>ישראל</ManufactureCountry>
      <ManufacturerItemDescription>זוגלובק</ManufacturerItemDescription>
      <UnitQty>גרמים</UnitQty>
      <Quantity>630.00</Quantity>
      <UnitOfMeasure>100 גרם</UnitOfMeasure>
      <bIsWeighted>0</bIsWeighted>
      <QtyInPackage>לא ידוע</QtyInPackage>
      <ItemPrice>30.20</ItemPrice>
      <UnitOfMeasurePrice>0.0479</UnitOfMeasurePrice>
      <AllowDiscount>1</AllowDiscount>
      <ItemStatus>1</ItemStatus>
      <ItemId>59354</ItemId>
    </Item>
    <Item>
      <PriceUpdateDate>2025-12-04 16:57:58</PriceUpdateDate>
      <ItemCode>7290006739414</ItemCode>
      <ItemType>1</ItemType>
      <ItemName>נקניק קוניאק 300 גרם</ItemName>
      <ManufacturerName>זוגלובק</ManufacturerName>
      <ManufactureCountry>ישראל</ManufactureCountry>
      <ManufacturerItemDescription>זוגלובק</ManufacturerItemDescription>
      <UnitQty>גרמים</UnitQty>
      <Quantity>300.00</Quantity>
      <UnitOfMeasure>100 גרם</UnitOfMeasure>
      <bIsWeighted>0</bIsWeighted>
      <QtyInPackage>לא ידוע</QtyInPackage>
      <ItemPrice>30.90</ItemPrice>
      <UnitOfMeasurePrice>0.1030</UnitOfMeasurePrice>
      <AllowDiscount>1</AllowDiscount>
      <ItemStatus>1</ItemStatus>
      <ItemId>59355</ItemId>
    </Item>
    <Item>
      <PriceUpdateDate>2025-12-04 16:57:59</PriceUpdateDate>
      <ItemCode>7290006739544</ItemCode>
      <ItemType>1</ItemType>
      <ItemName>כתף בקר 300 גרם</ItemName>
      <ManufacturerName>זוגלובק</ManufacturerName>
      <ManufactureCountry>ישראל</ManufactureCountry>
      <ManufacturerItemDescription>זוגלובק</ManufacturerItemDescription>
      <UnitQty>גרמים</UnitQty>
      <Quantity>300.00</Quantity>
      <UnitOfMeasure>100 גרם</UnitOfMeasure>
      <bIsWeighted>0</bIsWeighted>
      <QtyInPackage>לא ידוע</QtyInPackage>
      <ItemPrice>35.90</ItemPrice>
      <UnitOfMeasurePrice>0.1197</UnitOfMeasurePrice>
      <AllowDiscount>1</AllowDiscount>
      <ItemStatus>1</ItemStatus>
      <ItemId>59358</ItemId>
    </Item>
    <Item>
      <PriceUpdateDate>2025-12-04 16:58:57</PriceUpdateDate>
      <ItemCode>7290006742292</ItemCode>
      <ItemType>1</ItemType>
      <ItemName>פסטרמה בדבש 330 גרם</ItemName>
      <ManufacturerName>זוגלובק</ManufacturerName>
      <ManufactureCountry>ישראל</ManufactureCountry>
      <ManufacturerItemDescription>זוגלובק</ManufacturerItemDescription>
      <UnitQty>גרמים</UnitQty>
      <Quantity>330.00</Quantity>
      <UnitOfMeasure>100 גרם</UnitOfMeasure>
      <bIsWeighted>0</bIsWeighted>
      <QtyInPackage>לא ידוע</QtyInPackage>
      <ItemPrice>30.90</ItemPrice>
      <UnitOfMeasurePrice>0.0936</UnitOfMeasurePrice>
      <AllowDiscount>1</AllowDiscount>
      <ItemStatus>1</ItemStatus>
      <ItemId>59372</ItemId>
    </Item>
    <Item>
      <PriceUpdateDate>2025-01-02 08:49:44</PriceUpdateDate>
      <ItemCode>7290012226120</ItemCode>
      <ItemType>1</ItemType>
      <ItemName>קבנוס 135 גרם</ItemName>
      <ManufacturerName>זוגלובק</ManufacturerName>
      <ManufactureCountry>ישראל</ManufactureCountry>
      <ManufacturerItemDescription>זוגלובק</ManufacturerItemDescription>
      <UnitQty>גרמים</UnitQty>
      <Quantity>135.00</Quantity>
      <UnitOfMeasure>100 גרם</UnitOfMeasure>
      <bIsWeighted>0</bIsWeighted>
      <QtyInPackage>לא ידוע</QtyInPackage>
      <ItemPrice>13.00</ItemPrice>
      <UnitOfMeasurePrice>0.0963</UnitOfMeasurePrice>
      <AllowDiscount>1</AllowDiscount>
      <ItemStatus>1</ItemStatus>
      <ItemId>59380</ItemId>
    </Item>
    <Item>
      <PriceUpdateDate>2025-01-02 08:49:44</PriceUpdateDate>
      <ItemCode>7290012226922</ItemCode>
      <ItemType>1</ItemType>
      <ItemName>קבנוס בטעם שום 135 ג</ItemName>
      <ManufacturerName>זוגלובק</ManufacturerName>
      <ManufactureCountry>ישראל</ManufactureCountry>
      <ManufacturerItemDescription>זוגלובק</ManufacturerItemDescription>
      <UnitQty>גרמים</UnitQty>
      <Quantity>135.00</Quantity>
      <UnitOfMeasure>100 גרם</UnitOfMeasure>
      <bIsWeighted>0</bIsWeighted>
      <QtyInPackage>לא ידוע</QtyInPackage>
      <ItemPrice>13.00</ItemPrice>
      <UnitOfMeasurePrice>0.0963</UnitOfMeasurePrice>
      <AllowDiscount>1</AllowDiscount>
      <ItemStatus>1</ItemStatus>
      <ItemId>59386</ItemId>
    </Item>
    <Item>
      <PriceUpdateDate>2025-01-16 15:07:58</PriceUpdateDate>
      <ItemCode>7290012227325</ItemCode>
      <ItemType>1</ItemType>
      <ItemName>סלמי מעושן דק דק 120</ItemName>
      <ManufacturerName>זוגלובק</ManufacturerName>
      <ManufactureCountry>ישראל</ManufactureCountry>
      <ManufacturerItemDescription>זוגלובק</ManufacturerItemDescription>
      <UnitQty>גרמים</UnitQty>
      <Quantity>120.00</Quantity>
      <UnitOfMeasure>100 גרם</UnitOfMeasure>
      <bIsWeighted>0</bIsWeighted>
      <QtyInPackage>לא ידוע</QtyInPackage>
      <ItemPrice>16.00</ItemPrice>
      <UnitOfMeasurePrice>0.1333</UnitOfMeasurePrice>
      <AllowDiscount>1</AllowDiscount>
      <ItemStatus>1</ItemStatus>
      <ItemId>59396</ItemId>
    </Item>
    <Item>
      <PriceUpdateDate>2025-08-13 11:53:24</PriceUpdateDate>
      <ItemCode>7290012227615</ItemCode>
      <ItemType>1</ItemType>
      <ItemName>נקניקיות עוף 800 גרם</ItemName>
      <ManufacturerName>זוגלובק</ManufacturerName>
      <ManufactureCountry>ישראל</ManufactureCountry>
      <ManufacturerItemDescription>זוגלובק</ManufacturerItemDescription>
      <UnitQty>גרמים</UnitQty>
      <Quantity>800.00</Quantity>
      <UnitOfMeasure>100 גרם</UnitOfMeasure>
      <bIsWeighted>0</bIsWeighted>
      <QtyInPackage>לא ידוע</QtyInPackage>
      <ItemPrice>25.90</ItemPrice>
      <UnitOfMeasurePrice>0.0324</UnitOfMeasurePrice>
      <AllowDiscount>1</AllowDiscount>
      <ItemStatus>1</ItemStatus>
      <ItemId>59402</ItemId>
    </Item>
    <Item>
      <PriceUpdateDate>2025-01-05 18:12:50</PriceUpdateDate>
      <ItemCode>7290121290180</ItemCode>
      <ItemType>1</ItemType>
      <ItemName>כאמל כחול (קצר) בודד</ItemName>
      <ManufacturerName>לא ידוע</ManufacturerName>
      <ManufactureCountry>כללי</ManufactureCountry>
      <ManufacturerItemDescription>כאמל כחול</ManufacturerItemDescription>
      <UnitQty>יח'</UnitQty>
      <Quantity>1.00</Quantity>
      <UnitOfMeasure>יח'</UnitOfMeasure>
      <bIsWeighted>0</bIsWeighted>
      <QtyInPackage>לא ידוע</QtyInPackage>
      <ItemPrice>39.00</ItemPrice>
      <UnitOfMeasurePrice>39.0000</UnitOfMeasurePrice>
      <AllowDiscount>1</AllowDiscount>
      <ItemStatus>1</ItemStatus>
      <ItemId>96383</ItemId>
    </Item>
    <Item>
      <PriceUpdateDate>2025-01-02 08:49:44</PriceUpdateDate>
      <ItemCode>7290012227912</ItemCode>
      <ItemType>1</ItemType>
      <ItemName>קבנוס מעודן 135 גרם</ItemName>
      <ManufacturerName>זוגלובק</ManufacturerName>
      <ManufactureCountry>ישראל</ManufactureCountry>
      <ManufacturerItemDescription>זוגלובק</ManufacturerItemDescription>
      <UnitQty>גרמים</UnitQty>
      <Quantity>135.00</Quantity>
      <UnitOfMeasure>100 גרם</UnitOfMeasure>
      <bIsWeighted>0</bIsWeighted>
      <QtyInPackage>לא ידוע</QtyInPackage>
      <ItemPrice>13.00</ItemPrice>
      <UnitOfMeasurePrice>0.0963</UnitOfMeasurePrice>
      <AllowDiscount>1</AllowDiscount>
      <ItemStatus>1</ItemStatus>
      <ItemId>59410</ItemId>
    </Item>
    <Item>
      <PriceUpdateDate>2025-01-02 08:49:44</PriceUpdateDate>
      <ItemCode>7290012227974</ItemCode>
      <ItemType>1</ItemType>
      <ItemName>פסטרמה בדבש 120 גרם</ItemName>
      <ManufacturerName>זוגלובק</ManufacturerName>
      <ManufactureCountry>לא ידוע</ManufactureCountry>
      <ManufacturerItemDescription>זוגלובק</ManufacturerItemDescription>
      <UnitQty>יחידה   </UnitQty>
      <Quantity>0.00</Quantity>
      <UnitOfMeasure>יחידה   </UnitOfMeasure>
      <bIsWeighted>0</bIsWeighted>
      <QtyInPackage>לא ידוע</QtyInPackage>
      <ItemPrice>16.00</ItemPrice>
      <UnitOfMeasurePrice>0.0000</UnitOfMeasurePrice>
      <AllowDiscount>1</AllowDiscount>
      <ItemStatus>1</ItemStatus>
      <ItemId>59411</ItemId>
    </Item>
    <Item>
      <PriceUpdateDate>2025-01-05 18:12:47</PriceUpdateDate>
      <ItemCode>7290012227981</ItemCode>
      <ItemType>1</ItemType>
      <ItemName>פסטרמה ברביקיו 120 ג</ItemName>
      <ManufacturerName>זוגלובק</ManufacturerName>
      <ManufactureCountry>ישראל</ManufactureCountry>
      <ManufacturerItemDescription>זוגלובק</ManufacturerItemDescription>
      <UnitQty>גרמים</UnitQty>
      <Quantity>120.00</Quantity>
      <UnitOfMeasure>100 גרם</UnitOfMeasure>
      <bIsWeighted>0</bIsWeighted>
      <QtyInPackage>לא ידוע</QtyInPackage>
      <ItemPrice>16.00</ItemPrice>
      <UnitOfMeasurePrice>0.1333</UnitOfMeasurePrice>
      <AllowDiscount>1</AllowDiscount>
      <ItemStatus>1</ItemStatus>
      <ItemId>59412</ItemId>
    </Item>
    <Item>
      <PriceUpdateDate>2025-02-17 11:47:32</PriceUpdateDate>
      <ItemCode>7290012228278</ItemCode>
      <ItemType>1</ItemType>
      <ItemName>נקניקיות בוקוורסט הו</ItemName>
      <ManufacturerName>זוגלובק</ManufacturerName>
      <ManufactureCountry>ישראל</ManufactureCountry>
      <ManufacturerItemDescription>זוגלובק</ManufacturerItemDescription>
      <UnitQty>גרמים</UnitQty>
      <Quantity>310.00</Quantity>
      <UnitOfMeasure>100 גרם</UnitOfMeasure>
      <bIsWeighted>0</bIsWeighted>
      <QtyInPackage>לא ידוע</QtyInPackage>
      <ItemPrice>25.90</ItemPrice>
      <UnitOfMeasurePrice>0.0835</UnitOfMeasurePrice>
      <AllowDiscount>1</AllowDiscount>
      <ItemStatus>1</ItemStatus>
      <ItemId>59424</ItemId>
    </Item>
    <Item>
      <PriceUpdateDate>2025-01-02 08:49:44</PriceUpdateDate>
      <ItemCode>7290012228766</ItemCode>
      <ItemType>1</ItemType>
      <ItemName>קבנוס מחפוד 120 גרם</ItemName>
      <ManufacturerName>זוגלובק</ManufacturerName>
      <ManufactureCountry>לא ידוע</ManufactureCountry>
      <ManufacturerItemDescription>קבנוס מחפוד 120 גרם</ManufacturerItemDescription>
      <UnitQty>גרמים</UnitQty>
      <Quantity>120.00</Quantity>
      <UnitOfMeasure>100 גרם</UnitOfMeasure>
      <bIsWeighted>0</bIsWeighted>
      <QtyInPackage>לא ידוע</QtyInPackage>
      <ItemPrice>11.00</ItemPrice>
      <UnitOfMeasurePrice>0.0917</UnitOfMeasurePrice>
      <AllowDiscount>1</AllowDiscount>
      <ItemStatus>1</ItemStatus>
      <ItemId>59444</ItemId>
    </Item>
    <Item>
      <PriceUpdateDate>2025-01-02 08:49:49</PriceUpdateDate>
      <ItemCode>7290109580135</ItemCode>
      <ItemType>1</ItemType>
      <ItemName>קורדנדביף 180 גרם זו</ItemName>
      <ManufacturerName>זוגלובק</ManufacturerName>
      <ManufactureCountry>ישראל</ManufactureCountry>
      <ManufacturerItemDescription>זוגלובק</ManufacturerItemDescription>
      <UnitQty>גרמים</UnitQty>
      <Quantity>180.00</Quantity>
      <UnitOfMeasure>100 גרם</UnitOfMeasure>
      <bIsWeighted>0</bIsWeighted>
      <QtyInPackage>לא ידוע</QtyInPackage>
      <ItemPrice>29.10</ItemPrice>
      <UnitOfMeasurePrice>0.1617</UnitOfMeasurePrice>
      <AllowDiscount>1</AllowDiscount>
      <ItemStatus>1</ItemStatus>
      <ItemId>59463</ItemId>
    </Item>
    <Item>
      <PriceUpdateDate>2025-01-20 14:16:53</PriceUpdateDate>
      <ItemCode>7290109580432</ItemCode>
      <ItemType>1</ItemType>
      <ItemName>פסטרמה חזה הודו מעוש</ItemName>
      <ManufacturerName>זוגלובק</ManufacturerName>
      <ManufactureCountry>ישראל</ManufactureCountry>
      <ManufacturerItemDescription>זוגלובק</ManufacturerItemDescription>
      <UnitQty>גרמים</UnitQty>
      <Quantity>120.00</Quantity>
      <UnitOfMeasure>100 גרם</UnitOfMeasure>
      <bIsWeighted>0</bIsWeighted>
      <QtyInPackage>לא ידוע</QtyInPackage>
      <ItemPrice>16.00</ItemPrice>
      <UnitOfMeasurePrice>0.1333</UnitOfMeasurePrice>
      <AllowDiscount>1</AllowDiscount>
      <ItemStatus>1</ItemStatus>
      <ItemId>59469</ItemId>
    </Item>
    <Item>
      <PriceUpdateDate>2023-02-06 07:56:01</PriceUpdateDate>
      <ItemCode>7290014205062</ItemCode>
      <ItemType>1</ItemType>
      <ItemName>כוסות שקוף 100 יח'</ItemName>
      <ManufacturerName>לא ידוע</ManufacturerName>
      <ManufactureCountry>לא ידוע</ManufactureCountry>
      <ManufacturerItemDescription>כוסות שקוף 100 יח'</ManufacturerItemDescription>
      <UnitQty>יח'</UnitQty>
      <Quantity>100.00</Quantity>
      <UnitOfMeasure>יח'</UnitOfMeasure>
      <bIsWeighted>0</bIsWeighted>
      <QtyInPackage>לא ידוע</QtyInPackage>
      <ItemPrice>4.90</ItemPrice>
      <UnitOfMeasurePrice>0.0490</UnitOfMeasurePrice>
      <AllowDiscount>1</AllowDiscount>
      <ItemStatus>1</ItemStatus>
      <ItemId>59696</ItemId>
    </Item>
    <Item>
      <PriceUpdateDate>2025-08-05 15:36:15</PriceUpdateDate>
      <ItemCode>7290014288584</ItemCode>
      <ItemType>1</ItemType>
      <ItemName>נייר אפיה 50 יח 37*4</ItemName>
      <ManufacturerName>לא ידוע</ManufacturerName>
      <ManufactureCountry>AX</ManufactureCountry>
      <ManufacturerItemDescription>נייר אפיה 50 יח 37*4</ManufacturerItemDescription>
      <UnitQty>יחידה   </UnitQty>
      <Quantity>0.00</Quantity>
      <UnitOfMeasure>יחידה   </UnitOfMeasure>
      <bIsWeighted>0</bIsWeighted>
      <QtyInPackage>לא ידוע</QtyInPackage>
      <ItemPrice>9.90</ItemPrice>
      <UnitOfMeasurePrice>0.0000</UnitOfMeasurePrice>
      <AllowDiscount>1</AllowDiscount>
      <ItemStatus>1</ItemStatus>
      <ItemId>59749</ItemId>
    </Item>
    <Item>
      <PriceUpdateDate>2023-02-06 07:56:01</PriceUpdateDate>
      <ItemCode>7290014288720</ItemCode>
      <ItemType>1</ItemType>
      <ItemName>כוסות גדולות 330 מ"ל</ItemName>
      <ManufacturerName>לא ידוע</ManufacturerName>
      <ManufactureCountry>לא ידוע</ManufactureCountry>
      <ManufacturerItemDescription>כוסות גדולות 330 מ"ל</ManufacturerItemDescription>
      <UnitQty>יח'</UnitQty>
      <Quantity>40.00</Quantity>
      <UnitOfMeasure>יח'</UnitOfMeasure>
      <bIsWeighted>0</bIsWeighted>
      <QtyInPackage>לא ידוע</QtyInPackage>
      <ItemPrice>5.90</ItemPrice>
      <UnitOfMeasurePrice>0.1475</UnitOfMeasurePrice>
      <AllowDiscount>1</AllowDiscount>
      <ItemStatus>1</ItemStatus>
      <ItemId>59755</ItemId>
    </Item>
    <Item>
      <PriceUpdateDate>2025-01-02 08:49:45</PriceUpdateDate>
      <ItemCode>7290016400205</ItemCode>
      <ItemType>1</ItemType>
      <ItemName>צלחות צבעוני 100 יח'</ItemName>
      <ManufacturerName>לא ידוע</ManufacturerName>
      <ManufactureCountry>לא ידוע</ManufactureCountry>
      <ManufacturerItemDescription>צלחות צבעוני 100 יח'</ManufacturerItemDescription>
      <UnitQty>יח'</UnitQty>
      <Quantity>100.00</Quantity>
      <UnitOfMeasure>יח'</UnitOfMeasure>
      <bIsWeighted>0</bIsWeighted>
      <QtyInPackage>לא ידוע</QtyInPackage>
      <ItemPrice>19.10</ItemPrice>
      <UnitOfMeasurePrice>0.1910</UnitOfMeasurePrice>
      <AllowDiscount>1</AllowDiscount>
      <ItemStatus>1</ItemStatus>
      <ItemId>59776</ItemId>
    </Item>
    <Item>
      <PriceUpdateDate>2023-08-03 17:09:03</PriceUpdateDate>
      <ItemCode>7290017841595</ItemCode>
      <ItemType>1</ItemType>
      <ItemName>חושן קערה עגולה לסלט</ItemName>
      <ManufacturerName>לא ידוע</ManufacturerName>
      <ManufactureCountry>לא ידוע</ManufactureCountry>
      <ManufacturerItemDescription>חושן קערה עגולה לסלט</ManufacturerItemDescription>
      <UnitQty>יח'</UnitQty>
      <Quantity>1.00</Quantity>
      <UnitOfMeasure>יח'</UnitOfMeasure>
      <bIsWeighted>0</bIsWeighted>
      <QtyInPackage>לא ידוע</QtyInPackage>
      <ItemPrice>3.90</ItemPrice>
      <UnitOfMeasurePrice>3.9000</UnitOfMeasurePrice>
      <AllowDiscount>1</AllowDiscount>
      <ItemStatus>1</ItemStatus>
      <ItemId>59828</ItemId>
    </Item>
    <Item>
      <PriceUpdateDate>2025-08-05 15:36:15</PriceUpdateDate>
      <ItemCode>7290017842141</ItemCode>
      <ItemType>1</ItemType>
      <ItemName>נייר אפיה 40 יח שווה</ItemName>
      <ManufacturerName>לא ידוע</ManufacturerName>
      <ManufactureCountry>לא ידוע</ManufactureCountry>
      <ManufacturerItemDescription>נייר אפיה 40 יח שווה</ManufacturerItemDescription>
      <UnitQty>יח'</UnitQty>
      <Quantity>40.00</Quantity>
      <UnitOfMeasure>יח'</UnitOfMeasure>
      <bIsWeighted>0</bIsWeighted>
      <QtyInPackage>לא ידוע</QtyInPackage>
      <ItemPrice>9.90</ItemPrice>
      <UnitOfMeasurePrice>0.2475</UnitOfMeasurePrice>
      <AllowDiscount>1</AllowDiscount>
      <ItemStatus>1</ItemStatus>
      <ItemId>59833</ItemId>
    </Item>
    <Item>
      <PriceUpdateDate>2025-01-02 08:49:46</PriceUpdateDate>
      <ItemCode>7290017842813</ItemCode>
      <ItemType>1</ItemType>
      <ItemName>צלחות גדולות מעלי דק</ItemName>
      <ManufacturerName>לא ידוע</ManufacturerName>
      <ManufactureCountry>לא ידוע</ManufactureCountry>
      <ManufacturerItemDescription>צלחות גדולות מעלי דק</ManufacturerItemDescription>
      <UnitQty>יח'</UnitQty>
      <Quantity>10.00</Quantity>
      <UnitOfMeasure>יח'</UnitOfMeasure>
      <bIsWeighted>0</bIsWeighted>
      <QtyInPackage>לא ידוע</QtyInPackage>
      <ItemPrice>11.00</ItemPrice>
      <UnitOfMeasurePrice>1.1000</UnitOfMeasurePrice>
      <AllowDiscount>1</AllowDiscount>
      <ItemStatus>1</ItemStatus>
      <ItemId>59837</ItemId>
    </Item>
    <Item>
      <PriceUpdateDate>2025-01-02 08:49:48</PriceUpdateDate>
      <ItemCode>7290042051815</ItemCode>
      <ItemType>1</ItemType>
      <ItemName>מרקיות מתכלות שווה 2</ItemName>
      <ManufacturerName>לא ידוע</ManufacturerName>
      <ManufactureCountry>לא ידוע</ManufactureCountry>
      <ManufacturerItemDescription>מרקיות מתכלות שווה 2</ManufacturerItemDescription>
      <UnitQty>יח'</UnitQty>
      <Quantity>25.00</Quantity>
      <UnitOfMeasure>יח'</UnitOfMeasure>
      <bIsWeighted>0</bIsWeighted>
      <QtyInPackage>לא ידוע</QtyInPackage>
      <ItemPrice>9.00</ItemPrice>
      <UnitOfMeasurePrice>0.3600</UnitOfMeasurePrice>
      <AllowDiscount>1</AllowDiscount>
      <ItemStatus>1</ItemStatus>
      <ItemId>59851</ItemId>
    </Item>
    <Item>
      <PriceUpdateDate>2025-01-02 08:49:52</PriceUpdateDate>
      <ItemCode>7290117030752</ItemCode>
      <ItemType>1</ItemType>
      <ItemName>מארז תבניות אלומיניו</ItemName>
      <ManufacturerName>לא ידוע</ManufacturerName>
      <ManufactureCountry>לא ידוע</ManufactureCountry>
      <ManufacturerItemDescription>מארז תבניות אלומיניו</ManufacturerItemDescription>
      <UnitQty>יח'</UnitQty>
      <Quantity>7.00</Quantity>
      <UnitOfMeasure>יח'</UnitOfMeasure>
      <bIsWeighted>0</bIsWeighted>
      <QtyInPackage>לא ידוע</QtyInPackage>
      <ItemPrice>7.00</ItemPrice>
      <UnitOfMeasurePrice>1.0000</UnitOfMeasurePrice>
      <AllowDiscount>1</AllowDiscount>
      <ItemStatus>1</ItemStatus>
      <ItemId>59876</ItemId>
    </Item>
    <Item>
      <PriceUpdateDate>2025-01-08 14:47:25</PriceUpdateDate>
      <ItemCode>7290117030769</ItemCode>
      <ItemType>1</ItemType>
      <ItemName>מארז תבניות אלומיניו</ItemName>
      <ManufacturerName>לא ידוע</ManufacturerName>
      <ManufactureCountry>AX</ManufactureCountry>
      <ManufacturerItemDescription>מארז תבניות אלומיניו</ManufacturerItemDescription>
      <UnitQty>יחידה   </UnitQty>
      <Quantity>0.00</Quantity>
      <UnitOfMeasure>יחידה   </UnitOfMeasure>
      <bIsWeighted>0</bIsWeighted>
      <QtyInPackage>לא ידוע</QtyInPackage>
      <ItemPrice>7.00</ItemPrice>
      <UnitOfMeasurePrice>0.0000</UnitOfMeasurePrice>
      <AllowDiscount>1</AllowDiscount>
      <ItemStatus>1</ItemStatus>
      <ItemId>59877</ItemId>
    </Item>
    <Item>
      <PriceUpdateDate>2025-01-08 14:47:25</PriceUpdateDate>
      <ItemCode>7290117030783</ItemCode>
      <ItemType>1</ItemType>
      <ItemName>מארז תבניות אלומיניו</ItemName>
      <ManufacturerName>לא ידוע</ManufacturerName>
      <ManufactureCountry>AX</ManufactureCountry>
      <ManufacturerItemDescription>מארז תבניות אלומיניו</ManufacturerItemDescription>
      <UnitQty>יחידה   </UnitQty>
      <Quantity>0.00</Quantity>
      <UnitOfMeasure>יחידה   </UnitOfMeasure>
      <bIsWeighted>0</bIsWeighted>
      <QtyInPackage>לא ידוע</QtyInPackage>
      <ItemPrice>7.00</ItemPrice>
      <UnitOfMeasurePrice>0.0000</UnitOfMeasurePrice>
      <AllowDiscount>1</AllowDiscount>
      <ItemStatus>1</ItemStatus>
      <ItemId>59879</ItemId>
    </Item>
    <Item>
      <PriceUpdateDate>2025-01-08 14:47:25</PriceUpdateDate>
      <ItemCode>7290117030790</ItemCode>
      <ItemType>1</ItemType>
      <ItemName>מארז תבניות אלומיניו</ItemName>
      <ManufacturerName>לא ידוע</ManufacturerName>
      <ManufactureCountry>לא ידוע</ManufactureCountry>
      <ManufacturerItemDescription>מארז תבניות אלומיניו</ManufacturerItemDescription>
      <UnitQty>יח'</UnitQty>
      <Quantity>10.00</Quantity>
      <UnitOfMeasure>יח'</UnitOfMeasure>
      <bIsWeighted>0</bIsWeighted>
      <QtyInPackage>לא ידוע</QtyInPackage>
      <ItemPrice>7.00</ItemPrice>
      <UnitOfMeasurePrice>0.7000</UnitOfMeasurePrice>
      <AllowDiscount>1</AllowDiscount>
      <ItemStatus>1</ItemStatus>
      <ItemId>59880</ItemId>
    </Item>
    <Item>
      <PriceUpdateDate>2025-01-08 14:47:26</PriceUpdateDate>
      <ItemCode>7290117030806</ItemCode>
      <ItemType>1</ItemType>
      <ItemName>מארז תבניות אלומיניו</ItemName>
      <ManufacturerName>לא ידוע</ManufacturerName>
      <ManufactureCountry>לא ידוע</ManufactureCountry>
      <ManufacturerItemDescription>מארז תבניות אלומיניו</ManufacturerItemDescription>
      <UnitQty>יח'</UnitQty>
      <Quantity>10.00</Quantity>
      <UnitOfMeasure>יח'</UnitOfMeasure>
      <bIsWeighted>0</bIsWeighted>
      <QtyInPackage>לא ידוע</QtyInPackage>
      <ItemPrice>7.00</ItemPrice>
      <UnitOfMeasurePrice>0.7000</UnitOfMeasurePrice>
      <AllowDiscount>1</AllowDiscount>
      <ItemStatus>1</ItemStatus>
      <ItemId>59881</ItemId>
    </Item>
    <Item>
      <PriceUpdateDate>2025-01-08 14:47:26</PriceUpdateDate>
      <ItemCode>7290117030813</ItemCode>
      <ItemType>1</ItemType>
      <ItemName>מארז תבניות אלומיניו</ItemName>
      <ManufacturerName>לא ידוע</ManufacturerName>
      <ManufactureCountry>לא ידוע</ManufactureCountry>
      <ManufacturerItemDescription>מארז תבניות אלומיניו</ManufacturerItemDescription>
      <UnitQty>יח'</UnitQty>
      <Quantity>4.00</Quantity>
      <UnitOfMeasure>יח'</UnitOfMeasure>
      <bIsWeighted>0</bIsWeighted>
      <QtyInPackage>לא ידוע</QtyInPackage>
      <ItemPrice>7.00</ItemPrice>
      <UnitOfMeasurePrice>1.7500</UnitOfMeasurePrice>
      <AllowDiscount>1</AllowDiscount>
      <ItemStatus>1</ItemStatus>
      <ItemId>59882</ItemId>
    </Item>
    <Item>
      <PriceUpdateDate>2025-01-08 14:47:26</PriceUpdateDate>
      <ItemCode>7290117030820</ItemCode>
      <ItemType>1</ItemType>
      <ItemName>מארז תבניות אלומיניו</ItemName>
      <ManufacturerName>לא ידוע</ManufacturerName>
      <ManufactureCountry>לא ידוע</ManufactureCountry>
      <ManufacturerItemDescription>מארז תבניות אלומיניו</ManufacturerItemDescription>
      <UnitQty>יח'</UnitQty>
      <Quantity>4.00</Quantity>
      <UnitOfMeasure>יח'</UnitOfMeasure>
      <bIsWeighted>0</bIsWeighted>
      <QtyInPackage>לא ידוע</QtyInPackage>
      <ItemPrice>7.00</ItemPrice>
      <UnitOfMeasurePrice>1.7500</UnitOfMeasurePrice>
      <AllowDiscount>1</AllowDiscount>
      <ItemStatus>1</ItemStatus>
      <ItemId>59883</ItemId>
    </Item>
    <Item>
      <PriceUpdateDate>2025-01-02 08:49:52</PriceUpdateDate>
      <ItemCode>7290117031827</ItemCode>
      <ItemType>1</ItemType>
      <ItemName>צלחת גדולה חושן שקוף</ItemName>
      <ManufacturerName>לא ידוע</ManufacturerName>
      <ManufactureCountry>לא ידוע</ManufactureCountry>
      <ManufacturerItemDescription>צלחת גדולה חושן שקוף</ManufacturerItemDescription>
      <UnitQty>יח'</UnitQty>
      <Quantity>8.00</Quantity>
      <UnitOfMeasure>יח'</UnitOfMeasure>
      <bIsWeighted>0</bIsWeighted>
      <QtyInPackage>לא ידוע</QtyInPackage>
      <ItemPrice>9.00</ItemPrice>
      <UnitOfMeasurePrice>1.1250</UnitOfMeasurePrice>
      <AllowDiscount>1</AllowDiscount>
      <ItemStatus>1</ItemStatus>
      <ItemId>59902</ItemId>
    </Item>
    <Item>
      <PriceUpdateDate>2022-09-20 12:43:58</PriceUpdateDate>
      <ItemCode>7290000946580</ItemCode>
      <ItemType>1</ItemType>
      <ItemName>תיק רב פעמי</ItemName>
      <ManufacturerName>לא ידוע</ManufacturerName>
      <ManufactureCountry>לא ידוע</ManufactureCountry>
      <ManufacturerItemDescription>תיק רב פעמי</ManufacturerItemDescription>
      <UnitQty>יח'</UnitQty>
      <Quantity>1.00</Quantity>
      <UnitOfMeasure>יח'</UnitOfMeasure>
      <bIsWeighted>0</bIsWeighted>
      <QtyInPackage>לא ידוע</QtyInPackage>
      <ItemPrice>3.90</ItemPrice>
      <UnitOfMeasurePrice>3.9000</UnitOfMeasurePrice>
      <AllowDiscount>1</AllowDiscount>
      <ItemStatus>1</ItemStatus>
      <ItemId>60052</ItemId>
    </Item>
    <Item>
      <PriceUpdateDate>2025-11-30 18:50:21</PriceUpdateDate>
      <ItemCode>40084107</ItemCode>
      <ItemType>1</ItemType>
      <ItemName>ביצת הפתעה  קינדר</ItemName>
      <ManufacturerName>פרדי קונדטוריה אס פי</ManufacturerName>
      <ManufactureCountry>איטליה</ManufactureCountry>
      <ManufacturerItemDescription>פררו</ManufacturerItemDescription>
      <UnitQty>גרמים</UnitQty>
      <Quantity>20.00</Quantity>
      <UnitOfMeasure>100 גרם</UnitOfMeasure>
      <bIsWeighted>0</bIsWeighted>
      <QtyInPackage>לא ידוע</QtyInPackage>
      <ItemPrice>6.90</ItemPrice>
      <UnitOfMeasurePrice>0.3450</UnitOfMeasurePrice>
      <AllowDiscount>1</AllowDiscount>
      <ItemStatus>1</ItemStatus>
      <ItemId>60063</ItemId>
    </Item>
    <Item>
      <PriceUpdateDate>2025-05-07 17:50:49</PriceUpdateDate>
      <ItemCode>8000500121436</ItemCode>
      <ItemType>1</ItemType>
      <ItemName>קינדר בואנו שוקולד ל</ItemName>
      <ManufacturerName>פררו</ManufacturerName>
      <ManufactureCountry>פולין</ManufactureCountry>
      <ManufacturerItemDescription>פררו</ManufacturerItemDescription>
      <UnitQty>גרמים</UnitQty>
      <Quantity>129.00</Quantity>
      <UnitOfMeasure>100 גרם</UnitOfMeasure>
      <bIsWeighted>0</bIsWeighted>
      <QtyInPackage>לא ידוע</QtyInPackage>
      <ItemPrice>14.90</ItemPrice>
      <UnitOfMeasurePrice>0.1155</UnitOfMeasurePrice>
      <AllowDiscount>1</AllowDiscount>
      <ItemStatus>1</ItemStatus>
      <ItemId>60116</ItemId>
    </Item>
    <Item>
      <PriceUpdateDate>2025-01-01 21:30:02</PriceUpdateDate>
      <ItemCode>8112100298</ItemCode>
      <ItemType>1</ItemType>
      <ItemName>שמן שומשום טהור</ItemName>
      <ManufacturerName>flavor full foods</ManufacturerName>
      <ManufactureCountry>טאיוון</ManufactureCountry>
      <ManufacturerItemDescription>flavor</ManufacturerItemDescription>
      <UnitQty>מיליליטרים</UnitQty>
      <Quantity>185.00</Quantity>
      <UnitOfMeasure>100 מ"ל</UnitOfMeasure>
      <bIsWeighted>0</bIsWeighted>
      <QtyInPackage>לא ידוע</QtyInPackage>
      <ItemPrice>15.00</ItemPrice>
      <UnitOfMeasurePrice>0.0811</UnitOfMeasurePrice>
      <AllowDiscount>1</AllowDiscount>
      <ItemStatus>1</ItemStatus>
      <ItemId>60272</ItemId>
    </Item>
    <Item>
      <PriceUpdateDate>2025-01-01 21:30:03</PriceUpdateDate>
      <ItemCode>89041081056</ItemCode>
      <ItemType>1</ItemType>
      <ItemName>שמן צילי 185 מ"ל</ItemName>
      <ManufacturerName>flavor full foods</ManufacturerName>
      <ManufactureCountry>טאיוון</ManufactureCountry>
      <ManufacturerItemDescription>שמן צילי 185 מ"ל</ManufacturerItemDescription>
      <UnitQty>מיליליטרים</UnitQty>
      <Quantity>185.00</Quantity>
      <UnitOfMeasure>100 מ"ל</UnitOfMeasure>
      <bIsWeighted>0</bIsWeighted>
      <QtyInPackage>לא ידוע</QtyInPackage>
      <ItemPrice>11.00</ItemPrice>
      <UnitOfMeasurePrice>0.0595</UnitOfMeasurePrice>
      <AllowDiscount>1</AllowDiscount>
      <ItemStatus>1</ItemStatus>
      <ItemId>60289</ItemId>
    </Item>
    <Item>
      <PriceUpdateDate>2025-01-01 21:30:05</PriceUpdateDate>
      <ItemCode>6910191800287</ItemCode>
      <ItemType>1</ItemType>
      <ItemName>אצות נורי בלו</ItemName>
      <ManufacturerName>nantong haida aquati</ManufacturerName>
      <ManufactureCountry>סין</ManufactureCountry>
      <ManufacturerItemDescription>מזרח ומערב</ManufacturerItemDescription>
      <UnitQty>יח'</UnitQty>
      <Quantity>10.00</Quantity>
      <UnitOfMeasure>יח'</UnitOfMeasure>
      <bIsWeighted>0</bIsWeighted>
      <QtyInPackage>לא ידוע</QtyInPackage>
      <ItemPrice>12.00</ItemPrice>
      <UnitOfMeasurePrice>1.2000</UnitOfMeasurePrice>
      <AllowDiscount>1</AllowDiscount>
      <ItemStatus>1</ItemStatus>
      <ItemId>60294</ItemId>
    </Item>
    <Item>
      <PriceUpdateDate>2025-01-01 21:30:05</PriceUpdateDate>
      <ItemCode>6934731210138</ItemCode>
      <ItemType>1</ItemType>
      <ItemName>אטריות טריות עבות 20</ItemName>
      <ManufacturerName>לא ידוע</ManufacturerName>
      <ManufactureCountry>לא ידוע</ManufactureCountry>
      <ManufacturerItemDescription>אטריות טריות עבות 20</ManufacturerItemDescription>
      <UnitQty>גרמים</UnitQty>
      <Quantity>200.00</Quantity>
      <UnitOfMeasure>100 גרם</UnitOfMeasure>
      <bIsWeighted>0</bIsWeighted>
      <QtyInPackage>לא ידוע</QtyInPackage>
      <ItemPrice>7.00</ItemPrice>
      <UnitOfMeasurePrice>0.0350</UnitOfMeasurePrice>
      <AllowDiscount>1</AllowDiscount>
      <ItemStatus>1</ItemStatus>
      <ItemId>60301</ItemId>
    </Item>
    <Item>
      <PriceUpdateDate>2025-01-01 21:30:05</PriceUpdateDate>
      <ItemCode>6936745600462</ItemCode>
      <ItemType>1</ItemType>
      <ItemName>רוטב מירין 500 מ"ל</ItemName>
      <ManufacturerName>qingdao sun growing</ManufacturerName>
      <ManufactureCountry>סין</ManufactureCountry>
      <ManufacturerItemDescription>daniyan</ManufacturerItemDescription>
      <UnitQty>מיליליטרים</UnitQty>
      <Quantity>500.00</Quantity>
      <UnitOfMeasure>100 מ"ל</UnitOfMeasure>
      <bIsWeighted>0</bIsWeighted>
      <QtyInPackage>לא ידוע</QtyInPackage>
      <ItemPrice>20.10</ItemPrice>
      <UnitOfMeasurePrice>0.0402</UnitOfMeasurePrice>
      <AllowDiscount>1</AllowDiscount>
      <ItemStatus>1</ItemStatus>
      <ItemId>60302</ItemId>
    </Item>
    <Item>
      <PriceUpdateDate>2025-01-02 16:15:32</PriceUpdateDate>
      <ItemCode>7290014860094</ItemCode>
      <ItemType>1</ItemType>
      <ItemName>מקלוני אורז ללא גלוט</ItemName>
      <ManufacturerName>oriental food co.ltd</ManufacturerName>
      <ManufactureCountry>תאילנד</ManufactureCountry>
      <ManufacturerItemDescription>oriental</ManufacturerItemDescription>
      <UnitQty>גרמים</UnitQty>
      <Quantity>454.00</Quantity>
      <UnitOfMeasure>100 גרם</UnitOfMeasure>
      <bIsWeighted>0</bIsWeighted>
      <QtyInPackage>לא ידוע</QtyInPackage>
      <ItemPrice>11.00</ItemPrice>
      <UnitOfMeasurePrice>0.0242</UnitOfMeasurePrice>
      <AllowDiscount>1</AllowDiscount>
      <ItemStatus>1</ItemStatus>
      <ItemId>60311</ItemId>
    </Item>
    <Item>
      <PriceUpdateDate>2025-01-01 21:30:16</PriceUpdateDate>
      <ItemCode>7290015164856</ItemCode>
      <ItemType>1</ItemType>
      <ItemName>מחית קארי אדומה 400</ItemName>
      <ManufacturerName>theppadungporn cocon</ManufacturerName>
      <ManufactureCountry>תאילנד</ManufactureCountry>
      <ManufacturerItemDescription>mae ploy</ManufacturerItemDescription>
      <UnitQty>גרמים</UnitQty>
      <Quantity>400.00</Quantity>
      <UnitOfMeasure>100 גרם</UnitOfMeasure>
      <bIsWeighted>0</bIsWeighted>
      <QtyInPackage>לא ידוע</QtyInPackage>
      <ItemPrice>20.10</ItemPrice>
      <UnitOfMeasurePrice>0.0503</UnitOfMeasurePrice>
      <AllowDiscount>1</AllowDiscount>
      <ItemStatus>1</ItemStatus>
      <ItemId>60318</ItemId>
    </Item>
    <Item>
      <PriceUpdateDate>2025-01-01 21:30:16</PriceUpdateDate>
      <ItemCode>7290015603188</ItemCode>
      <ItemType>1</ItemType>
      <ItemName>אטריות ביצים 454 גרם</ItemName>
      <ManufacturerName>xiamen zhongshi impo</ManufacturerName>
      <ManufactureCountry>סין</ManufactureCountry>
      <ManufacturerItemDescription>מזרח ומערב</ManufacturerItemDescription>
      <UnitQty>גרמים</UnitQty>
      <Quantity>454.00</Quantity>
      <UnitOfMeasure>100 גרם</UnitOfMeasure>
      <bIsWeighted>0</bIsWeighted>
      <QtyInPackage>לא ידוע</QtyInPackage>
      <ItemPrice>11.00</ItemPrice>
      <UnitOfMeasurePrice>0.0242</UnitOfMeasurePrice>
      <AllowDiscount>1</AllowDiscount>
      <ItemStatus>1</ItemStatus>
      <ItemId>60319</ItemId>
    </Item>
    <Item>
      <PriceUpdateDate>2025-01-01 21:30:16</PriceUpdateDate>
      <ItemCode>7290015603546</ItemCode>
      <ItemType>1</ItemType>
      <ItemName>קרם קוקוס 400 מ"ל</ItemName>
      <ManufacturerName>theppadungporn cocon</ManufacturerName>
      <ManufactureCountry>תאילנד</ManufactureCountry>
      <ManufacturerItemDescription>מזרח ומערב</ManufacturerItemDescription>
      <UnitQty>מיליליטרים</UnitQty>
      <Quantity>400.00</Quantity>
      <UnitOfMeasure>100 מ"ל</UnitOfMeasure>
      <bIsWeighted>0</bIsWeighted>
      <QtyInPackage>לא ידוע</QtyInPackage>
      <ItemPrice>9.00</ItemPrice>
      <UnitOfMeasurePrice>0.0225</UnitOfMeasurePrice>
      <AllowDiscount>1</AllowDiscount>
      <ItemStatus>1</ItemStatus>
      <ItemId>60326</ItemId>
    </Item>
    <Item>
      <PriceUpdateDate>2025-01-01 21:30:16</PriceUpdateDate>
      <ItemCode>7290015603560</ItemCode>
      <ItemType>1</ItemType>
      <ItemName>שימורי קרם קוקוס</ItemName>
      <ManufacturerName>asiatic agro industr</ManufacturerName>
      <ManufactureCountry>תאילנד</ManufactureCountry>
      <ManufacturerItemDescription>מזרח ומערב</ManufacturerItemDescription>
      <UnitQty>מיליליטרים</UnitQty>
      <Quantity>400.00</Quantity>
      <UnitOfMeasure>100 מ"ל</UnitOfMeasure>
      <bIsWeighted>0</bIsWeighted>
      <QtyInPackage>לא ידוע</QtyInPackage>
      <ItemPrice>10.80</ItemPrice>
      <UnitOfMeasurePrice>0.0270</UnitOfMeasurePrice>
      <AllowDiscount>1</AllowDiscount>
      <ItemStatus>1</ItemStatus>
      <ItemId>60327</ItemId>
    </Item>
    <Item>
      <PriceUpdateDate>2025-01-01 21:30:16</PriceUpdateDate>
      <ItemCode>7290015603638</ItemCode>
      <ItemType>1</ItemType>
      <ItemName>אורז קלרוז 1 ק"ג</ItemName>
      <ManufacturerName>MINH PHONG GREEN</ManufacturerName>
      <ManufactureCountry>ויטנאם</ManufactureCountry>
      <ManufacturerItemDescription>אורז קלרוז 1 ק"ג</ManufacturerItemDescription>
      <UnitQty>קילוגרמים</UnitQty>
      <Quantity>1.00</Quantity>
      <UnitOfMeasure>ק"ג     </UnitOfMeasure>
      <bIsWeighted>0</bIsWeighted>
      <QtyInPackage>לא ידוע</QtyInPackage>
      <ItemPrice>12.00</ItemPrice>
      <UnitOfMeasurePrice>12.0000</UnitOfMeasurePrice>
      <AllowDiscount>1</AllowDiscount>
      <ItemStatus>1</ItemStatus>
      <ItemId>60330</ItemId>
    </Item>
    <Item>
      <PriceUpdateDate>2025-01-05 16:22:11</PriceUpdateDate>
      <ItemCode>7290018860984</ItemCode>
      <ItemType>1</ItemType>
      <ItemName>אטריות ביצים דקות 40</ItemName>
      <ManufacturerName>xiamen zhongshi impo</ManufacturerName>
      <ManufactureCountry>סין</ManufactureCountry>
      <ManufacturerItemDescription>אטריות ביצים דקות 40</ManufacturerItemDescription>
      <UnitQty>גרמים</UnitQty>
      <Quantity>400.00</Quantity>
      <UnitOfMeasure>100 גרם</UnitOfMeasure>
      <bIsWeighted>0</bIsWeighted>
      <QtyInPackage>לא ידוע</QtyInPackage>
      <ItemPrice>10.00</ItemPrice>
      <UnitOfMeasurePrice>0.0250</UnitOfMeasurePrice>
      <AllowDiscount>1</AllowDiscount>
      <ItemStatus>1</ItemStatus>
      <ItemId>60336</ItemId>
    </Item>
    <Item>
      <PriceUpdateDate>2025-01-01 21:30:17</PriceUpdateDate>
      <ItemCode>7290018860991</ItemCode>
      <ItemType>1</ItemType>
      <ItemName>אטריות ביצים רחבות 4</ItemName>
      <ManufacturerName>xiamen zhongshi impo</ManufacturerName>
      <ManufactureCountry>סין</ManufactureCountry>
      <ManufacturerItemDescription>אטריות ביצים רחבות 4</ManufacturerItemDescription>
      <UnitQty>גרמים</UnitQty>
      <Quantity>400.00</Quantity>
      <UnitOfMeasure>100 גרם</UnitOfMeasure>
      <bIsWeighted>0</bIsWeighted>
      <QtyInPackage>לא ידוע</QtyInPackage>
      <ItemPrice>10.00</ItemPrice>
      <UnitOfMeasurePrice>0.0250</UnitOfMeasurePrice>
      <AllowDiscount>1</AllowDiscount>
      <ItemStatus>1</ItemStatus>
      <ItemId>60337</ItemId>
    </Item>
    <Item>
      <PriceUpdateDate>2025-01-01 21:30:25</PriceUpdateDate>
      <ItemCode>8809168840471</ItemCode>
      <ItemType>1</ItemType>
      <ItemName>חטיף אצות מיובשות 9</ItemName>
      <ManufacturerName>ג'י וואן גלובול נאט</ManufacturerName>
      <ManufactureCountry>דרום קוריאה</ManufactureCountry>
      <ManufacturerItemDescription>חטיף אצות מיובשות</ManufacturerItemDescription>
      <UnitQty>יח'</UnitQty>
      <Quantity>9.00</Quantity>
      <UnitOfMeasure>יח'</UnitOfMeasure>
      <bIsWeighted>0</bIsWeighted>
      <QtyInPackage>לא ידוע</QtyInPackage>
      <ItemPrice>25.10</ItemPrice>
      <UnitOfMeasurePrice>2.7889</UnitOfMeasurePrice>
      <AllowDiscount>1</AllowDiscount>
      <ItemStatus>1</ItemStatus>
      <ItemId>60341</ItemId>
    </Item>
    <Item>
      <PriceUpdateDate>2025-01-01 21:30:25</PriceUpdateDate>
      <ItemCode>8850367992140</ItemCode>
      <ItemType>1</ItemType>
      <ItemName>משקה קוקוס 330 מ"ל</ItemName>
      <ManufacturerName>theppadungporn cocon</ManufacturerName>
      <ManufactureCountry>תאילנד</ManufactureCountry>
      <ManufacturerItemDescription>מזרח ומערב</ManufacturerItemDescription>
      <UnitQty>מיליליטרים</UnitQty>
      <Quantity>330.00</Quantity>
      <UnitOfMeasure>100 מ"ל</UnitOfMeasure>
      <bIsWeighted>0</bIsWeighted>
      <QtyInPackage>לא ידוע</QtyInPackage>
      <ItemPrice>9.00</ItemPrice>
      <UnitOfMeasurePrice>0.0273</UnitOfMeasurePrice>
      <AllowDiscount>1</AllowDiscount>
      <ItemStatus>1</ItemStatus>
      <ItemId>60348</ItemId>
    </Item>
    <Item>
      <PriceUpdateDate>2025-01-01 21:30:25</PriceUpdateDate>
      <ItemCode>8850367992164</ItemCode>
      <ItemType>1</ItemType>
      <ItemName>קרם קוקוס 250 מ"ל</ItemName>
      <ManufacturerName>theppadungporn cocon</ManufacturerName>
      <ManufactureCountry>תאילנד</ManufactureCountry>
      <ManufacturerItemDescription>chaokkou</ManufacturerItemDescription>
      <UnitQty>מיליליטרים</UnitQty>
      <Quantity>250.00</Quantity>
      <UnitOfMeasure>100 מ"ל</UnitOfMeasure>
      <bIsWeighted>0</bIsWeighted>
      <QtyInPackage>לא ידוע</QtyInPackage>
      <ItemPrice>8.00</ItemPrice>
      <UnitOfMeasurePrice>0.0320</UnitOfMeasurePrice>
      <AllowDiscount>1</AllowDiscount>
      <ItemStatus>1</ItemStatus>
      <ItemId>60349</ItemId>
    </Item>
    <Item>
      <PriceUpdateDate>2025-01-01 21:30:25</PriceUpdateDate>
      <ItemCode>8852633020403</ItemCode>
      <ItemType>1</ItemType>
      <ItemName>פניני טפיוקה 500 גרם</ItemName>
      <ManufacturerName>super j internationa</ManufacturerName>
      <ManufactureCountry>תאילנד</ManufactureCountry>
      <ManufacturerItemDescription>פניני טפיוקה 500 גרם</ManufacturerItemDescription>
      <UnitQty>גרמים</UnitQty>
      <Quantity>500.00</Quantity>
      <UnitOfMeasure>100 גרם</UnitOfMeasure>
      <bIsWeighted>0</bIsWeighted>
      <QtyInPackage>לא ידוע</QtyInPackage>
      <ItemPrice>12.00</ItemPrice>
      <UnitOfMeasurePrice>0.0240</UnitOfMeasurePrice>
      <AllowDiscount>1</AllowDiscount>
      <ItemStatus>1</ItemStatus>
      <ItemId>60365</ItemId>
    </Item>
    <Item>
      <PriceUpdateDate>2025-01-05 16:22:16</PriceUpdateDate>
      <ItemCode>8858271003921</ItemCode>
      <ItemType>1</ItemType>
      <ItemName>רוטב קארי אדום</ItemName>
      <ManufacturerName>yan wal yun corpara</ManufacturerName>
      <ManufactureCountry>תאילנד</ManufactureCountry>
      <ManufacturerItemDescription>maxchup</ManufacturerItemDescription>
      <UnitQty>מיליליטרים</UnitQty>
      <Quantity>250.00</Quantity>
      <UnitOfMeasure>100 מ"ל</UnitOfMeasure>
      <bIsWeighted>0</bIsWeighted>
      <QtyInPackage>לא ידוע</QtyInPackage>
      <ItemPrice>11.00</ItemPrice>
      <UnitOfMeasurePrice>0.0440</UnitOfMeasurePrice>
      <AllowDiscount>1</AllowDiscount>
      <ItemStatus>1</ItemStatus>
      <ItemId>60375</ItemId>
    </Item>
    <Item>
      <PriceUpdateDate>2025-01-01 21:30:25</PriceUpdateDate>
      <ItemCode>8858271004300</ItemCode>
      <ItemType>1</ItemType>
      <ItemName>רוטב טריאקי</ItemName>
      <ManufacturerName>yan wal yun corpara</ManufacturerName>
      <ManufactureCountry>תאילנד</ManufactureCountry>
      <ManufacturerItemDescription>maxchup</ManufacturerItemDescription>
      <UnitQty>מיליליטרים</UnitQty>
      <Quantity>700.00</Quantity>
      <UnitOfMeasure>100 מ"ל</UnitOfMeasure>
      <bIsWeighted>0</bIsWeighted>
      <QtyInPackage>לא ידוע</QtyInPackage>
      <ItemPrice>20.10</ItemPrice>
      <UnitOfMeasurePrice>0.0287</UnitOfMeasurePrice>
      <AllowDiscount>1</AllowDiscount>
      <ItemStatus>1</ItemStatus>
      <ItemId>60380</ItemId>
    </Item>
    <Item>
      <PriceUpdateDate>2025-02-02 12:58:52</PriceUpdateDate>
      <ItemCode>8934878081811</ItemCode>
      <ItemType>1</ItemType>
      <ItemName>דפי אורז 22 ס"מ</ItemName>
      <ManufacturerName>chanh khang company</ManufacturerName>
      <ManufactureCountry>ויטנאם</ManufactureCountry>
      <ManufacturerItemDescription>trav</ManufacturerItemDescription>
      <UnitQty>גרמים</UnitQty>
      <Quantity>400.00</Quantity>
      <UnitOfMeasure>100 גרם</UnitOfMeasure>
      <bIsWeighted>0</bIsWeighted>
      <QtyInPackage>לא ידוע</QtyInPackage>
      <ItemPrice>13.00</ItemPrice>
      <UnitOfMeasurePrice>0.0325</UnitOfMeasurePrice>
      <AllowDiscount>1</AllowDiscount>
      <ItemStatus>1</ItemStatus>
      <ItemId>60395</ItemId>
    </Item>
    <Item>
      <PriceUpdateDate>2024-11-12 12:02:42</PriceUpdateDate>
      <ItemCode>7290000000005</ItemCode>
      <ItemType>1</ItemType>
      <ItemName>חלה רגילה 500 גרם</ItemName>
      <ManufacturerName>לא ידוע</ManufacturerName>
      <ManufactureCountry>ישראל</ManufactureCountry>
      <ManufacturerItemDescription>חלה רגילה 500 גרם</ManufacturerItemDescription>
      <UnitQty>גרמים</UnitQty>
      <Quantity>500.00</Quantity>
      <UnitOfMeasure>100 גרם</UnitOfMeasure>
      <bIsWeighted>0</bIsWeighted>
      <QtyInPackage>לא ידוע</QtyInPackage>
      <ItemPrice>5.30</ItemPrice>
      <UnitOfMeasurePrice>0.0106</UnitOfMeasurePrice>
      <AllowDiscount>1</AllowDiscount>
      <ItemStatus>1</ItemStatus>
      <ItemId>60541</ItemId>
    </Item>
    <Item>
      <PriceUpdateDate>2025-11-30 18:56:50</PriceUpdateDate>
      <ItemCode>8005110170300</ItemCode>
      <ItemType>1</ItemType>
      <ItemName>שלישיית עגבניות מרוס</ItemName>
      <ManufacturerName>mutti s.p.a</ManufacturerName>
      <ManufactureCountry>איטליה</ManufactureCountry>
      <ManufacturerItemDescription>MUTTI</ManufacturerItemDescription>
      <UnitQty>גרמים</UnitQty>
      <Quantity>400.00</Quantity>
      <UnitOfMeasure>100 גרם</UnitOfMeasure>
      <bIsWeighted>0</bIsWeighted>
      <QtyInPackage>לא ידוע</QtyInPackage>
      <ItemPrice>25.90</ItemPrice>
      <UnitOfMeasurePrice>0.0647</UnitOfMeasurePrice>
      <AllowDiscount>1</AllowDiscount>
      <ItemStatus>1</ItemStatus>
      <ItemId>60781</ItemId>
    </Item>
    <Item>
      <PriceUpdateDate>2025-01-01 21:30:24</PriceUpdateDate>
      <ItemCode>8005110171215</ItemCode>
      <ItemType>1</ItemType>
      <ItemName>עגבניות חתוכות 690 ג</ItemName>
      <ManufacturerName>mutti s.p.a</ManufacturerName>
      <ManufactureCountry>איטליה</ManufactureCountry>
      <ManufacturerItemDescription>עגבניות חתוכות 690 ג</ManufacturerItemDescription>
      <UnitQty>גרמים</UnitQty>
      <Quantity>690.00</Quantity>
      <UnitOfMeasure>100 גרם</UnitOfMeasure>
      <bIsWeighted>0</bIsWeighted>
      <QtyInPackage>לא ידוע</QtyInPackage>
      <ItemPrice>16.00</ItemPrice>
      <UnitOfMeasurePrice>0.0232</UnitOfMeasurePrice>
      <AllowDiscount>1</AllowDiscount>
      <ItemStatus>1</ItemStatus>
      <ItemId>60782</ItemId>
    </Item>
    <Item>
      <PriceUpdateDate>2025-11-05 21:12:43</PriceUpdateDate>
      <ItemCode>5410126806250</ItemCode>
      <ItemType>1</ItemType>
      <ItemName>עוגיות לוטוס 525 גרם</ItemName>
      <ManufacturerName>לוטוס ביקרי נ.וי.</ManufacturerName>
      <ManufactureCountry>בלגיה</ManufactureCountry>
      <ManufacturerItemDescription>עוגיות לוטוס 525 גרם</ManufacturerItemDescription>
      <UnitQty>גרמים</UnitQty>
      <Quantity>525.00</Quantity>
      <UnitOfMeasure>100 גרם</UnitOfMeasure>
      <bIsWeighted>0</bIsWeighted>
      <QtyInPackage>לא ידוע</QtyInPackage>
      <ItemPrice>26.90</ItemPrice>
      <UnitOfMeasurePrice>0.0512</UnitOfMeasurePrice>
      <AllowDiscount>1</AllowDiscount>
      <ItemStatus>1</ItemStatus>
      <ItemId>79897</ItemId>
    </Item>
    <Item>
      <PriceUpdateDate>2022-09-20 13:42:22</PriceUpdateDate>
      <ItemCode>9771565025005</ItemCode>
      <ItemType>1</ItemType>
      <ItemName>עיתון מעריב שישי</ItemName>
      <ManufacturerName>לא ידוע</ManufacturerName>
      <ManufactureCountry>לא ידוע</ManufactureCountry>
      <ManufacturerItemDescription>עיתון מעריב שישי</ManufacturerItemDescription>
      <UnitQty>יח'</UnitQty>
      <Quantity>1.00</Quantity>
      <UnitOfMeasure>יח'</UnitOfMeasure>
      <bIsWeighted>0</bIsWeighted>
      <QtyInPackage>לא ידוע</QtyInPackage>
      <ItemPrice>6.00</ItemPrice>
      <UnitOfMeasurePrice>6.0000</UnitOfMeasurePrice>
      <AllowDiscount>1</AllowDiscount>
      <ItemStatus>1</ItemStatus>
      <ItemId>60912</ItemId>
    </Item>
    <Item>
      <PriceUpdateDate>2023-06-20 13:06:10</PriceUpdateDate>
      <ItemCode>7290000400389</ItemCode>
      <ItemType>1</ItemType>
      <ItemName>שייטל להקפצה טרי</ItemName>
      <ManufacturerName>משתנה</ManufacturerName>
      <ManufactureCountry>ישראל</ManufactureCountry>
      <ManufacturerItemDescription>שייטל טרי</ManufacturerItemDescription>
      <UnitQty>קילוגרמים</UnitQty>
      <Quantity>1.00</Quantity>
      <UnitOfMeasure>ק"ג</UnitOfMeasure>
      <bIsWeighted>1</bIsWeighted>
      <QtyInPackage>לא ידוע</QtyInPackage>
      <ItemPrice>99.90</ItemPrice>
      <UnitOfMeasurePrice>99.9000</UnitOfMeasurePrice>
      <AllowDiscount>1</AllowDiscount>
      <ItemStatus>1</ItemStatus>
      <ItemId>74529</ItemId>
    </Item>
    <Item>
      <PriceUpdateDate>2022-09-20 12:45:47</PriceUpdateDate>
      <ItemCode>7290002128236</ItemCode>
      <ItemType>1</ItemType>
      <ItemName>נרות שבת מס 10 מנורה</ItemName>
      <ManufacturerName>מנורה שי נר בע"מ</ManufacturerName>
      <ManufactureCountry>ישראל</ManufactureCountry>
      <ManufacturerItemDescription>מנורה</ManufacturerItemDescription>
      <UnitQty>יח'</UnitQty>
      <Quantity>10.00</Quantity>
      <UnitOfMeasure>יח'</UnitOfMeasure>
      <bIsWeighted>0</bIsWeighted>
      <QtyInPackage>לא ידוע</QtyInPackage>
      <ItemPrice>3.90</ItemPrice>
      <UnitOfMeasurePrice>0.3900</UnitOfMeasurePrice>
      <AllowDiscount>1</AllowDiscount>
      <ItemStatus>1</ItemStatus>
      <ItemId>61024</ItemId>
    </Item>
    <Item>
      <PriceUpdateDate>2025-01-08 14:47:25</PriceUpdateDate>
      <ItemCode>7290004255602</ItemCode>
      <ItemType>1</ItemType>
      <ItemName>נרות חימום מנורה 8 ש</ItemName>
      <ManufacturerName>לא ידוע</ManufacturerName>
      <ManufactureCountry>לא ידוע</ManufactureCountry>
      <ManufacturerItemDescription>נרות חימום מנורה 8 ש</ManufacturerItemDescription>
      <UnitQty>יח'</UnitQty>
      <Quantity>50.00</Quantity>
      <UnitOfMeasure>יח'</UnitOfMeasure>
      <bIsWeighted>0</bIsWeighted>
      <QtyInPackage>לא ידוע</QtyInPackage>
      <ItemPrice>22.10</ItemPrice>
      <UnitOfMeasurePrice>0.4420</UnitOfMeasurePrice>
      <AllowDiscount>1</AllowDiscount>
      <ItemStatus>1</ItemStatus>
      <ItemId>61047</ItemId>
    </Item>
    <Item>
      <PriceUpdateDate>2025-11-03 15:39:42</PriceUpdateDate>
      <ItemCode>7296082000110</ItemCode>
      <ItemType>1</ItemType>
      <ItemName>ביצים סופר טרי L 30</ItemName>
      <ManufacturerName>לא ידוע</ManufacturerName>
      <ManufactureCountry>לא ידוע</ManufactureCountry>
      <ManufacturerItemDescription>ביצים סופר טרי L 30</ManufacturerItemDescription>
      <UnitQty>יח'</UnitQty>
      <Quantity>30.00</Quantity>
      <UnitOfMeasure>יח'</UnitOfMeasure>
      <bIsWeighted>0</bIsWeighted>
      <QtyInPackage>לא ידוע</QtyInPackage>
      <ItemPrice>35.60</ItemPrice>
      <UnitOfMeasurePrice>1.1867</UnitOfMeasurePrice>
      <AllowDiscount>1</AllowDiscount>
      <ItemStatus>1</ItemStatus>
      <ItemId>61141</ItemId>
    </Item>
    <Item>
      <PriceUpdateDate>2025-11-02 15:03:47</PriceUpdateDate>
      <ItemCode>7296082000141</ItemCode>
      <ItemType>1</ItemType>
      <ItemName>ביצים בינוני M12</ItemName>
      <ManufacturerName>לא ידוע</ManufacturerName>
      <ManufactureCountry>לא ידוע</ManufactureCountry>
      <ManufacturerItemDescription>ביצים בינוני M12</ManufacturerItemDescription>
      <UnitQty>יח'</UnitQty>
      <Quantity>12.00</Quantity>
      <UnitOfMeasure>יח'</UnitOfMeasure>
      <bIsWeighted>0</bIsWeighted>
      <QtyInPackage>לא ידוע</QtyInPackage>
      <ItemPrice>13.13</ItemPrice>
      <UnitOfMeasurePrice>1.0942</UnitOfMeasurePrice>
      <AllowDiscount>1</AllowDiscount>
      <ItemStatus>1</ItemStatus>
      <ItemId>61144</ItemId>
    </Item>
    <Item>
      <PriceUpdateDate>2025-11-04 18:42:59</PriceUpdateDate>
      <ItemCode>7296082000165</ItemCode>
      <ItemType>1</ItemType>
      <ItemName>ביצים אורגניות 12 יח</ItemName>
      <ManufacturerName>לא ידוע</ManufacturerName>
      <ManufactureCountry>לא ידוע</ManufactureCountry>
      <ManufacturerItemDescription>ביצים אורגניות 12 יח</ManufacturerItemDescription>
      <UnitQty>יח'</UnitQty>
      <Quantity>12.00</Quantity>
      <UnitOfMeasure>יח'</UnitOfMeasure>
      <bIsWeighted>0</bIsWeighted>
      <QtyInPackage>לא ידוע</QtyInPackage>
      <ItemPrice>25.90</ItemPrice>
      <UnitOfMeasurePrice>2.1583</UnitOfMeasurePrice>
      <AllowDiscount>1</AllowDiscount>
      <ItemStatus>1</ItemStatus>
      <ItemId>61145</ItemId>
    </Item>
    <Item>
      <PriceUpdateDate>2025-11-03 15:39:42</PriceUpdateDate>
      <ItemCode>7296082000202</ItemCode>
      <ItemType>1</ItemType>
      <ItemName>ביצים סופר טרי L18</ItemName>
      <ManufacturerName>לא ידוע</ManufacturerName>
      <ManufactureCountry>לא ידוע</ManufactureCountry>
      <ManufacturerItemDescription>ביצים סופר טרי L18</ManufacturerItemDescription>
      <UnitQty>יח'</UnitQty>
      <Quantity>18.00</Quantity>
      <UnitOfMeasure>יח'</UnitOfMeasure>
      <bIsWeighted>0</bIsWeighted>
      <QtyInPackage>לא ידוע</QtyInPackage>
      <ItemPrice>21.36</ItemPrice>
      <UnitOfMeasurePrice>1.1867</UnitOfMeasurePrice>
      <AllowDiscount>1</AllowDiscount>
      <ItemStatus>1</ItemStatus>
      <ItemId>61148</ItemId>
    </Item>
    <Item>
      <PriceUpdateDate>2025-08-10 15:02:55</PriceUpdateDate>
      <ItemCode>7290017616322</ItemCode>
      <ItemType>1</ItemType>
      <ItemName>אפונה יוחננוף 800 גר</ItemName>
      <ManufacturerName>לא ידוע</ManufacturerName>
      <ManufactureCountry>לא ידוע</ManufactureCountry>
      <ManufacturerItemDescription>אפונה יוחננוף 800 גר</ManufacturerItemDescription>
      <UnitQty>גרמים</UnitQty>
      <Quantity>800.00</Quantity>
      <UnitOfMeasure>100 גרם</UnitOfMeasure>
      <bIsWeighted>0</bIsWeighted>
      <QtyInPackage>לא ידוע</QtyInPackage>
      <ItemPrice>10.90</ItemPrice>
      <UnitOfMeasurePrice>0.0136</UnitOfMeasurePrice>
      <AllowDiscount>1</AllowDiscount>
      <ItemStatus>1</ItemStatus>
      <ItemId>61482</ItemId>
    </Item>
    <Item>
      <PriceUpdateDate>2024-02-15 13:03:47</PriceUpdateDate>
      <ItemCode>7290000215815</ItemCode>
      <ItemType>1</ItemType>
      <ItemName>תיק בד קטן יוחננוף</ItemName>
      <ManufacturerName>לא ידוע</ManufacturerName>
      <ManufactureCountry>לא ידוע</ManufactureCountry>
      <ManufacturerItemDescription>תיק בד קטן יוחננוף</ManufacturerItemDescription>
      <UnitQty>יח'</UnitQty>
      <Quantity>1.00</Quantity>
      <UnitOfMeasure>יח'</UnitOfMeasure>
      <bIsWeighted>0</bIsWeighted>
      <QtyInPackage>לא ידוע</QtyInPackage>
      <ItemPrice>1.90</ItemPrice>
      <UnitOfMeasurePrice>1.9000</UnitOfMeasurePrice>
      <AllowDiscount>1</AllowDiscount>
      <ItemStatus>1</ItemStatus>
      <ItemId>83941</ItemId>
    </Item>
    <Item>
      <PriceUpdateDate>2025-08-17 15:41:26</PriceUpdateDate>
      <ItemCode>7290018091531</ItemCode>
      <ItemType>1</ItemType>
      <ItemName>חטיפי פיצה גבינה</ItemName>
      <ManufacturerName>מעדנות</ManufacturerName>
      <ManufactureCountry>ישראל</ManufactureCountry>
      <ManufacturerItemDescription>מעדנות</ManufacturerItemDescription>
      <UnitQty>גרמים</UnitQty>
      <Quantity>650.00</Quantity>
      <UnitOfMeasure>100 גרם</UnitOfMeasure>
      <bIsWeighted>0</bIsWeighted>
      <QtyInPackage>לא ידוע</QtyInPackage>
      <ItemPrice>35.90</ItemPrice>
      <UnitOfMeasurePrice>0.0552</UnitOfMeasurePrice>
      <AllowDiscount>1</AllowDiscount>
      <ItemStatus>1</ItemStatus>
      <ItemId>92749</ItemId>
    </Item>
    <Item>
      <PriceUpdateDate>2025-11-02 15:00:06</PriceUpdateDate>
      <ItemCode>7290006265548</ItemCode>
      <ItemType>1</ItemType>
      <ItemName>נבטים  סיניים</ItemName>
      <ManufacturerName>סוכרזית בע"מ</ManufacturerName>
      <ManufactureCountry>ישראל</ManufactureCountry>
      <ManufacturerItemDescription>נבטים סיניים</ManufacturerItemDescription>
      <UnitQty>יח'</UnitQty>
      <Quantity>1.00</Quantity>
      <UnitOfMeasure>יח'</UnitOfMeasure>
      <bIsWeighted>0</bIsWeighted>
      <QtyInPackage>לא ידוע</QtyInPackage>
      <ItemPrice>6.90</ItemPrice>
      <UnitOfMeasurePrice>6.9000</UnitOfMeasurePrice>
      <AllowDiscount>1</AllowDiscount>
      <ItemStatus>1</ItemStatus>
      <ItemId>62775</ItemId>
    </Item>
    <Item>
      <PriceUpdateDate>2022-09-20 12:25:38</PriceUpdateDate>
      <ItemCode>7290006704542</ItemCode>
      <ItemType>1</ItemType>
      <ItemName>תרד עלים ניוזילנדי 2</ItemName>
      <ManufacturerName>סנפרוסט בע"מ</ManufacturerName>
      <ManufactureCountry>ישראל</ManufactureCountry>
      <ManufacturerItemDescription>תרד שטוף</ManufacturerItemDescription>
      <UnitQty>גרמים</UnitQty>
      <Quantity>200.00</Quantity>
      <UnitOfMeasure>100 גרם</UnitOfMeasure>
      <bIsWeighted>0</bIsWeighted>
      <QtyInPackage>לא ידוע</QtyInPackage>
      <ItemPrice>8.90</ItemPrice>
      <UnitOfMeasurePrice>0.0445</UnitOfMeasurePrice>
      <AllowDiscount>1</AllowDiscount>
      <ItemStatus>1</ItemStatus>
      <ItemId>62777</ItemId>
    </Item>
    <Item>
      <PriceUpdateDate>2024-01-24 07:45:19</PriceUpdateDate>
      <ItemCode>7290003779499</ItemCode>
      <ItemType>1</ItemType>
      <ItemName>גינגר יח'</ItemName>
      <ManufacturerName>נסטלה צרפת קפה</ManufacturerName>
      <ManufactureCountry>ישראל</ManufactureCountry>
      <ManufacturerItemDescription>גינגר טרי ארוז</ManufacturerItemDescription>
      <UnitQty>גרמים</UnitQty>
      <Quantity>200.00</Quantity>
      <UnitOfMeasure>100 גרם</UnitOfMeasure>
      <bIsWeighted>0</bIsWeighted>
      <QtyInPackage>לא ידוע</QtyInPackage>
      <ItemPrice>9.90</ItemPrice>
      <UnitOfMeasurePrice>0.0495</UnitOfMeasurePrice>
      <AllowDiscount>1</AllowDiscount>
      <ItemStatus>1</ItemStatus>
      <ItemId>62782</ItemId>
    </Item>
    <Item>
      <PriceUpdateDate>2022-09-20 12:51:54</PriceUpdateDate>
      <ItemCode>7290006449955</ItemCode>
      <ItemType>1</ItemType>
      <ItemName>מלפפון בייבי יח'</ItemName>
      <ManufacturerName>לא ידוע</ManufacturerName>
      <ManufactureCountry>לא ידוע</ManufactureCountry>
      <ManufacturerItemDescription>מלפפון בייבי יח'</ManufacturerItemDescription>
      <UnitQty>יח'</UnitQty>
      <Quantity>1.00</Quantity>
      <UnitOfMeasure>יח'</UnitOfMeasure>
      <bIsWeighted>0</bIsWeighted>
      <QtyInPackage>לא ידוע</QtyInPackage>
      <ItemPrice>8.90</ItemPrice>
      <UnitOfMeasurePrice>8.9000</UnitOfMeasurePrice>
      <AllowDiscount>1</AllowDiscount>
      <ItemStatus>1</ItemStatus>
      <ItemId>62783</ItemId>
    </Item>
    <Item>
      <PriceUpdateDate>2024-09-24 07:57:05</PriceUpdateDate>
      <ItemCode>7290006704511</ItemCode>
      <ItemType>1</ItemType>
      <ItemName>תפו"א למיקרו</ItemName>
      <ManufacturerName>לא ידוע</ManufacturerName>
      <ManufactureCountry>לא ידוע</ManufactureCountry>
      <ManufacturerItemDescription>תפו"א למיקרו</ManufacturerItemDescription>
      <UnitQty>יח'</UnitQty>
      <Quantity>1.00</Quantity>
      <UnitOfMeasure>יח'</UnitOfMeasure>
      <bIsWeighted>0</bIsWeighted>
      <QtyInPackage>לא ידוע</QtyInPackage>
      <ItemPrice>8.90</ItemPrice>
      <UnitOfMeasurePrice>8.9000</UnitOfMeasurePrice>
      <AllowDiscount>1</AllowDiscount>
      <ItemStatus>1</ItemStatus>
      <ItemId>62784</ItemId>
    </Item>
    <Item>
      <PriceUpdateDate>2024-09-24 07:57:05</PriceUpdateDate>
      <ItemCode>7290006704573</ItemCode>
      <ItemType>1</ItemType>
      <ItemName>בצל ירוק יח'</ItemName>
      <ManufacturerName>לא ידוע</ManufacturerName>
      <ManufactureCountry>לא ידוע</ManufactureCountry>
      <ManufacturerItemDescription>בצל ירוק יח'</ManufacturerItemDescription>
      <UnitQty>יח</UnitQty>
      <Quantity>1.00</Quantity>
      <UnitOfMeasure>יח</UnitOfMeasure>
      <bIsWeighted>0</bIsWeighted>
      <QtyInPackage>לא ידוע</QtyInPackage>
      <ItemPrice>5.90</ItemPrice>
      <UnitOfMeasurePrice>5.9000</UnitOfMeasurePrice>
      <AllowDiscount>1</AllowDiscount>
      <ItemStatus>1</ItemStatus>
      <ItemId>62785</ItemId>
    </Item>
    <Item>
      <PriceUpdateDate>2024-09-23 06:41:04</PriceUpdateDate>
      <ItemCode>7290006704740</ItemCode>
      <ItemType>1</ItemType>
      <ItemName>שורש פטרוזיליה יח'</ItemName>
      <ManufacturerName>לא ידוע</ManufacturerName>
      <ManufactureCountry>לא ידוע</ManufactureCountry>
      <ManufacturerItemDescription>שורש פטרוזיליה יח'</ManufacturerItemDescription>
      <UnitQty>יח</UnitQty>
      <Quantity>1.00</Quantity>
      <UnitOfMeasure>יח</UnitOfMeasure>
      <bIsWeighted>0</bIsWeighted>
      <QtyInPackage>לא ידוע</QtyInPackage>
      <ItemPrice>5.90</ItemPrice>
      <UnitOfMeasurePrice>5.9000</UnitOfMeasurePrice>
      <AllowDiscount>1</AllowDiscount>
      <ItemStatus>1</ItemStatus>
      <ItemId>62786</ItemId>
    </Item>
    <Item>
      <PriceUpdateDate>2024-09-24 07:57:05</PriceUpdateDate>
      <ItemCode>7290006704757</ItemCode>
      <ItemType>1</ItemType>
      <ItemName>סלרי ראש יח'</ItemName>
      <ManufacturerName>לא ידוע</ManufacturerName>
      <ManufactureCountry>לא ידוע</ManufactureCountry>
      <ManufacturerItemDescription>סלרי ראש יח'</ManufacturerItemDescription>
      <UnitQty>יח</UnitQty>
      <Quantity>1.00</Quantity>
      <UnitOfMeasure>יח</UnitOfMeasure>
      <bIsWeighted>0</bIsWeighted>
      <QtyInPackage>לא ידוע</QtyInPackage>
      <ItemPrice>5.90</ItemPrice>
      <UnitOfMeasurePrice>5.9000</UnitOfMeasurePrice>
      <AllowDiscount>1</AllowDiscount>
      <ItemStatus>1</ItemStatus>
      <ItemId>62787</ItemId>
    </Item>
    <Item>
      <PriceUpdateDate>2025-11-02 14:45:19</PriceUpdateDate>
      <ItemCode>7290006704801</ItemCode>
      <ItemType>1</ItemType>
      <ItemName>מנגולד-סלק עלים ארוז</ItemName>
      <ManufacturerName>לא ידוע</ManufacturerName>
      <ManufactureCountry>לא ידוע</ManufactureCountry>
      <ManufacturerItemDescription>מנגולד-סלק עלים ארוז</ManufacturerItemDescription>
      <UnitQty>יח</UnitQty>
      <Quantity>1.00</Quantity>
      <UnitOfMeasure>יח</UnitOfMeasure>
      <bIsWeighted>0</bIsWeighted>
      <QtyInPackage>לא ידוע</QtyInPackage>
      <ItemPrice>6.90</ItemPrice>
      <UnitOfMeasurePrice>6.9000</UnitOfMeasurePrice>
      <AllowDiscount>1</AllowDiscount>
      <ItemStatus>1</ItemStatus>
      <ItemId>62788</ItemId>
    </Item>
    <Item>
      <PriceUpdateDate>2024-09-23 06:41:04</PriceUpdateDate>
      <ItemCode>7290011148959</ItemCode>
      <ItemType>1</ItemType>
      <ItemName>פלפל טינקרבל יח'</ItemName>
      <ManufacturerName>קוליוס</ManufacturerName>
      <ManufactureCountry>ישראל</ManufactureCountry>
      <ManufacturerItemDescription>פלפל טינקרבל</ManufacturerItemDescription>
      <UnitQty>גרמים</UnitQty>
      <Quantity>200.00</Quantity>
      <UnitOfMeasure>100 גרם</UnitOfMeasure>
      <bIsWeighted>0</bIsWeighted>
      <QtyInPackage>לא ידוע</QtyInPackage>
      <ItemPrice>8.90</ItemPrice>
      <UnitOfMeasurePrice>0.0445</UnitOfMeasurePrice>
      <AllowDiscount>1</AllowDiscount>
      <ItemStatus>1</ItemStatus>
      <ItemId>62790</ItemId>
    </Item>
    <Item>
      <PriceUpdateDate>2024-09-16 20:36:11</PriceUpdateDate>
      <ItemCode>7290011312381</ItemCode>
      <ItemType>1</ItemType>
      <ItemName>פטריות סטייק פורטובל</ItemName>
      <ManufacturerName>לא ידוע</ManufacturerName>
      <ManufactureCountry>לא ידוע</ManufactureCountry>
      <ManufacturerItemDescription>פטריות סטייק פורטובל</ManufacturerItemDescription>
      <UnitQty>יח</UnitQty>
      <Quantity>1.00</Quantity>
      <UnitOfMeasure>יח</UnitOfMeasure>
      <bIsWeighted>0</bIsWeighted>
      <QtyInPackage>לא ידוע</QtyInPackage>
      <ItemPrice>14.90</ItemPrice>
      <UnitOfMeasurePrice>14.9000</UnitOfMeasurePrice>
      <AllowDiscount>1</AllowDiscount>
      <ItemStatus>1</ItemStatus>
      <ItemId>62791</ItemId>
    </Item>
    <Item>
      <PriceUpdateDate>2023-03-05 07:37:13</PriceUpdateDate>
      <ItemCode>7290011379926</ItemCode>
      <ItemType>1</ItemType>
      <ItemName>סלרי עלים יח'</ItemName>
      <ManufacturerName>לא ידוע</ManufacturerName>
      <ManufactureCountry>לא ידוע</ManufactureCountry>
      <ManufacturerItemDescription>סלרי עלים יח'</ManufacturerItemDescription>
      <UnitQty>יח</UnitQty>
      <Quantity>1.00</Quantity>
      <UnitOfMeasure>יח</UnitOfMeasure>
      <bIsWeighted>0</bIsWeighted>
      <QtyInPackage>לא ידוע</QtyInPackage>
      <ItemPrice>5.90</ItemPrice>
      <UnitOfMeasurePrice>5.9000</UnitOfMeasurePrice>
      <AllowDiscount>1</AllowDiscount>
      <ItemStatus>1</ItemStatus>
      <ItemId>62794</ItemId>
    </Item>
    <Item>
      <PriceUpdateDate>2022-09-20 12:57:34</PriceUpdateDate>
      <ItemCode>7290012724817</ItemCode>
      <ItemType>1</ItemType>
      <ItemName>נענע יח'</ItemName>
      <ManufacturerName>לא ידוע</ManufacturerName>
      <ManufactureCountry>לא ידוע</ManufactureCountry>
      <ManufacturerItemDescription>נענע יח'</ManufacturerItemDescription>
      <UnitQty>יח</UnitQty>
      <Quantity>1.00</Quantity>
      <UnitOfMeasure>יח</UnitOfMeasure>
      <bIsWeighted>0</bIsWeighted>
      <QtyInPackage>לא ידוע</QtyInPackage>
      <ItemPrice>3.90</ItemPrice>
      <UnitOfMeasurePrice>3.9000</UnitOfMeasurePrice>
      <AllowDiscount>1</AllowDiscount>
      <ItemStatus>1</ItemStatus>
      <ItemId>62795</ItemId>
    </Item>
    <Item>
      <PriceUpdateDate>2022-09-20 12:57:34</PriceUpdateDate>
      <ItemCode>7290012724824</ItemCode>
      <ItemType>1</ItemType>
      <ItemName>שמיר יח'</ItemName>
      <ManufacturerName>לא ידוע</ManufacturerName>
      <ManufactureCountry>לא ידוע</ManufactureCountry>
      <ManufacturerItemDescription>שמיר יח'</ManufacturerItemDescription>
      <UnitQty>יח</UnitQty>
      <Quantity>1.00</Quantity>
      <UnitOfMeasure>יח</UnitOfMeasure>
      <bIsWeighted>0</bIsWeighted>
      <QtyInPackage>לא ידוע</QtyInPackage>
      <ItemPrice>3.90</ItemPrice>
      <UnitOfMeasurePrice>3.9000</UnitOfMeasurePrice>
      <AllowDiscount>1</AllowDiscount>
      <ItemStatus>1</ItemStatus>
      <ItemId>62796</ItemId>
    </Item>
    <Item>
      <PriceUpdateDate>2024-09-23 06:41:04</PriceUpdateDate>
      <ItemCode>7290014079014</ItemCode>
      <ItemType>1</ItemType>
      <ItemName>לבבות  קיסר</ItemName>
      <ManufacturerName>תאי גרנלוקס</ManufacturerName>
      <ManufactureCountry>ישראל</ManufactureCountry>
      <ManufacturerItemDescription>לבבות קיסר</ManufacturerItemDescription>
      <UnitQty>יח'</UnitQty>
      <Quantity>1.00</Quantity>
      <UnitOfMeasure>יח'</UnitOfMeasure>
      <bIsWeighted>0</bIsWeighted>
      <QtyInPackage>לא ידוע</QtyInPackage>
      <ItemPrice>10.90</ItemPrice>
      <UnitOfMeasurePrice>10.9000</UnitOfMeasurePrice>
      <AllowDiscount>1</AllowDiscount>
      <ItemStatus>1</ItemStatus>
      <ItemId>62800</ItemId>
    </Item>
    <Item>
      <PriceUpdateDate>2022-09-20 13:00:03</PriceUpdateDate>
      <ItemCode>7290014079076</ItemCode>
      <ItemType>1</ItemType>
      <ItemName>אלפלפא</ItemName>
      <ManufacturerName>תאי פרידה אינדסטרי ב</ManufacturerName>
      <ManufactureCountry>ישראל</ManufactureCountry>
      <ManufacturerItemDescription>אלפלפא</ManufacturerItemDescription>
      <UnitQty>יח'</UnitQty>
      <Quantity>1.00</Quantity>
      <UnitOfMeasure>יח'</UnitOfMeasure>
      <bIsWeighted>0</bIsWeighted>
      <QtyInPackage>לא ידוע</QtyInPackage>
      <ItemPrice>5.90</ItemPrice>
      <UnitOfMeasurePrice>5.9000</UnitOfMeasurePrice>
      <AllowDiscount>1</AllowDiscount>
      <ItemStatus>1</ItemStatus>
      <ItemId>62801</ItemId>
    </Item>
    <Item>
      <PriceUpdateDate>2024-01-24 07:45:19</PriceUpdateDate>
      <ItemCode>7290014079328</ItemCode>
      <ItemType>1</ItemType>
      <ItemName>פרסה - לוף יח'</ItemName>
      <ManufacturerName>לא ידוע</ManufacturerName>
      <ManufactureCountry>לא ידוע</ManufactureCountry>
      <ManufacturerItemDescription>פרסה - לוף יח'</ManufacturerItemDescription>
      <UnitQty>יח</UnitQty>
      <Quantity>1.00</Quantity>
      <UnitOfMeasure>יח</UnitOfMeasure>
      <bIsWeighted>0</bIsWeighted>
      <QtyInPackage>לא ידוע</QtyInPackage>
      <ItemPrice>8.90</ItemPrice>
      <UnitOfMeasurePrice>8.9000</UnitOfMeasurePrice>
      <AllowDiscount>1</AllowDiscount>
      <ItemStatus>1</ItemStatus>
      <ItemId>62804</ItemId>
    </Item>
    <Item>
      <PriceUpdateDate>2025-11-03 15:31:27</PriceUpdateDate>
      <ItemCode>7290014092532</ItemCode>
      <ItemType>1</ItemType>
      <ItemName>דלעת ארוזה במשקל</ItemName>
      <ManufacturerName>לא ידוע</ManufacturerName>
      <ManufactureCountry>לא ידוע</ManufactureCountry>
      <ManufacturerItemDescription>דלעת ארוזה במשקל</ManufacturerItemDescription>
      <UnitQty>קילוגרמים</UnitQty>
      <Quantity>1.00</Quantity>
      <UnitOfMeasure>ק"ג</UnitOfMeasure>
      <bIsWeighted>1</bIsWeighted>
      <QtyInPackage>לא ידוע</QtyInPackage>
      <ItemPrice>12.90</ItemPrice>
      <UnitOfMeasurePrice>12.9000</UnitOfMeasurePrice>
      <AllowDiscount>1</AllowDiscount>
      <ItemStatus>1</ItemStatus>
      <ItemId>62809</ItemId>
    </Item>
    <Item>
      <PriceUpdateDate>2025-05-11 15:43:46</PriceUpdateDate>
      <ItemCode>7290016823004</ItemCode>
      <ItemType>1</ItemType>
      <ItemName>בזיליקום יח'</ItemName>
      <ManufacturerName>סורין בראן אויי בע"מ</ManufacturerName>
      <ManufactureCountry>ישראל</ManufactureCountry>
      <ManufacturerItemDescription>בזיליקום</ManufacturerItemDescription>
      <UnitQty>יח'</UnitQty>
      <Quantity>1.00</Quantity>
      <UnitOfMeasure>יח'</UnitOfMeasure>
      <bIsWeighted>0</bIsWeighted>
      <QtyInPackage>לא ידוע</QtyInPackage>
      <ItemPrice>4.90</ItemPrice>
      <UnitOfMeasurePrice>4.9000</UnitOfMeasurePrice>
      <AllowDiscount>1</AllowDiscount>
      <ItemStatus>1</ItemStatus>
      <ItemId>62815</ItemId>
    </Item>
    <Item>
      <PriceUpdateDate>2025-05-08 16:28:32</PriceUpdateDate>
      <ItemCode>7290016823028</ItemCode>
      <ItemType>1</ItemType>
      <ItemName>עירית יח'</ItemName>
      <ManufacturerName>לא ידוע</ManufacturerName>
      <ManufactureCountry>ישראל</ManufactureCountry>
      <ManufacturerItemDescription>בזיליקום</ManufacturerItemDescription>
      <UnitQty>יח'</UnitQty>
      <Quantity>1.00</Quantity>
      <UnitOfMeasure>יח'</UnitOfMeasure>
      <bIsWeighted>0</bIsWeighted>
      <QtyInPackage>לא ידוע</QtyInPackage>
      <ItemPrice>4.90</ItemPrice>
      <UnitOfMeasurePrice>4.9000</UnitOfMeasurePrice>
      <AllowDiscount>1</AllowDiscount>
      <ItemStatus>1</ItemStatus>
      <ItemId>62817</ItemId>
    </Item>
    <Item>
      <PriceUpdateDate>2025-05-11 15:43:46</PriceUpdateDate>
      <ItemCode>7290016823059</ItemCode>
      <ItemType>1</ItemType>
      <ItemName>טימין - קורנית יח</ItemName>
      <ManufacturerName>לא ידוע</ManufacturerName>
      <ManufactureCountry>לא ידוע</ManufactureCountry>
      <ManufacturerItemDescription>בזיליקום</ManufacturerItemDescription>
      <UnitQty>יחידה   </UnitQty>
      <Quantity>0.00</Quantity>
      <UnitOfMeasure>יחידה   </UnitOfMeasure>
      <bIsWeighted>0</bIsWeighted>
      <QtyInPackage>לא ידוע</QtyInPackage>
      <ItemPrice>4.90</ItemPrice>
      <UnitOfMeasurePrice>0.0000</UnitOfMeasurePrice>
      <AllowDiscount>1</AllowDiscount>
      <ItemStatus>1</ItemStatus>
      <ItemId>62819</ItemId>
    </Item>
    <Item>
      <PriceUpdateDate>2025-05-11 15:43:46</PriceUpdateDate>
      <ItemCode>7290016823066</ItemCode>
      <ItemType>1</ItemType>
      <ItemName>רוזמרין יח'</ItemName>
      <ManufacturerName>לא ידוע</ManufacturerName>
      <ManufactureCountry>ישראל</ManufactureCountry>
      <ManufacturerItemDescription>בזיליקום</ManufacturerItemDescription>
      <UnitQty>יח'</UnitQty>
      <Quantity>1.00</Quantity>
      <UnitOfMeasure>יח'</UnitOfMeasure>
      <bIsWeighted>0</bIsWeighted>
      <QtyInPackage>לא ידוע</QtyInPackage>
      <ItemPrice>4.90</ItemPrice>
      <UnitOfMeasurePrice>4.9000</UnitOfMeasurePrice>
      <AllowDiscount>1</AllowDiscount>
      <ItemStatus>1</ItemStatus>
      <ItemId>62820</ItemId>
    </Item>
    <Item>
      <PriceUpdateDate>2024-09-16 20:35:34</PriceUpdateDate>
      <ItemCode>7290016823257</ItemCode>
      <ItemType>1</ItemType>
      <ItemName>חסה סלנובה</ItemName>
      <ManufacturerName>לא ידוע</ManufacturerName>
      <ManufactureCountry>לא ידוע</ManufactureCountry>
      <ManufacturerItemDescription>חסה סלנובה</ManufacturerItemDescription>
      <UnitQty>יח'</UnitQty>
      <Quantity>1.00</Quantity>
      <UnitOfMeasure>יח'</UnitOfMeasure>
      <bIsWeighted>0</bIsWeighted>
      <QtyInPackage>לא ידוע</QtyInPackage>
      <ItemPrice>13.90</ItemPrice>
      <UnitOfMeasurePrice>13.9000</UnitOfMeasurePrice>
      <AllowDiscount>1</AllowDiscount>
      <ItemStatus>1</ItemStatus>
      <ItemId>62826</ItemId>
    </Item>
    <Item>
      <PriceUpdateDate>2024-09-23 06:41:04</PriceUpdateDate>
      <ItemCode>7290016823448</ItemCode>
      <ItemType>1</ItemType>
      <ItemName>ברוקולי יחידה</ItemName>
      <ManufacturerName>סקינג סטד</ManufacturerName>
      <ManufactureCountry>ישראל</ManufactureCountry>
      <ManufacturerItemDescription>ברוקולי</ManufacturerItemDescription>
      <UnitQty>גרמים</UnitQty>
      <Quantity>500.00</Quantity>
      <UnitOfMeasure>100 גרם</UnitOfMeasure>
      <bIsWeighted>0</bIsWeighted>
      <QtyInPackage>לא ידוע</QtyInPackage>
      <ItemPrice>8.90</ItemPrice>
      <UnitOfMeasurePrice>0.0178</UnitOfMeasurePrice>
      <AllowDiscount>1</AllowDiscount>
      <ItemStatus>1</ItemStatus>
      <ItemId>62828</ItemId>
    </Item>
    <Item>
      <PriceUpdateDate>2022-09-20 13:08:26</PriceUpdateDate>
      <ItemCode>7290018192023</ItemCode>
      <ItemType>1</ItemType>
      <ItemName>סלרי חתוך  יח'</ItemName>
      <ManufacturerName>לא ידוע</ManufacturerName>
      <ManufactureCountry>לא ידוע</ManufactureCountry>
      <ManufacturerItemDescription>סלרי חתוך  יח'</ManufacturerItemDescription>
      <UnitQty>יח'</UnitQty>
      <Quantity>1.00</Quantity>
      <UnitOfMeasure>יח'</UnitOfMeasure>
      <bIsWeighted>0</bIsWeighted>
      <QtyInPackage>לא ידוע</QtyInPackage>
      <ItemPrice>5.90</ItemPrice>
      <UnitOfMeasurePrice>5.9000</UnitOfMeasurePrice>
      <AllowDiscount>1</AllowDiscount>
      <ItemStatus>1</ItemStatus>
      <ItemId>62833</ItemId>
    </Item>
    <Item>
      <PriceUpdateDate>2024-09-16 20:35:34</PriceUpdateDate>
      <ItemCode>7290018795385</ItemCode>
      <ItemType>1</ItemType>
      <ItemName>חסה לאליק</ItemName>
      <ManufacturerName>סיסה ס.ר.ל</ManufacturerName>
      <ManufactureCountry>ישראל</ManufactureCountry>
      <ManufacturerItemDescription>חסה לליק</ManufacturerItemDescription>
      <UnitQty>יח'</UnitQty>
      <Quantity>1.00</Quantity>
      <UnitOfMeasure>יח'</UnitOfMeasure>
      <bIsWeighted>0</bIsWeighted>
      <QtyInPackage>לא ידוע</QtyInPackage>
      <ItemPrice>13.90</ItemPrice>
      <UnitOfMeasurePrice>13.9000</UnitOfMeasurePrice>
      <AllowDiscount>1</AllowDiscount>
      <ItemStatus>1</ItemStatus>
      <ItemId>62843</ItemId>
    </Item>
    <Item>
      <PriceUpdateDate>2024-05-16 20:40:11</PriceUpdateDate>
      <ItemCode>7290018795842</ItemCode>
      <ItemType>1</ItemType>
      <ItemName>שום קלוף 500 גרם</ItemName>
      <ManufacturerName>לא ידוע</ManufacturerName>
      <ManufactureCountry>לא ידוע</ManufactureCountry>
      <ManufacturerItemDescription>שום קלוף 500 גרם</ManufacturerItemDescription>
      <UnitQty>גרמים</UnitQty>
      <Quantity>500.00</Quantity>
      <UnitOfMeasure>100 גרם</UnitOfMeasure>
      <bIsWeighted>0</bIsWeighted>
      <QtyInPackage>לא ידוע</QtyInPackage>
      <ItemPrice>16.90</ItemPrice>
      <UnitOfMeasurePrice>0.0338</UnitOfMeasurePrice>
      <AllowDiscount>1</AllowDiscount>
      <ItemStatus>1</ItemStatus>
      <ItemId>62848</ItemId>
    </Item>
    <Item>
      <PriceUpdateDate>2025-01-06 18:38:44</PriceUpdateDate>
      <ItemCode>4009900420129</ItemCode>
      <ItemType>1</ItemType>
      <ItemName>מסטיק אורביט בטעם מנ</ItemName>
      <ManufacturerName>ריגלי</ManufacturerName>
      <ManufactureCountry>פולין</ManufactureCountry>
      <ManufacturerItemDescription>אורביט</ManufacturerItemDescription>
      <UnitQty>יח'</UnitQty>
      <Quantity>46.00</Quantity>
      <UnitOfMeasure>יח'</UnitOfMeasure>
      <bIsWeighted>0</bIsWeighted>
      <QtyInPackage>לא ידוע</QtyInPackage>
      <ItemPrice>12.00</ItemPrice>
      <UnitOfMeasurePrice>0.2609</UnitOfMeasurePrice>
      <AllowDiscount>1</AllowDiscount>
      <ItemStatus>1</ItemStatus>
      <ItemId>62907</ItemId>
    </Item>
    <Item>
      <PriceUpdateDate>2025-01-06 18:38:44</PriceUpdateDate>
      <ItemCode>4009900482417</ItemCode>
      <ItemType>1</ItemType>
      <ItemName>מסטיק אורביט בטעם פי</ItemName>
      <ManufacturerName>ריגלי</ManufacturerName>
      <ManufactureCountry>פולין</ManufactureCountry>
      <ManufacturerItemDescription>אורביט</ManufacturerItemDescription>
      <UnitQty>גרמים</UnitQty>
      <Quantity>14.00</Quantity>
      <UnitOfMeasure>100 גרם</UnitOfMeasure>
      <bIsWeighted>0</bIsWeighted>
      <QtyInPackage>לא ידוע</QtyInPackage>
      <ItemPrice>12.00</ItemPrice>
      <UnitOfMeasurePrice>0.8571</UnitOfMeasurePrice>
      <AllowDiscount>1</AllowDiscount>
      <ItemStatus>1</ItemStatus>
      <ItemId>62918</ItemId>
    </Item>
    <Item>
      <PriceUpdateDate>2025-05-16 12:11:10</PriceUpdateDate>
      <ItemCode>7290117034880</ItemCode>
      <ItemType>1</ItemType>
      <ItemName>תבשיל בשקית בטעם ירק</ItemName>
      <ManufacturerName>לא ידוע</ManufacturerName>
      <ManufactureCountry>ויטנאם</ManufactureCountry>
      <ManufacturerItemDescription>תבשיל בשקית בטעם ירק</ManufacturerItemDescription>
      <UnitQty>גרמים</UnitQty>
      <Quantity>60.00</Quantity>
      <UnitOfMeasure>100 גרם</UnitOfMeasure>
      <bIsWeighted>0</bIsWeighted>
      <QtyInPackage>לא ידוע</QtyInPackage>
      <ItemPrice>2.50</ItemPrice>
      <UnitOfMeasurePrice>0.0417</UnitOfMeasurePrice>
      <AllowDiscount>1</AllowDiscount>
      <ItemStatus>1</ItemStatus>
      <ItemId>112676</ItemId>
    </Item>
    <Item>
      <PriceUpdateDate>2025-05-16 12:11:10</PriceUpdateDate>
      <ItemCode>7290117034897</ItemCode>
      <ItemType>1</ItemType>
      <ItemName>תבשיל בשקית בטעם עוף</ItemName>
      <ManufacturerName>לא ידוע</ManufacturerName>
      <ManufactureCountry>ויטנאם</ManufactureCountry>
      <ManufacturerItemDescription>תבשיל בשקית בטעם עוף</ManufacturerItemDescription>
      <UnitQty>גרמים</UnitQty>
      <Quantity>60.00</Quantity>
      <UnitOfMeasure>100 גרם</UnitOfMeasure>
      <bIsWeighted>0</bIsWeighted>
      <QtyInPackage>לא ידוע</QtyInPackage>
      <ItemPrice>2.50</ItemPrice>
      <UnitOfMeasurePrice>0.0417</UnitOfMeasurePrice>
      <AllowDiscount>1</AllowDiscount>
      <ItemStatus>1</ItemStatus>
      <ItemId>112677</ItemId>
    </Item>
    <Item>
      <PriceUpdateDate>2025-11-24 15:12:30</PriceUpdateDate>
      <ItemCode>7290000000696</ItemCode>
      <ItemType>1</ItemType>
      <ItemName>מלון</ItemName>
      <ManufacturerName>משתנה</ManufacturerName>
      <ManufactureCountry>ישראל</ManufactureCountry>
      <ManufacturerItemDescription>מלון</ManufacturerItemDescription>
      <UnitQty>קילוגרמים</UnitQty>
      <Quantity>1.00</Quantity>
      <UnitOfMeasure>ק"ג</UnitOfMeasure>
      <bIsWeighted>1</bIsWeighted>
      <QtyInPackage>לא ידוע</QtyInPackage>
      <ItemPrice>9.90</ItemPrice>
      <UnitOfMeasurePrice>9.9000</UnitOfMeasurePrice>
      <AllowDiscount>1</AllowDiscount>
      <ItemStatus>1</ItemStatus>
      <ItemId>65007</ItemId>
    </Item>
    <Item>
      <PriceUpdateDate>2022-09-20 12:45:01</PriceUpdateDate>
      <ItemCode>7290001713082</ItemCode>
      <ItemType>1</ItemType>
      <ItemName>תרסיס מסיר שומנים קר</ItemName>
      <ManufacturerName>לא ידוע</ManufacturerName>
      <ManufactureCountry>ישראל</ManufactureCountry>
      <ManufacturerItemDescription>תרסיס מסיר שומנים קר</ManufacturerItemDescription>
      <UnitQty>ליטרים</UnitQty>
      <Quantity>1.00</Quantity>
      <UnitOfMeasure>ליטר    </UnitOfMeasure>
      <bIsWeighted>0</bIsWeighted>
      <QtyInPackage>לא ידוע</QtyInPackage>
      <ItemPrice>9.90</ItemPrice>
      <UnitOfMeasurePrice>9.9000</UnitOfMeasurePrice>
      <AllowDiscount>1</AllowDiscount>
      <ItemStatus>1</ItemStatus>
      <ItemId>65123</ItemId>
    </Item>
    <Item>
      <PriceUpdateDate>2025-07-06 13:54:15</PriceUpdateDate>
      <ItemCode>7290001713310</ItemCode>
      <ItemType>1</ItemType>
      <ItemName>קצף אקונומיקה בריח ל</ItemName>
      <ManufacturerName>לא ידוע</ManufacturerName>
      <ManufactureCountry>לא ידוע</ManufactureCountry>
      <ManufacturerItemDescription>קצף אקונומיקה בריח ל</ManufacturerItemDescription>
      <UnitQty>ליטרים</UnitQty>
      <Quantity>1.00</Quantity>
      <UnitOfMeasure>ליטר    </UnitOfMeasure>
      <bIsWeighted>0</bIsWeighted>
      <QtyInPackage>לא ידוע</QtyInPackage>
      <ItemPrice>9.90</ItemPrice>
      <UnitOfMeasurePrice>9.9000</UnitOfMeasurePrice>
      <AllowDiscount>1</AllowDiscount>
      <ItemStatus>1</ItemStatus>
      <ItemId>65125</ItemId>
    </Item>
    <Item>
      <PriceUpdateDate>2023-04-16 15:05:36</PriceUpdateDate>
      <ItemCode>7290001713440</ItemCode>
      <ItemType>1</ItemType>
      <ItemName>תרסיס לניקוי חלונות</ItemName>
      <ManufacturerName>קומפלקס בע"מ</ManufacturerName>
      <ManufactureCountry>ישראל</ManufactureCountry>
      <ManufacturerItemDescription>תרסיס לניקוי חלונות</ManufacturerItemDescription>
      <UnitQty>ליטרים</UnitQty>
      <Quantity>1.00</Quantity>
      <UnitOfMeasure>ליטר    </UnitOfMeasure>
      <bIsWeighted>0</bIsWeighted>
      <QtyInPackage>לא ידוע</QtyInPackage>
      <ItemPrice>5.90</ItemPrice>
      <UnitOfMeasurePrice>5.9000</UnitOfMeasurePrice>
      <AllowDiscount>1</AllowDiscount>
      <ItemStatus>1</ItemStatus>
      <ItemId>65126</ItemId>
    </Item>
    <Item>
      <PriceUpdateDate>2022-09-20 12:46:19</PriceUpdateDate>
      <ItemCode>7290002349914</ItemCode>
      <ItemType>1</ItemType>
      <ItemName>מטליות מיקרופייבר יו</ItemName>
      <ManufacturerName>לא ידוע</ManufacturerName>
      <ManufactureCountry>ישראל</ManufactureCountry>
      <ManufacturerItemDescription>מטליות מיקרופייבר יו</ManufacturerItemDescription>
      <UnitQty>יח'</UnitQty>
      <Quantity>5.00</Quantity>
      <UnitOfMeasure>יח'</UnitOfMeasure>
      <bIsWeighted>0</bIsWeighted>
      <QtyInPackage>לא ידוע</QtyInPackage>
      <ItemPrice>5.90</ItemPrice>
      <UnitOfMeasurePrice>1.1800</UnitOfMeasurePrice>
      <AllowDiscount>1</AllowDiscount>
      <ItemStatus>1</ItemStatus>
      <ItemId>65128</ItemId>
    </Item>
    <Item>
      <PriceUpdateDate>2022-09-20 12:46:19</PriceUpdateDate>
      <ItemCode>7290002349921</ItemCode>
      <ItemType>1</ItemType>
      <ItemName>מטליות מיקרופייבר לר</ItemName>
      <ManufacturerName>לא ידוע</ManufacturerName>
      <ManufactureCountry>ישראל</ManufactureCountry>
      <ManufacturerItemDescription>מטליות מיקרופייבר לר</ManufacturerItemDescription>
      <UnitQty>יח'</UnitQty>
      <Quantity>2.00</Quantity>
      <UnitOfMeasure>יח'</UnitOfMeasure>
      <bIsWeighted>0</bIsWeighted>
      <QtyInPackage>לא ידוע</QtyInPackage>
      <ItemPrice>12.90</ItemPrice>
      <UnitOfMeasurePrice>6.4500</UnitOfMeasurePrice>
      <AllowDiscount>1</AllowDiscount>
      <ItemStatus>1</ItemStatus>
      <ItemId>65129</ItemId>
    </Item>
    <Item>
      <PriceUpdateDate>2022-09-20 12:46:19</PriceUpdateDate>
      <ItemCode>7290002349945</ItemCode>
      <ItemType>1</ItemType>
      <ItemName>כריות יפניות יוחננוף</ItemName>
      <ManufacturerName>לא ידוע</ManufacturerName>
      <ManufactureCountry>ישראל</ManufactureCountry>
      <ManufacturerItemDescription>כריות יפניות יוחננוף</ManufacturerItemDescription>
      <UnitQty>יח'</UnitQty>
      <Quantity>12.00</Quantity>
      <UnitOfMeasure>יח'</UnitOfMeasure>
      <bIsWeighted>0</bIsWeighted>
      <QtyInPackage>לא ידוע</QtyInPackage>
      <ItemPrice>11.90</ItemPrice>
      <UnitOfMeasurePrice>0.9917</UnitOfMeasurePrice>
      <AllowDiscount>1</AllowDiscount>
      <ItemStatus>1</ItemStatus>
      <ItemId>65131</ItemId>
    </Item>
    <Item>
      <PriceUpdateDate>2022-09-20 12:46:20</PriceUpdateDate>
      <ItemCode>7290002349952</ItemCode>
      <ItemType>1</ItemType>
      <ItemName>כריות יפניות חזקות ב</ItemName>
      <ManufacturerName>לא ידוע</ManufacturerName>
      <ManufactureCountry>ישראל</ManufactureCountry>
      <ManufacturerItemDescription>כריות יפניות חזקות ב</ManufacturerItemDescription>
      <UnitQty>יח'</UnitQty>
      <Quantity>6.00</Quantity>
      <UnitOfMeasure>יח'</UnitOfMeasure>
      <bIsWeighted>0</bIsWeighted>
      <QtyInPackage>לא ידוע</QtyInPackage>
      <ItemPrice>8.90</ItemPrice>
      <UnitOfMeasurePrice>1.4833</UnitOfMeasurePrice>
      <AllowDiscount>1</AllowDiscount>
      <ItemStatus>1</ItemStatus>
      <ItemId>65132</ItemId>
    </Item>
    <Item>
      <PriceUpdateDate>2022-09-20 12:46:20</PriceUpdateDate>
      <ItemCode>7290002349983</ItemCode>
      <ItemType>1</ItemType>
      <ItemName>מטליות רצפה מיקרופיי</ItemName>
      <ManufacturerName>לא ידוע</ManufacturerName>
      <ManufactureCountry>ישראל</ManufactureCountry>
      <ManufacturerItemDescription>מטליות רצפה מיקרופיי</ManufacturerItemDescription>
      <UnitQty>יח'</UnitQty>
      <Quantity>3.00</Quantity>
      <UnitOfMeasure>יח'</UnitOfMeasure>
      <bIsWeighted>0</bIsWeighted>
      <QtyInPackage>לא ידוע</QtyInPackage>
      <ItemPrice>12.90</ItemPrice>
      <UnitOfMeasurePrice>4.3000</UnitOfMeasurePrice>
      <AllowDiscount>1</AllowDiscount>
      <ItemStatus>1</ItemStatus>
      <ItemId>65134</ItemId>
    </Item>
    <Item>
      <PriceUpdateDate>2022-09-20 13:08:33</PriceUpdateDate>
      <ItemCode>7290018282397</ItemCode>
      <ItemType>1</ItemType>
      <ItemName>אל סבון משאבה יוחננו</ItemName>
      <ManufacturerName>לא ידוע</ManufacturerName>
      <ManufactureCountry>לא ידוע</ManufactureCountry>
      <ManufacturerItemDescription>אל סבון משאבה יוחננו</ManufacturerItemDescription>
      <UnitQty>ליטרים</UnitQty>
      <Quantity>1.00</Quantity>
      <UnitOfMeasure>ליטר    </UnitOfMeasure>
      <bIsWeighted>0</bIsWeighted>
      <QtyInPackage>לא ידוע</QtyInPackage>
      <ItemPrice>8.90</ItemPrice>
      <UnitOfMeasurePrice>8.9000</UnitOfMeasurePrice>
      <AllowDiscount>1</AllowDiscount>
      <ItemStatus>1</ItemStatus>
      <ItemId>65137</ItemId>
    </Item>
    <Item>
      <PriceUpdateDate>2022-09-20 13:08:33</PriceUpdateDate>
      <ItemCode>7290018282595</ItemCode>
      <ItemType>1</ItemType>
      <ItemName>אל סבון משאבה יוחננו</ItemName>
      <ManufacturerName>לא ידוע</ManufacturerName>
      <ManufactureCountry>לא ידוע</ManufactureCountry>
      <ManufacturerItemDescription>אל סבון משאבה יוחננו</ManufacturerItemDescription>
      <UnitQty>ליטרים</UnitQty>
      <Quantity>1.00</Quantity>
      <UnitOfMeasure>ליטר    </UnitOfMeasure>
      <bIsWeighted>0</bIsWeighted>
      <QtyInPackage>לא ידוע</QtyInPackage>
      <ItemPrice>8.90</ItemPrice>
      <UnitOfMeasurePrice>8.9000</UnitOfMeasurePrice>
      <AllowDiscount>1</AllowDiscount>
      <ItemStatus>1</ItemStatus>
      <ItemId>65138</ItemId>
    </Item>
    <Item>
      <PriceUpdateDate>2022-09-20 13:08:33</PriceUpdateDate>
      <ItemCode>7290018282793</ItemCode>
      <ItemType>1</ItemType>
      <ItemName>מטליות לניקוי רצפה י</ItemName>
      <ManufacturerName>לא ידוע</ManufacturerName>
      <ManufactureCountry>לא ידוע</ManufactureCountry>
      <ManufacturerItemDescription>מטליות לניקוי רצפה י</ManufacturerItemDescription>
      <UnitQty>יח'</UnitQty>
      <Quantity>10.00</Quantity>
      <UnitOfMeasure>יח'</UnitOfMeasure>
      <bIsWeighted>0</bIsWeighted>
      <QtyInPackage>לא ידוע</QtyInPackage>
      <ItemPrice>7.90</ItemPrice>
      <UnitOfMeasurePrice>0.7900</UnitOfMeasurePrice>
      <AllowDiscount>1</AllowDiscount>
      <ItemStatus>1</ItemStatus>
      <ItemId>65139</ItemId>
    </Item>
    <Item>
      <PriceUpdateDate>2025-05-06 13:36:07</PriceUpdateDate>
      <ItemCode>7290018687567</ItemCode>
      <ItemType>1</ItemType>
      <ItemName>נוזל רצפה 2 ליטר יוח</ItemName>
      <ManufacturerName>לא ידוע</ManufacturerName>
      <ManufactureCountry>לא ידוע</ManufactureCountry>
      <ManufacturerItemDescription>נוזל רצפה 2 ליטר יוח</ManufacturerItemDescription>
      <UnitQty>ליטרים</UnitQty>
      <Quantity>2.00</Quantity>
      <UnitOfMeasure>ליטר    </UnitOfMeasure>
      <bIsWeighted>0</bIsWeighted>
      <QtyInPackage>לא ידוע</QtyInPackage>
      <ItemPrice>11.90</ItemPrice>
      <UnitOfMeasurePrice>5.9500</UnitOfMeasurePrice>
      <AllowDiscount>1</AllowDiscount>
      <ItemStatus>1</ItemStatus>
      <ItemId>65141</ItemId>
    </Item>
    <Item>
      <PriceUpdateDate>2025-05-06 13:36:07</PriceUpdateDate>
      <ItemCode>7290018687574</ItemCode>
      <ItemType>1</ItemType>
      <ItemName>נוזל רצפה 2 ליטר יוח</ItemName>
      <ManufacturerName>לא ידוע</ManufacturerName>
      <ManufactureCountry>לא ידוע</ManufactureCountry>
      <ManufacturerItemDescription>נוזל רצפה 2 ליטר יוח</ManufacturerItemDescription>
      <UnitQty>ליטרים</UnitQty>
      <Quantity>2.00</Quantity>
      <UnitOfMeasure>ליטר    </UnitOfMeasure>
      <bIsWeighted>0</bIsWeighted>
      <QtyInPackage>לא ידוע</QtyInPackage>
      <ItemPrice>11.90</ItemPrice>
      <UnitOfMeasurePrice>5.9500</UnitOfMeasurePrice>
      <AllowDiscount>1</AllowDiscount>
      <ItemStatus>1</ItemStatus>
      <ItemId>65142</ItemId>
    </Item>
    <Item>
      <PriceUpdateDate>2022-09-20 13:09:18</PriceUpdateDate>
      <ItemCode>7290018687611</ItemCode>
      <ItemType>1</ItemType>
      <ItemName>מרכך כביסה מרוכז יוח</ItemName>
      <ManufacturerName>לא ידוע</ManufacturerName>
      <ManufactureCountry>לא ידוע</ManufactureCountry>
      <ManufacturerItemDescription>מרכך כביסה מרוכז יוח</ManufacturerItemDescription>
      <UnitQty>ליטרים</UnitQty>
      <Quantity>1.00</Quantity>
      <UnitOfMeasure>ליטר    </UnitOfMeasure>
      <bIsWeighted>0</bIsWeighted>
      <QtyInPackage>לא ידוע</QtyInPackage>
      <ItemPrice>8.90</ItemPrice>
      <UnitOfMeasurePrice>8.9000</UnitOfMeasurePrice>
      <AllowDiscount>1</AllowDiscount>
      <ItemStatus>1</ItemStatus>
      <ItemId>65146</ItemId>
    </Item>
    <Item>
      <PriceUpdateDate>2022-09-20 13:09:18</PriceUpdateDate>
      <ItemCode>7290018687628</ItemCode>
      <ItemType>1</ItemType>
      <ItemName>מרכך כביסה מרוכז יוח</ItemName>
      <ManufacturerName>לא ידוע</ManufacturerName>
      <ManufactureCountry>לא ידוע</ManufactureCountry>
      <ManufacturerItemDescription>מרכך כביסה מרוכז יוח</ManufacturerItemDescription>
      <UnitQty>ליטרים</UnitQty>
      <Quantity>1.00</Quantity>
      <UnitOfMeasure>ליטר    </UnitOfMeasure>
      <bIsWeighted>0</bIsWeighted>
      <QtyInPackage>לא ידוע</QtyInPackage>
      <ItemPrice>8.90</ItemPrice>
      <UnitOfMeasurePrice>8.9000</UnitOfMeasurePrice>
      <AllowDiscount>1</AllowDiscount>
      <ItemStatus>1</ItemStatus>
      <ItemId>65147</ItemId>
    </Item>
    <Item>
      <PriceUpdateDate>2022-09-20 13:09:18</PriceUpdateDate>
      <ItemCode>7290018687635</ItemCode>
      <ItemType>1</ItemType>
      <ItemName>מרכך כביסה מרוכז יוח</ItemName>
      <ManufacturerName>לא ידוע</ManufacturerName>
      <ManufactureCountry>לא ידוע</ManufactureCountry>
      <ManufacturerItemDescription>מרכך כביסה מרוכז יוח</ManufacturerItemDescription>
      <UnitQty>ליטרים</UnitQty>
      <Quantity>1.00</Quantity>
      <UnitOfMeasure>ליטר    </UnitOfMeasure>
      <bIsWeighted>0</bIsWeighted>
      <QtyInPackage>לא ידוע</QtyInPackage>
      <ItemPrice>8.90</ItemPrice>
      <UnitOfMeasurePrice>8.9000</UnitOfMeasurePrice>
      <AllowDiscount>1</AllowDiscount>
      <ItemStatus>1</ItemStatus>
      <ItemId>65148</ItemId>
    </Item>
    <Item>
      <PriceUpdateDate>2025-06-03 14:06:22</PriceUpdateDate>
      <ItemCode>7290018687895</ItemCode>
      <ItemType>1</ItemType>
      <ItemName>קפסולות ג'ל מרוכזות</ItemName>
      <ManufacturerName>לא ידוע</ManufacturerName>
      <ManufactureCountry>לא ידוע</ManufactureCountry>
      <ManufacturerItemDescription>קפסולות ג'ל מרוכזות</ManufacturerItemDescription>
      <UnitQty>יח'</UnitQty>
      <Quantity>36.00</Quantity>
      <UnitOfMeasure>יח'</UnitOfMeasure>
      <bIsWeighted>0</bIsWeighted>
      <QtyInPackage>לא ידוע</QtyInPackage>
      <ItemPrice>25.90</ItemPrice>
      <UnitOfMeasurePrice>0.7194</UnitOfMeasurePrice>
      <AllowDiscount>1</AllowDiscount>
      <ItemStatus>1</ItemStatus>
      <ItemId>65151</ItemId>
    </Item>
    <Item>
      <PriceUpdateDate>2022-09-20 13:09:18</PriceUpdateDate>
      <ItemCode>7290018687918</ItemCode>
      <ItemType>1</ItemType>
      <ItemName>נוזל כלים יוחננוף לי</ItemName>
      <ManufacturerName>לא ידוע</ManufacturerName>
      <ManufactureCountry>לא ידוע</ManufactureCountry>
      <ManufacturerItemDescription>נוזל כלים יוחננוף לי</ManufacturerItemDescription>
      <UnitQty>מיליליטרים</UnitQty>
      <Quantity>750.00</Quantity>
      <UnitOfMeasure>100 מ"ל</UnitOfMeasure>
      <bIsWeighted>0</bIsWeighted>
      <QtyInPackage>לא ידוע</QtyInPackage>
      <ItemPrice>6.90</ItemPrice>
      <UnitOfMeasurePrice>0.0092</UnitOfMeasurePrice>
      <AllowDiscount>1</AllowDiscount>
      <ItemStatus>1</ItemStatus>
      <ItemId>65152</ItemId>
    </Item>
    <Item>
      <PriceUpdateDate>2022-09-20 13:09:19</PriceUpdateDate>
      <ItemCode>7290018687925</ItemCode>
      <ItemType>1</ItemType>
      <ItemName>נוזל כלים יוחננוף תפ</ItemName>
      <ManufacturerName>לא ידוע</ManufacturerName>
      <ManufactureCountry>לא ידוע</ManufactureCountry>
      <ManufacturerItemDescription>נוזל כלים יוחננוף תפ</ManufacturerItemDescription>
      <UnitQty>מיליליטרים</UnitQty>
      <Quantity>750.00</Quantity>
      <UnitOfMeasure>100 מ"ל</UnitOfMeasure>
      <bIsWeighted>0</bIsWeighted>
      <QtyInPackage>לא ידוע</QtyInPackage>
      <ItemPrice>6.90</ItemPrice>
      <UnitOfMeasurePrice>0.0092</UnitOfMeasurePrice>
      <AllowDiscount>1</AllowDiscount>
      <ItemStatus>1</ItemStatus>
      <ItemId>65153</ItemId>
    </Item>
    <Item>
      <PriceUpdateDate>2025-01-23 14:41:02</PriceUpdateDate>
      <ItemCode>7290019644330</ItemCode>
      <ItemType>1</ItemType>
      <ItemName>מרשמלו ורוד לבן בד"ץ</ItemName>
      <ManufacturerName>Carmit</ManufacturerName>
      <ManufactureCountry>ישראל</ManufactureCountry>
      <ManufacturerItemDescription>כרמית</ManufacturerItemDescription>
      <UnitQty>גרמים</UnitQty>
      <Quantity>150.00</Quantity>
      <UnitOfMeasure>100 גרם</UnitOfMeasure>
      <bIsWeighted>0</bIsWeighted>
      <QtyInPackage>לא ידוע</QtyInPackage>
      <ItemPrice>6.50</ItemPrice>
      <UnitOfMeasurePrice>0.0433</UnitOfMeasurePrice>
      <AllowDiscount>1</AllowDiscount>
      <ItemStatus>1</ItemStatus>
      <ItemId>78727</ItemId>
    </Item>
    <Item>
      <PriceUpdateDate>2022-09-20 13:09:19</PriceUpdateDate>
      <ItemCode>7290018687932</ItemCode>
      <ItemType>1</ItemType>
      <ItemName>נוזל כלים יוחננוף לב</ItemName>
      <ManufacturerName>לא ידוע</ManufacturerName>
      <ManufactureCountry>לא ידוע</ManufactureCountry>
      <ManufacturerItemDescription>נוזל כלים יוחננוף לב</ManufacturerItemDescription>
      <UnitQty>מיליליטרים</UnitQty>
      <Quantity>750.00</Quantity>
      <UnitOfMeasure>100 מ"ל</UnitOfMeasure>
      <bIsWeighted>0</bIsWeighted>
      <QtyInPackage>לא ידוע</QtyInPackage>
      <ItemPrice>6.90</ItemPrice>
      <UnitOfMeasurePrice>0.0092</UnitOfMeasurePrice>
      <AllowDiscount>1</AllowDiscount>
      <ItemStatus>1</ItemStatus>
      <ItemId>65154</ItemId>
    </Item>
    <Item>
      <PriceUpdateDate>2025-06-03 14:06:36</PriceUpdateDate>
      <ItemCode>7290018687987</ItemCode>
      <ItemType>1</ItemType>
      <ItemName>קפסולות ג'ל מרוכזות</ItemName>
      <ManufacturerName>לא ידוע</ManufacturerName>
      <ManufactureCountry>לא ידוע</ManufactureCountry>
      <ManufacturerItemDescription>קפסולות ג'ל מרוכזות</ManufacturerItemDescription>
      <UnitQty>יח'</UnitQty>
      <Quantity>36.00</Quantity>
      <UnitOfMeasure>יח'</UnitOfMeasure>
      <bIsWeighted>0</bIsWeighted>
      <QtyInPackage>לא ידוע</QtyInPackage>
      <ItemPrice>25.90</ItemPrice>
      <UnitOfMeasurePrice>0.7194</UnitOfMeasurePrice>
      <AllowDiscount>1</AllowDiscount>
      <ItemStatus>1</ItemStatus>
      <ItemId>65158</ItemId>
    </Item>
    <Item>
      <PriceUpdateDate>2023-07-02 12:26:55</PriceUpdateDate>
      <ItemCode>7290019105077</ItemCode>
      <ItemType>1</ItemType>
      <ItemName>מארז מטליות לחות יוח</ItemName>
      <ManufacturerName>טרופיקל</ManufacturerName>
      <ManufactureCountry>לא ידוע</ManufactureCountry>
      <ManufacturerItemDescription>מארז מטליות לחות יוח</ManufacturerItemDescription>
      <UnitQty>יח'</UnitQty>
      <Quantity>3.00</Quantity>
      <UnitOfMeasure>יח'</UnitOfMeasure>
      <bIsWeighted>0</bIsWeighted>
      <QtyInPackage>לא ידוע</QtyInPackage>
      <ItemPrice>14.90</ItemPrice>
      <UnitOfMeasurePrice>4.9667</UnitOfMeasurePrice>
      <AllowDiscount>1</AllowDiscount>
      <ItemStatus>1</ItemStatus>
      <ItemId>65161</ItemId>
    </Item>
    <Item>
      <PriceUpdateDate>2022-09-20 13:09:52</PriceUpdateDate>
      <ItemCode>7290019105824</ItemCode>
      <ItemType>1</ItemType>
      <ItemName>מטליות לניקוי רצפה י</ItemName>
      <ManufacturerName>לא ידוע</ManufacturerName>
      <ManufactureCountry>לא ידוע</ManufactureCountry>
      <ManufacturerItemDescription>מטליות לניקוי רצפה י</ManufacturerItemDescription>
      <UnitQty>יח'</UnitQty>
      <Quantity>10.00</Quantity>
      <UnitOfMeasure>יח'</UnitOfMeasure>
      <bIsWeighted>0</bIsWeighted>
      <QtyInPackage>לא ידוע</QtyInPackage>
      <ItemPrice>7.90</ItemPrice>
      <UnitOfMeasurePrice>0.7900</UnitOfMeasurePrice>
      <AllowDiscount>1</AllowDiscount>
      <ItemStatus>1</ItemStatus>
      <ItemId>65167</ItemId>
    </Item>
    <Item>
      <PriceUpdateDate>2024-07-22 17:47:31</PriceUpdateDate>
      <ItemCode>7290019105879</ItemCode>
      <ItemType>1</ItemType>
      <ItemName>אל סבון יוחננוף מרענ</ItemName>
      <ManufacturerName>טרופיקל</ManufacturerName>
      <ManufactureCountry>AX</ManufactureCountry>
      <ManufacturerItemDescription>אל סבון יוחננוף מרענ</ManufacturerItemDescription>
      <UnitQty>יחידה   </UnitQty>
      <Quantity>0.00</Quantity>
      <UnitOfMeasure>יחידה   </UnitOfMeasure>
      <bIsWeighted>0</bIsWeighted>
      <QtyInPackage>לא ידוע</QtyInPackage>
      <ItemPrice>11.90</ItemPrice>
      <UnitOfMeasurePrice>0.0000</UnitOfMeasurePrice>
      <AllowDiscount>1</AllowDiscount>
      <ItemStatus>1</ItemStatus>
      <ItemId>65169</ItemId>
    </Item>
    <Item>
      <PriceUpdateDate>2025-05-06 13:36:07</PriceUpdateDate>
      <ItemCode>7290019229001</ItemCode>
      <ItemType>1</ItemType>
      <ItemName>נוזל רצפה יוחננוף בנ</ItemName>
      <ManufacturerName>גליל כימיכלים בע"מ</ManufacturerName>
      <ManufactureCountry>ישראל</ManufactureCountry>
      <ManufacturerItemDescription>נוזל רצפה יוחננוף בנ</ManufacturerItemDescription>
      <UnitQty>ליטרים</UnitQty>
      <Quantity>2.00</Quantity>
      <UnitOfMeasure>ליטר    </UnitOfMeasure>
      <bIsWeighted>0</bIsWeighted>
      <QtyInPackage>לא ידוע</QtyInPackage>
      <ItemPrice>11.90</ItemPrice>
      <UnitOfMeasurePrice>5.9500</UnitOfMeasurePrice>
      <AllowDiscount>1</AllowDiscount>
      <ItemStatus>1</ItemStatus>
      <ItemId>65170</ItemId>
    </Item>
    <Item>
      <PriceUpdateDate>2022-09-20 13:09:55</PriceUpdateDate>
      <ItemCode>7290019229025</ItemCode>
      <ItemType>1</ItemType>
      <ItemName>נוזל לניקוי פרקט יוח</ItemName>
      <ManufacturerName>גליל כימיכלים בע"מ</ManufacturerName>
      <ManufactureCountry>ישראל</ManufactureCountry>
      <ManufacturerItemDescription>נוזל לניקוי פרקט יוח</ManufacturerItemDescription>
      <UnitQty>ליטרים</UnitQty>
      <Quantity>2.00</Quantity>
      <UnitOfMeasure>ליטר    </UnitOfMeasure>
      <bIsWeighted>0</bIsWeighted>
      <QtyInPackage>לא ידוע</QtyInPackage>
      <ItemPrice>12.90</ItemPrice>
      <UnitOfMeasurePrice>6.4500</UnitOfMeasurePrice>
      <AllowDiscount>1</AllowDiscount>
      <ItemStatus>1</ItemStatus>
      <ItemId>65171</ItemId>
    </Item>
    <Item>
      <PriceUpdateDate>2022-09-20 13:09:56</PriceUpdateDate>
      <ItemCode>7290019229049</ItemCode>
      <ItemType>1</ItemType>
      <ItemName>ג'ל כביסה לתינוק יוח</ItemName>
      <ManufacturerName>גליל כימיכלים בע"מ</ManufacturerName>
      <ManufactureCountry>ישראל</ManufactureCountry>
      <ManufacturerItemDescription>ג'ל כביסה לתינוק יוח</ManufacturerItemDescription>
      <UnitQty>ליטרים</UnitQty>
      <Quantity>3.00</Quantity>
      <UnitOfMeasure>ליטר    </UnitOfMeasure>
      <bIsWeighted>0</bIsWeighted>
      <QtyInPackage>לא ידוע</QtyInPackage>
      <ItemPrice>22.90</ItemPrice>
      <UnitOfMeasurePrice>7.6333</UnitOfMeasurePrice>
      <AllowDiscount>1</AllowDiscount>
      <ItemStatus>1</ItemStatus>
      <ItemId>65173</ItemId>
    </Item>
    <Item>
      <PriceUpdateDate>2022-09-20 13:09:56</PriceUpdateDate>
      <ItemCode>7290019229353</ItemCode>
      <ItemType>1</ItemType>
      <ItemName>מרכך כביסה מרוכז לתי</ItemName>
      <ManufacturerName>גליל כימיכלים בע"מ</ManufacturerName>
      <ManufactureCountry>ישראל</ManufactureCountry>
      <ManufacturerItemDescription>מרכך כביסה מרוכז לתי</ManufacturerItemDescription>
      <UnitQty>ליטרים</UnitQty>
      <Quantity>1.00</Quantity>
      <UnitOfMeasure>ליטר    </UnitOfMeasure>
      <bIsWeighted>0</bIsWeighted>
      <QtyInPackage>לא ידוע</QtyInPackage>
      <ItemPrice>8.90</ItemPrice>
      <UnitOfMeasurePrice>8.9000</UnitOfMeasurePrice>
      <AllowDiscount>1</AllowDiscount>
      <ItemStatus>1</ItemStatus>
      <ItemId>65176</ItemId>
    </Item>
    <Item>
      <PriceUpdateDate>2022-09-20 13:09:56</PriceUpdateDate>
      <ItemCode>7290019229407</ItemCode>
      <ItemType>1</ItemType>
      <ItemName>מטליות לחות יוחננוף</ItemName>
      <ManufacturerName>גליל כימיכלים בע"מ</ManufacturerName>
      <ManufactureCountry>ישראל</ManufactureCountry>
      <ManufacturerItemDescription>מטליות לחות יוחננוף</ManufacturerItemDescription>
      <UnitQty>יח'</UnitQty>
      <Quantity>400.00</Quantity>
      <UnitOfMeasure>יח'</UnitOfMeasure>
      <bIsWeighted>0</bIsWeighted>
      <QtyInPackage>לא ידוע</QtyInPackage>
      <ItemPrice>17.90</ItemPrice>
      <UnitOfMeasurePrice>0.0447</UnitOfMeasurePrice>
      <AllowDiscount>1</AllowDiscount>
      <ItemStatus>1</ItemStatus>
      <ItemId>65179</ItemId>
    </Item>
    <Item>
      <PriceUpdateDate>2024-01-28 13:39:17</PriceUpdateDate>
      <ItemCode>7290117035009</ItemCode>
      <ItemType>1</ItemType>
      <ItemName>גרעיני תירס לפופקורן</ItemName>
      <ManufacturerName>איי אס טי פופקורן</ManufacturerName>
      <ManufactureCountry>בולגריה</ManufactureCountry>
      <ManufacturerItemDescription>גרעיני תירס לפופקורן</ManufacturerItemDescription>
      <UnitQty>גרמים</UnitQty>
      <Quantity>500.00</Quantity>
      <UnitOfMeasure>100 גרם</UnitOfMeasure>
      <bIsWeighted>0</bIsWeighted>
      <QtyInPackage>לא ידוע</QtyInPackage>
      <ItemPrice>13.90</ItemPrice>
      <UnitOfMeasurePrice>0.0278</UnitOfMeasurePrice>
      <AllowDiscount>1</AllowDiscount>
      <ItemStatus>1</ItemStatus>
      <ItemId>65181</ItemId>
    </Item>
    <Item>
      <PriceUpdateDate>2024-01-28 13:39:17</PriceUpdateDate>
      <ItemCode>7290117035016</ItemCode>
      <ItemType>1</ItemType>
      <ItemName>גרעיני תירס לפופקורן</ItemName>
      <ManufacturerName>איי אס טי פופקורן</ManufacturerName>
      <ManufactureCountry>בולגריה</ManufactureCountry>
      <ManufacturerItemDescription>גרעיני תירס לפופקורן</ManufacturerItemDescription>
      <UnitQty>גרמים</UnitQty>
      <Quantity>500.00</Quantity>
      <UnitOfMeasure>100 גרם</UnitOfMeasure>
      <bIsWeighted>0</bIsWeighted>
      <QtyInPackage>לא ידוע</QtyInPackage>
      <ItemPrice>13.90</ItemPrice>
      <UnitOfMeasurePrice>0.0278</UnitOfMeasurePrice>
      <AllowDiscount>1</AllowDiscount>
      <ItemStatus>1</ItemStatus>
      <ItemId>65182</ItemId>
    </Item>
    <Item>
      <PriceUpdateDate>2025-01-01 21:30:16</PriceUpdateDate>
      <ItemCode>7290014471429</ItemCode>
      <ItemType>1</ItemType>
      <ItemName>מיזלי פירות 850 גר ש</ItemName>
      <ManufacturerName>דין שיווק וקלייה בע"</ManufacturerName>
      <ManufactureCountry>ישראל</ManufactureCountry>
      <ManufacturerItemDescription>שקדיה</ManufacturerItemDescription>
      <UnitQty>גרמים</UnitQty>
      <Quantity>850.00</Quantity>
      <UnitOfMeasure>100 גרם</UnitOfMeasure>
      <bIsWeighted>0</bIsWeighted>
      <QtyInPackage>לא ידוע</QtyInPackage>
      <ItemPrice>22.10</ItemPrice>
      <UnitOfMeasurePrice>0.0260</UnitOfMeasurePrice>
      <AllowDiscount>1</AllowDiscount>
      <ItemStatus>1</ItemStatus>
      <ItemId>65370</ItemId>
    </Item>
    <Item>
      <PriceUpdateDate>2025-03-27 13:40:18</PriceUpdateDate>
      <ItemCode>7290104570131</ItemCode>
      <ItemType>1</ItemType>
      <ItemName>תמר מגהול 1 ק"ג</ItemName>
      <ManufacturerName>אושן ספריי</ManufacturerName>
      <ManufactureCountry>לא ידוע</ManufactureCountry>
      <ManufacturerItemDescription>תמר מגהול 1 ק"ג</ManufacturerItemDescription>
      <UnitQty>יחידה   </UnitQty>
      <Quantity>0.00</Quantity>
      <UnitOfMeasure>יחידה   </UnitOfMeasure>
      <bIsWeighted>0</bIsWeighted>
      <QtyInPackage>לא ידוע</QtyInPackage>
      <ItemPrice>18.90</ItemPrice>
      <UnitOfMeasurePrice>0.0000</UnitOfMeasurePrice>
      <AllowDiscount>1</AllowDiscount>
      <ItemStatus>1</ItemStatus>
      <ItemId>65468</ItemId>
    </Item>
    <Item>
      <PriceUpdateDate>2025-11-30 18:58:49</PriceUpdateDate>
      <ItemCode>7290018091708</ItemCode>
      <ItemType>1</ItemType>
      <ItemName>מאמאמיה פיצה מרגריטה</ItemName>
      <ManufacturerName>מעדנות</ManufacturerName>
      <ManufactureCountry>ישראל</ManufactureCountry>
      <ManufacturerItemDescription>מאמאמיה פיצה מרגריטה</ManufacturerItemDescription>
      <UnitQty>גרמים</UnitQty>
      <Quantity>470.00</Quantity>
      <UnitOfMeasure>100 גרם</UnitOfMeasure>
      <bIsWeighted>0</bIsWeighted>
      <QtyInPackage>לא ידוע</QtyInPackage>
      <ItemPrice>27.90</ItemPrice>
      <UnitOfMeasurePrice>0.0594</UnitOfMeasurePrice>
      <AllowDiscount>1</AllowDiscount>
      <ItemStatus>1</ItemStatus>
      <ItemId>72877</ItemId>
    </Item>
    <Item>
      <PriceUpdateDate>2024-12-10 11:07:44</PriceUpdateDate>
      <ItemCode>7290114657563</ItemCode>
      <ItemType>1</ItemType>
      <ItemName>נרות יום הולדת צבעי</ItemName>
      <ManufacturerName>לא ידוע</ManufacturerName>
      <ManufactureCountry>לא ידוע</ManufactureCountry>
      <ManufacturerItemDescription>נרות יום הולדת צבעי</ManufacturerItemDescription>
      <UnitQty>יח'</UnitQty>
      <Quantity>1.00</Quantity>
      <UnitOfMeasure>יח'</UnitOfMeasure>
      <bIsWeighted>0</bIsWeighted>
      <QtyInPackage>לא ידוע</QtyInPackage>
      <ItemPrice>6.90</ItemPrice>
      <UnitOfMeasurePrice>6.9000</UnitOfMeasurePrice>
      <AllowDiscount>1</AllowDiscount>
      <ItemStatus>1</ItemStatus>
      <ItemId>67796</ItemId>
    </Item>
    <Item>
      <PriceUpdateDate>2025-12-01 14:55:46</PriceUpdateDate>
      <ItemCode>7290000000613</ItemCode>
      <ItemType>1</ItemType>
      <ItemName>רימון</ItemName>
      <ManufacturerName>לא ידוע</ManufacturerName>
      <ManufactureCountry>ישראל</ManufactureCountry>
      <ManufacturerItemDescription>רימון</ManufacturerItemDescription>
      <UnitQty>קילוגרמים</UnitQty>
      <Quantity>1.00</Quantity>
      <UnitOfMeasure>ק"ג</UnitOfMeasure>
      <bIsWeighted>1</bIsWeighted>
      <QtyInPackage>לא ידוע</QtyInPackage>
      <ItemPrice>13.90</ItemPrice>
      <UnitOfMeasurePrice>13.9000</UnitOfMeasurePrice>
      <AllowDiscount>1</AllowDiscount>
      <ItemStatus>1</ItemStatus>
      <ItemId>69090</ItemId>
    </Item>
    <Item>
      <PriceUpdateDate>2024-09-23 06:41:05</PriceUpdateDate>
      <ItemCode>7290018795927</ItemCode>
      <ItemType>1</ItemType>
      <ItemName>צנונית ארוזה</ItemName>
      <ManufacturerName>לא ידוע</ManufacturerName>
      <ManufactureCountry>לא ידוע</ManufactureCountry>
      <ManufacturerItemDescription>צנונית ארוזה</ManufacturerItemDescription>
      <UnitQty>גרמים</UnitQty>
      <Quantity>500.00</Quantity>
      <UnitOfMeasure>100 גרם</UnitOfMeasure>
      <bIsWeighted>0</bIsWeighted>
      <QtyInPackage>לא ידוע</QtyInPackage>
      <ItemPrice>4.90</ItemPrice>
      <UnitOfMeasurePrice>0.0098</UnitOfMeasurePrice>
      <AllowDiscount>1</AllowDiscount>
      <ItemStatus>1</ItemStatus>
      <ItemId>69389</ItemId>
    </Item>
    <Item>
      <PriceUpdateDate>2025-12-08 18:08:57</PriceUpdateDate>
      <ItemCode>7290000000648</ItemCode>
      <ItemType>1</ItemType>
      <ItemName>פלפל כתום</ItemName>
      <ManufacturerName>משתנה</ManufacturerName>
      <ManufactureCountry>ישראל</ManufactureCountry>
      <ManufacturerItemDescription>פלפל כתום</ManufacturerItemDescription>
      <UnitQty>קילוגרמים</UnitQty>
      <Quantity>1.00</Quantity>
      <UnitOfMeasure>ק"ג</UnitOfMeasure>
      <bIsWeighted>1</bIsWeighted>
      <QtyInPackage>לא ידוע</QtyInPackage>
      <ItemPrice>9.90</ItemPrice>
      <UnitOfMeasurePrice>9.9000</UnitOfMeasurePrice>
      <AllowDiscount>1</AllowDiscount>
      <ItemStatus>1</ItemStatus>
      <ItemId>69423</ItemId>
    </Item>
    <Item>
      <PriceUpdateDate>2025-11-10 18:46:47</PriceUpdateDate>
      <ItemCode>7290000000744</ItemCode>
      <ItemType>1</ItemType>
      <ItemName>פומלה</ItemName>
      <ManufacturerName>לא ידוע</ManufacturerName>
      <ManufactureCountry>ישראל</ManufactureCountry>
      <ManufacturerItemDescription>פומלה</ManufacturerItemDescription>
      <UnitQty>קילוגרמים</UnitQty>
      <Quantity>1.00</Quantity>
      <UnitOfMeasure>ק"ג</UnitOfMeasure>
      <bIsWeighted>1</bIsWeighted>
      <QtyInPackage>לא ידוע</QtyInPackage>
      <ItemPrice>7.90</ItemPrice>
      <UnitOfMeasurePrice>7.9000</UnitOfMeasurePrice>
      <AllowDiscount>1</AllowDiscount>
      <ItemStatus>1</ItemStatus>
      <ItemId>69425</ItemId>
    </Item>
    <Item>
      <PriceUpdateDate>2025-10-20 14:54:57</PriceUpdateDate>
      <ItemCode>7290000000754</ItemCode>
      <ItemType>1</ItemType>
      <ItemName>קלמנטינה</ItemName>
      <ManufacturerName>משתנה</ManufacturerName>
      <ManufactureCountry>ישראל</ManufactureCountry>
      <ManufacturerItemDescription>קלמנטינה</ManufacturerItemDescription>
      <UnitQty>קילוגרמים</UnitQty>
      <Quantity>1.00</Quantity>
      <UnitOfMeasure>ק"ג</UnitOfMeasure>
      <bIsWeighted>1</bIsWeighted>
      <QtyInPackage>לא ידוע</QtyInPackage>
      <ItemPrice>7.90</ItemPrice>
      <UnitOfMeasurePrice>7.9000</UnitOfMeasurePrice>
      <AllowDiscount>1</AllowDiscount>
      <ItemStatus>1</ItemStatus>
      <ItemId>69427</ItemId>
    </Item>
    <Item>
      <PriceUpdateDate>2025-10-19 15:29:11</PriceUpdateDate>
      <ItemCode>7290000000757</ItemCode>
      <ItemType>1</ItemType>
      <ItemName>קיווי</ItemName>
      <ManufacturerName>משתנה</ManufacturerName>
      <ManufactureCountry>ישראל</ManufactureCountry>
      <ManufacturerItemDescription>קיווי</ManufacturerItemDescription>
      <UnitQty>קילוגרמים</UnitQty>
      <Quantity>1.00</Quantity>
      <UnitOfMeasure>ק"ג</UnitOfMeasure>
      <bIsWeighted>1</bIsWeighted>
      <QtyInPackage>לא ידוע</QtyInPackage>
      <ItemPrice>14.90</ItemPrice>
      <UnitOfMeasurePrice>14.9000</UnitOfMeasurePrice>
      <AllowDiscount>1</AllowDiscount>
      <ItemStatus>1</ItemStatus>
      <ItemId>69428</ItemId>
    </Item>
    <Item>
      <PriceUpdateDate>2023-05-17 10:44:35</PriceUpdateDate>
      <ItemCode>7290011474478</ItemCode>
      <ItemType>1</ItemType>
      <ItemName>צייה אורגני 300 גר ת</ItemName>
      <ManufacturerName>לא ידוע</ManufacturerName>
      <ManufactureCountry>לא ידוע</ManufactureCountry>
      <ManufacturerItemDescription>צייה אורגני 300 גר ת</ManufacturerItemDescription>
      <UnitQty>גרמים</UnitQty>
      <Quantity>300.00</Quantity>
      <UnitOfMeasure>100 גרם</UnitOfMeasure>
      <bIsWeighted>0</bIsWeighted>
      <QtyInPackage>לא ידוע</QtyInPackage>
      <ItemPrice>19.90</ItemPrice>
      <UnitOfMeasurePrice>0.0663</UnitOfMeasurePrice>
      <AllowDiscount>1</AllowDiscount>
      <ItemStatus>1</ItemStatus>
      <ItemId>70551</ItemId>
    </Item>
    <Item>
      <PriceUpdateDate>2022-11-23 09:09:44</PriceUpdateDate>
      <ItemCode>7290016995718</ItemCode>
      <ItemType>1</ItemType>
      <ItemName>מחית אגס ותפוח אורגנ</ItemName>
      <ManufacturerName>לא ידוע</ManufacturerName>
      <ManufactureCountry>איטליה</ManufactureCountry>
      <ManufacturerItemDescription>מחית אגס ותפוח אורגנ</ManufacturerItemDescription>
      <UnitQty>גרמים</UnitQty>
      <Quantity>100.00</Quantity>
      <UnitOfMeasure>100 גרם</UnitOfMeasure>
      <bIsWeighted>0</bIsWeighted>
      <QtyInPackage>לא ידוע</QtyInPackage>
      <ItemPrice>5.50</ItemPrice>
      <UnitOfMeasurePrice>0.0550</UnitOfMeasurePrice>
      <AllowDiscount>1</AllowDiscount>
      <ItemStatus>1</ItemStatus>
      <ItemId>70829</ItemId>
    </Item>
    <Item>
      <PriceUpdateDate>2025-06-01 12:58:13</PriceUpdateDate>
      <ItemCode>7290121290364</ItemCode>
      <ItemType>1</ItemType>
      <ItemName>וינסטון קוד בודד</ItemName>
      <ManufacturerName>לא ידוע</ManufacturerName>
      <ManufactureCountry>כללי</ManufactureCountry>
      <ManufacturerItemDescription>וינסטון קוד</ManufacturerItemDescription>
      <UnitQty>יח'</UnitQty>
      <Quantity>1.00</Quantity>
      <UnitOfMeasure>יח'</UnitOfMeasure>
      <bIsWeighted>0</bIsWeighted>
      <QtyInPackage>לא ידוע</QtyInPackage>
      <ItemPrice>39.00</ItemPrice>
      <UnitOfMeasurePrice>39.0000</UnitOfMeasurePrice>
      <AllowDiscount>1</AllowDiscount>
      <ItemStatus>1</ItemStatus>
      <ItemId>96387</ItemId>
    </Item>
    <Item>
      <PriceUpdateDate>2022-11-23 09:09:42</PriceUpdateDate>
      <ItemCode>7290002814795</ItemCode>
      <ItemType>1</ItemType>
      <ItemName>כדוריות סבון אסלה לי</ItemName>
      <ManufacturerName>לא ידוע</ManufacturerName>
      <ManufactureCountry>תורכיה</ManufactureCountry>
      <ManufacturerItemDescription>כדוריות סבון אסלה לי</ManufacturerItemDescription>
      <UnitQty>יח'</UnitQty>
      <Quantity>3.00</Quantity>
      <UnitOfMeasure>יח'</UnitOfMeasure>
      <bIsWeighted>0</bIsWeighted>
      <QtyInPackage>לא ידוע</QtyInPackage>
      <ItemPrice>9.90</ItemPrice>
      <UnitOfMeasurePrice>3.3000</UnitOfMeasurePrice>
      <AllowDiscount>1</AllowDiscount>
      <ItemStatus>1</ItemStatus>
      <ItemId>70126</ItemId>
    </Item>
    <Item>
      <PriceUpdateDate>2025-10-16 18:40:42</PriceUpdateDate>
      <ItemCode>7290000000764</ItemCode>
      <ItemType>1</ItemType>
      <ItemName>אשכולית  אדומה</ItemName>
      <ManufacturerName>משתנה</ManufacturerName>
      <ManufactureCountry>ישראל</ManufactureCountry>
      <ManufacturerItemDescription>אשכולית אדומה</ManufacturerItemDescription>
      <UnitQty>קילוגרמים</UnitQty>
      <Quantity>1.00</Quantity>
      <UnitOfMeasure>ק"ג</UnitOfMeasure>
      <bIsWeighted>1</bIsWeighted>
      <QtyInPackage>לא ידוע</QtyInPackage>
      <ItemPrice>5.90</ItemPrice>
      <UnitOfMeasurePrice>5.9000</UnitOfMeasurePrice>
      <AllowDiscount>1</AllowDiscount>
      <ItemStatus>1</ItemStatus>
      <ItemId>69873</ItemId>
    </Item>
    <Item>
      <PriceUpdateDate>2025-11-16 16:31:48</PriceUpdateDate>
      <ItemCode>7290018338957</ItemCode>
      <ItemType>1</ItemType>
      <ItemName>מחית תפוח אוכמניות ר</ItemName>
      <ManufacturerName>לא ידוע</ManufacturerName>
      <ManufactureCountry>איטליה</ManufactureCountry>
      <ManufacturerItemDescription>מחית תפוח אוכמניות ר</ManufacturerItemDescription>
      <UnitQty>גרמים</UnitQty>
      <Quantity>100.00</Quantity>
      <UnitOfMeasure>100 גרם</UnitOfMeasure>
      <bIsWeighted>0</bIsWeighted>
      <QtyInPackage>לא ידוע</QtyInPackage>
      <ItemPrice>5.50</ItemPrice>
      <UnitOfMeasurePrice>0.0550</UnitOfMeasurePrice>
      <AllowDiscount>1</AllowDiscount>
      <ItemStatus>1</ItemStatus>
      <ItemId>70977</ItemId>
    </Item>
    <Item>
      <PriceUpdateDate>2025-01-05 18:12:50</PriceUpdateDate>
      <ItemCode>8697530910743</ItemCode>
      <ItemType>1</ItemType>
      <ItemName>פאל מאל כחול קצר בוד</ItemName>
      <ManufacturerName>BAT</ManufacturerName>
      <ManufactureCountry>תורכיה</ManufactureCountry>
      <ManufacturerItemDescription>פאל מאל</ManufacturerItemDescription>
      <UnitQty>יח'</UnitQty>
      <Quantity>1.00</Quantity>
      <UnitOfMeasure>יח'</UnitOfMeasure>
      <bIsWeighted>0</bIsWeighted>
      <QtyInPackage>לא ידוע</QtyInPackage>
      <ItemPrice>38.00</ItemPrice>
      <UnitOfMeasurePrice>38.0000</UnitOfMeasurePrice>
      <AllowDiscount>1</AllowDiscount>
      <ItemStatus>1</ItemStatus>
      <ItemId>71331</ItemId>
    </Item>
    <Item>
      <PriceUpdateDate>2025-01-05 18:12:49</PriceUpdateDate>
      <ItemCode>7290115190076</ItemCode>
      <ItemType>1</ItemType>
      <ItemName>מרלבורו גולד 100 (אר</ItemName>
      <ManufacturerName>לא ידוע</ManufacturerName>
      <ManufactureCountry>לא ידוע</ManufactureCountry>
      <ManufacturerItemDescription>מרלבורו גולד 100 (אר</ManufacturerItemDescription>
      <UnitQty>יחידה   </UnitQty>
      <Quantity>0.00</Quantity>
      <UnitOfMeasure>יחידה   </UnitOfMeasure>
      <bIsWeighted>0</bIsWeighted>
      <QtyInPackage>לא ידוע</QtyInPackage>
      <ItemPrice>44.50</ItemPrice>
      <UnitOfMeasurePrice>0.0000</UnitOfMeasurePrice>
      <AllowDiscount>1</AllowDiscount>
      <ItemStatus>1</ItemStatus>
      <ItemId>71351</ItemId>
    </Item>
    <Item>
      <PriceUpdateDate>2025-01-05 18:12:49</PriceUpdateDate>
      <ItemCode>7290115190137</ItemCode>
      <ItemType>1</ItemType>
      <ItemName>מרלבורו פיין טאץ' בו</ItemName>
      <ManufacturerName>לא ידוע</ManufacturerName>
      <ManufactureCountry>לא ידוע</ManufactureCountry>
      <ManufacturerItemDescription>מרלבורו פיין טאץ' בו</ManufacturerItemDescription>
      <UnitQty>יחידה   </UnitQty>
      <Quantity>0.00</Quantity>
      <UnitOfMeasure>יחידה   </UnitOfMeasure>
      <bIsWeighted>0</bIsWeighted>
      <QtyInPackage>לא ידוע</QtyInPackage>
      <ItemPrice>40.00</ItemPrice>
      <UnitOfMeasurePrice>0.0000</UnitOfMeasurePrice>
      <AllowDiscount>1</AllowDiscount>
      <ItemStatus>1</ItemStatus>
      <ItemId>71354</ItemId>
    </Item>
    <Item>
      <PriceUpdateDate>2025-01-05 18:12:49</PriceUpdateDate>
      <ItemCode>7290115190151</ItemCode>
      <ItemType>1</ItemType>
      <ItemName>מרלבורו טאץ' בודד</ItemName>
      <ManufacturerName>לא ידוע</ManufacturerName>
      <ManufactureCountry>לא ידוע</ManufactureCountry>
      <ManufacturerItemDescription>מרלבורו טאץ' בודד</ManufacturerItemDescription>
      <UnitQty>יחידה   </UnitQty>
      <Quantity>0.00</Quantity>
      <UnitOfMeasure>יחידה   </UnitOfMeasure>
      <bIsWeighted>0</bIsWeighted>
      <QtyInPackage>לא ידוע</QtyInPackage>
      <ItemPrice>40.00</ItemPrice>
      <UnitOfMeasurePrice>0.0000</UnitOfMeasurePrice>
      <AllowDiscount>1</AllowDiscount>
      <ItemStatus>1</ItemStatus>
      <ItemId>71355</ItemId>
    </Item>
    <Item>
      <PriceUpdateDate>2025-01-05 18:12:49</PriceUpdateDate>
      <ItemCode>7290115190199</ItemCode>
      <ItemType>1</ItemType>
      <ItemName>פרלמנט נייט 100 (ארו</ItemName>
      <ManufacturerName>לא ידוע</ManufacturerName>
      <ManufactureCountry>לא ידוע</ManufactureCountry>
      <ManufacturerItemDescription>פרלמנט נייט 100 (ארו</ManufacturerItemDescription>
      <UnitQty>יחידה   </UnitQty>
      <Quantity>0.00</Quantity>
      <UnitOfMeasure>יחידה   </UnitOfMeasure>
      <bIsWeighted>0</bIsWeighted>
      <QtyInPackage>לא ידוע</QtyInPackage>
      <ItemPrice>48.00</ItemPrice>
      <UnitOfMeasurePrice>0.0000</UnitOfMeasurePrice>
      <AllowDiscount>1</AllowDiscount>
      <ItemStatus>1</ItemStatus>
      <ItemId>71357</ItemId>
    </Item>
    <Item>
      <PriceUpdateDate>2025-01-05 18:12:49</PriceUpdateDate>
      <ItemCode>7290115190359</ItemCode>
      <ItemType>1</ItemType>
      <ItemName>ל.מ בלו קצר (כחול לי</ItemName>
      <ManufacturerName>לא ידוע</ManufacturerName>
      <ManufactureCountry>לא ידוע</ManufactureCountry>
      <ManufacturerItemDescription>ל.מ בלו קצר (כחול לי</ManufacturerItemDescription>
      <UnitQty>יח</UnitQty>
      <Quantity>1.00</Quantity>
      <UnitOfMeasure>יח</UnitOfMeasure>
      <bIsWeighted>0</bIsWeighted>
      <QtyInPackage>לא ידוע</QtyInPackage>
      <ItemPrice>40.00</ItemPrice>
      <UnitOfMeasurePrice>40.0000</UnitOfMeasurePrice>
      <AllowDiscount>1</AllowDiscount>
      <ItemStatus>1</ItemStatus>
      <ItemId>71363</ItemId>
    </Item>
    <Item>
      <PriceUpdateDate>2025-01-05 18:12:50</PriceUpdateDate>
      <ItemCode>7290115190373</ItemCode>
      <ItemType>1</ItemType>
      <ItemName>ל.מ. קפסולה פורוודר</ItemName>
      <ManufacturerName>לא ידוע</ManufacturerName>
      <ManufactureCountry>לא ידוע</ManufactureCountry>
      <ManufacturerItemDescription>ל.מ. קפסולה פורוודר</ManufacturerItemDescription>
      <UnitQty>יחידה   </UnitQty>
      <Quantity>0.00</Quantity>
      <UnitOfMeasure>יחידה   </UnitOfMeasure>
      <bIsWeighted>0</bIsWeighted>
      <QtyInPackage>לא ידוע</QtyInPackage>
      <ItemPrice>40.00</ItemPrice>
      <UnitOfMeasurePrice>0.0000</UnitOfMeasurePrice>
      <AllowDiscount>1</AllowDiscount>
      <ItemStatus>1</ItemStatus>
      <ItemId>71364</ItemId>
    </Item>
    <Item>
      <PriceUpdateDate>2025-01-05 18:12:50</PriceUpdateDate>
      <ItemCode>7290115190397</ItemCode>
      <ItemType>1</ItemType>
      <ItemName>ל.מ רד (אדום קצר) בו</ItemName>
      <ManufacturerName>לא ידוע</ManufacturerName>
      <ManufactureCountry>לא ידוע</ManufactureCountry>
      <ManufacturerItemDescription>ל.מ רד (אדום קצר) בו</ManufacturerItemDescription>
      <UnitQty>יחידה   </UnitQty>
      <Quantity>0.00</Quantity>
      <UnitOfMeasure>יחידה   </UnitOfMeasure>
      <bIsWeighted>0</bIsWeighted>
      <QtyInPackage>לא ידוע</QtyInPackage>
      <ItemPrice>40.00</ItemPrice>
      <UnitOfMeasurePrice>0.0000</UnitOfMeasurePrice>
      <AllowDiscount>1</AllowDiscount>
      <ItemStatus>1</ItemStatus>
      <ItemId>71365</ItemId>
    </Item>
    <Item>
      <PriceUpdateDate>2025-01-05 18:12:50</PriceUpdateDate>
      <ItemCode>7290115190458</ItemCode>
      <ItemType>1</ItemType>
      <ItemName>נקסט אדג' בודד</ItemName>
      <ManufacturerName>לא ידוע</ManufacturerName>
      <ManufactureCountry>לא ידוע</ManufactureCountry>
      <ManufacturerItemDescription>נקסט אדג' בודד</ManufacturerItemDescription>
      <UnitQty>יחידה   </UnitQty>
      <Quantity>0.00</Quantity>
      <UnitOfMeasure>יחידה   </UnitOfMeasure>
      <bIsWeighted>0</bIsWeighted>
      <QtyInPackage>לא ידוע</QtyInPackage>
      <ItemPrice>33.50</ItemPrice>
      <UnitOfMeasurePrice>0.0000</UnitOfMeasurePrice>
      <AllowDiscount>1</AllowDiscount>
      <ItemStatus>1</ItemStatus>
      <ItemId>71368</ItemId>
    </Item>
    <Item>
      <PriceUpdateDate>2025-03-02 15:08:03</PriceUpdateDate>
      <ItemCode>7290115190595</ItemCode>
      <ItemType>1</ItemType>
      <ItemName>נקסט אוריג'ינל בודד</ItemName>
      <ManufacturerName>לא ידוע</ManufacturerName>
      <ManufactureCountry>לא ידוע</ManufactureCountry>
      <ManufacturerItemDescription>נקסט אוריג'ינל בודד</ManufacturerItemDescription>
      <UnitQty>יחידה   </UnitQty>
      <Quantity>0.00</Quantity>
      <UnitOfMeasure>יחידה   </UnitOfMeasure>
      <bIsWeighted>0</bIsWeighted>
      <QtyInPackage>לא ידוע</QtyInPackage>
      <ItemPrice>36.00</ItemPrice>
      <UnitOfMeasurePrice>0.0000</UnitOfMeasurePrice>
      <AllowDiscount>1</AllowDiscount>
      <ItemStatus>1</ItemStatus>
      <ItemId>71375</ItemId>
    </Item>
    <Item>
      <PriceUpdateDate>2025-12-18 17:04:41</PriceUpdateDate>
      <ItemCode>739608182916</ItemCode>
      <ItemType>1</ItemType>
      <ItemName>תות שדה יחידה 250  ג</ItemName>
      <ManufacturerName>לא ידוע</ManufacturerName>
      <ManufactureCountry>ישראל</ManufactureCountry>
      <ManufacturerItemDescription>תות שדה</ManufacturerItemDescription>
      <UnitQty>יח'</UnitQty>
      <Quantity>1.00</Quantity>
      <UnitOfMeasure>יח'</UnitOfMeasure>
      <bIsWeighted>0</bIsWeighted>
      <QtyInPackage>לא ידוע</QtyInPackage>
      <ItemPrice>16.90</ItemPrice>
      <UnitOfMeasurePrice>16.9000</UnitOfMeasurePrice>
      <AllowDiscount>1</AllowDiscount>
      <ItemStatus>1</ItemStatus>
      <ItemId>71394</ItemId>
    </Item>
    <Item>
      <PriceUpdateDate>2025-03-18 12:14:25</PriceUpdateDate>
      <ItemCode>7290018540329</ItemCode>
      <ItemType>1</ItemType>
      <ItemName>פיתות אנג'ל 8 יחידות</ItemName>
      <ManufacturerName>לא ידוע</ManufacturerName>
      <ManufactureCountry>לא ידוע</ManufactureCountry>
      <ManufacturerItemDescription>פיתות אנג'ל 8 יחידות</ManufacturerItemDescription>
      <UnitQty>יח</UnitQty>
      <Quantity>8.00</Quantity>
      <UnitOfMeasure>יח</UnitOfMeasure>
      <bIsWeighted>0</bIsWeighted>
      <QtyInPackage>לא ידוע</QtyInPackage>
      <ItemPrice>12.90</ItemPrice>
      <UnitOfMeasurePrice>1.6125</UnitOfMeasurePrice>
      <AllowDiscount>1</AllowDiscount>
      <ItemStatus>1</ItemStatus>
      <ItemId>71412</ItemId>
    </Item>
    <Item>
      <PriceUpdateDate>2024-03-19 14:21:49</PriceUpdateDate>
      <ItemCode>7290110115777</ItemCode>
      <ItemType>1</ItemType>
      <ItemName>מים נביעות 1.5 ליטר</ItemName>
      <ManufacturerName>לא ידוע</ManufacturerName>
      <ManufactureCountry>לא ידוע</ManufactureCountry>
      <ManufacturerItemDescription>מים נביעות 1.5 ליטר</ManufacturerItemDescription>
      <UnitQty>מיליליטרים</UnitQty>
      <Quantity>1500.00</Quantity>
      <UnitOfMeasure>100 מ"ל</UnitOfMeasure>
      <bIsWeighted>0</bIsWeighted>
      <QtyInPackage>לא ידוע</QtyInPackage>
      <ItemPrice>6.20</ItemPrice>
      <UnitOfMeasurePrice>0.0041</UnitOfMeasurePrice>
      <AllowDiscount>1</AllowDiscount>
      <ItemStatus>1</ItemStatus>
      <ItemId>71447</ItemId>
    </Item>
    <Item>
      <PriceUpdateDate>2015-01-01 00:00:00</PriceUpdateDate>
      <ItemCode>88888039</ItemCode>
      <ItemType>0</ItemType>
      <ItemName>וכל מוכן מאמא גולייט</ItemName>
      <ManufacturerName>לא ידוע</ManufacturerName>
      <ManufactureCountry>לא ידוע</ManufactureCountry>
      <ManufacturerItemDescription>וכל מוכן מאמא גולייט</ManufacturerItemDescription>
      <UnitQty>לא ידוע</UnitQty>
      <Quantity>0.00</Quantity>
      <UnitOfMeasure>לא ידוע</UnitOfMeasure>
      <bIsWeighted>0</bIsWeighted>
      <QtyInPackage>לא ידוע</QtyInPackage>
      <ItemPrice>0.00</ItemPrice>
      <UnitOfMeasurePrice>0.0000</UnitOfMeasurePrice>
      <AllowDiscount>1</AllowDiscount>
      <ItemStatus>1</ItemStatus>
      <ItemId>72531</ItemId>
    </Item>
    <Item>
      <PriceUpdateDate>2015-01-01 00:00:00</PriceUpdateDate>
      <ItemCode>88888051</ItemCode>
      <ItemType>0</ItemType>
      <ItemName>סנדביצים טליה</ItemName>
      <ManufacturerName>לא ידוע</ManufacturerName>
      <ManufactureCountry>לא ידוע</ManufactureCountry>
      <ManufacturerItemDescription>סנדביצים טליה</ManufacturerItemDescription>
      <UnitQty>לא ידוע</UnitQty>
      <Quantity>0.00</Quantity>
      <UnitOfMeasure>לא ידוע</UnitOfMeasure>
      <bIsWeighted>0</bIsWeighted>
      <QtyInPackage>לא ידוע</QtyInPackage>
      <ItemPrice>0.00</ItemPrice>
      <UnitOfMeasurePrice>0.0000</UnitOfMeasurePrice>
      <AllowDiscount>1</AllowDiscount>
      <ItemStatus>1</ItemStatus>
      <ItemId>72532</ItemId>
    </Item>
    <Item>
      <PriceUpdateDate>2025-06-25 11:50:49</PriceUpdateDate>
      <ItemCode>7290119370177</ItemCode>
      <ItemType>1</ItemType>
      <ItemName>דנונה פרו 20 גר ללא</ItemName>
      <ManufacturerName>שטראוס גרופ</ManufacturerName>
      <ManufactureCountry>ישראל</ManufactureCountry>
      <ManufacturerItemDescription>דנונה פרו</ManufacturerItemDescription>
      <UnitQty>גרמים</UnitQty>
      <Quantity>200.00</Quantity>
      <UnitOfMeasure>100 גרם</UnitOfMeasure>
      <bIsWeighted>0</bIsWeighted>
      <QtyInPackage>לא ידוע</QtyInPackage>
      <ItemPrice>6.50</ItemPrice>
      <UnitOfMeasurePrice>0.0325</UnitOfMeasurePrice>
      <AllowDiscount>1</AllowDiscount>
      <ItemStatus>1</ItemStatus>
      <ItemId>73387</ItemId>
    </Item>
    <Item>
      <PriceUpdateDate>2025-01-07 17:15:49</PriceUpdateDate>
      <ItemCode>8006540544105</ItemCode>
      <ItemType>1</ItemType>
      <ItemName>דאודורנט קליר ג'ל פא</ItemName>
      <ManufacturerName>לא ידוע</ManufacturerName>
      <ManufactureCountry>לא ידוע</ManufactureCountry>
      <ManufacturerItemDescription>דאודורנט קליר ג'ל פא</ManufacturerItemDescription>
      <UnitQty>מיליליטרים</UnitQty>
      <Quantity>70.00</Quantity>
      <UnitOfMeasure>100 מ"ל</UnitOfMeasure>
      <bIsWeighted>0</bIsWeighted>
      <QtyInPackage>לא ידוע</QtyInPackage>
      <ItemPrice>16.00</ItemPrice>
      <UnitOfMeasurePrice>0.2286</UnitOfMeasurePrice>
      <AllowDiscount>1</AllowDiscount>
      <ItemStatus>1</ItemStatus>
      <ItemId>76263</ItemId>
    </Item>
    <Item>
      <PriceUpdateDate>2023-09-05 15:40:46</PriceUpdateDate>
      <ItemCode>7290018546710</ItemCode>
      <ItemType>1</ItemType>
      <ItemName>פירורי לחם מוזהבים י</ItemName>
      <ManufacturerName>רוז חקלאות בע"מ</ManufacturerName>
      <ManufactureCountry>ספרד</ManufactureCountry>
      <ManufacturerItemDescription>פירורי לחם מוזהבים י</ManufacturerItemDescription>
      <UnitQty>גרמים</UnitQty>
      <Quantity>350.00</Quantity>
      <UnitOfMeasure>100 גרם</UnitOfMeasure>
      <bIsWeighted>0</bIsWeighted>
      <QtyInPackage>לא ידוע</QtyInPackage>
      <ItemPrice>5.90</ItemPrice>
      <UnitOfMeasurePrice>0.0169</UnitOfMeasurePrice>
      <AllowDiscount>1</AllowDiscount>
      <ItemStatus>1</ItemStatus>
      <ItemId>77400</ItemId>
    </Item>
    <Item>
      <PriceUpdateDate>2024-02-21 16:51:32</PriceUpdateDate>
      <ItemCode>7290019400004</ItemCode>
      <ItemType>1</ItemType>
      <ItemName>חמאת בוטנים טבעית יו</ItemName>
      <ManufacturerName>לא ידוע</ManufacturerName>
      <ManufactureCountry>ישראל</ManufactureCountry>
      <ManufacturerItemDescription>חמאת בוטנים טבעית יו</ManufacturerItemDescription>
      <UnitQty>גרמים</UnitQty>
      <Quantity>300.00</Quantity>
      <UnitOfMeasure>100 גרם</UnitOfMeasure>
      <bIsWeighted>0</bIsWeighted>
      <QtyInPackage>לא ידוע</QtyInPackage>
      <ItemPrice>11.90</ItemPrice>
      <UnitOfMeasurePrice>0.0397</UnitOfMeasurePrice>
      <AllowDiscount>1</AllowDiscount>
      <ItemStatus>1</ItemStatus>
      <ItemId>84277</ItemId>
    </Item>
    <Item>
      <PriceUpdateDate>2025-11-30 19:02:58</PriceUpdateDate>
      <ItemCode>7290116933078</ItemCode>
      <ItemType>1</ItemType>
      <ItemName>גבינת שמנת נפוליאון</ItemName>
      <ManufacturerName>תנובה</ManufacturerName>
      <ManufactureCountry>ישראל</ManufactureCountry>
      <ManufacturerItemDescription>נפוליאון</ManufacturerItemDescription>
      <UnitQty>גרמים</UnitQty>
      <Quantity>225.00</Quantity>
      <UnitOfMeasure>100 גרם</UnitOfMeasure>
      <bIsWeighted>0</bIsWeighted>
      <QtyInPackage>לא ידוע</QtyInPackage>
      <ItemPrice>16.00</ItemPrice>
      <UnitOfMeasurePrice>0.0711</UnitOfMeasurePrice>
      <AllowDiscount>1</AllowDiscount>
      <ItemStatus>1</ItemStatus>
      <ItemId>84425</ItemId>
    </Item>
    <Item>
      <PriceUpdateDate>2025-12-02 10:42:01</PriceUpdateDate>
      <ItemCode>8001440118944</ItemCode>
      <ItemType>1</ItemType>
      <ItemName>שלישיית עגבניות פולפ</ItemName>
      <ManufacturerName>לא ידוע</ManufacturerName>
      <ManufactureCountry>איטליה</ManufactureCountry>
      <ManufacturerItemDescription>צ'יריו</ManufacturerItemDescription>
      <UnitQty>קילוגרמים</UnitQty>
      <Quantity>1.20</Quantity>
      <UnitOfMeasure>ק"ג     </UnitOfMeasure>
      <bIsWeighted>0</bIsWeighted>
      <QtyInPackage>לא ידוע</QtyInPackage>
      <ItemPrice>18.90</ItemPrice>
      <UnitOfMeasurePrice>15.7500</UnitOfMeasurePrice>
      <AllowDiscount>1</AllowDiscount>
      <ItemStatus>1</ItemStatus>
      <ItemId>90866</ItemId>
    </Item>
    <Item>
      <PriceUpdateDate>2025-01-01 21:30:04</PriceUpdateDate>
      <ItemCode>5200133120926</ItemCode>
      <ItemType>1</ItemType>
      <ItemName>גליליות וופל אגוזים</ItemName>
      <ManufacturerName>QUARTET S.A</ManufacturerName>
      <ManufactureCountry>יוון</ManufactureCountry>
      <ManufacturerItemDescription>גליליות וופל אגוזים</ManufacturerItemDescription>
      <UnitQty>גרמים</UnitQty>
      <Quantity>375.00</Quantity>
      <UnitOfMeasure>100 גרם</UnitOfMeasure>
      <bIsWeighted>0</bIsWeighted>
      <QtyInPackage>לא ידוע</QtyInPackage>
      <ItemPrice>18.10</ItemPrice>
      <UnitOfMeasurePrice>0.0483</UnitOfMeasurePrice>
      <AllowDiscount>1</AllowDiscount>
      <ItemStatus>1</ItemStatus>
      <ItemId>91272</ItemId>
    </Item>
    <Item>
      <PriceUpdateDate>2025-01-02 08:49:54</PriceUpdateDate>
      <ItemCode>8700216418300</ItemCode>
      <ItemType>1</ItemType>
      <ItemName>הד&amp;שולדרס שמפו קלאסי</ItemName>
      <ManufacturerName>פרוקטר</ManufacturerName>
      <ManufactureCountry>רומניה</ManufactureCountry>
      <ManufacturerItemDescription>פרוקטר</ManufacturerItemDescription>
      <UnitQty>מיליליטרים</UnitQty>
      <Quantity>625.00</Quantity>
      <UnitOfMeasure>100 מ"ל</UnitOfMeasure>
      <bIsWeighted>0</bIsWeighted>
      <QtyInPackage>לא ידוע</QtyInPackage>
      <ItemPrice>23.10</ItemPrice>
      <UnitOfMeasurePrice>0.0370</UnitOfMeasurePrice>
      <AllowDiscount>1</AllowDiscount>
      <ItemStatus>1</ItemStatus>
      <ItemId>93400</ItemId>
    </Item>
    <Item>
      <PriceUpdateDate>2024-07-22 17:47:29</PriceUpdateDate>
      <ItemCode>7290019274544</ItemCode>
      <ItemType>1</ItemType>
      <ItemName>מבשם בדים 500 מל סופ</ItemName>
      <ManufacturerName>לא ידוע</ManufacturerName>
      <ManufactureCountry>ישראל</ManufactureCountry>
      <ManufacturerItemDescription>מבשם בדים 500 מל סופ</ManufacturerItemDescription>
      <UnitQty>מיליליטרים</UnitQty>
      <Quantity>500.00</Quantity>
      <UnitOfMeasure>100 מ"ל</UnitOfMeasure>
      <bIsWeighted>0</bIsWeighted>
      <QtyInPackage>לא ידוע</QtyInPackage>
      <ItemPrice>19.90</ItemPrice>
      <UnitOfMeasurePrice>0.0398</UnitOfMeasurePrice>
      <AllowDiscount>1</AllowDiscount>
      <ItemStatus>1</ItemStatus>
      <ItemId>96078</ItemId>
    </Item>
    <Item>
      <PriceUpdateDate>2025-01-01 21:30:19</PriceUpdateDate>
      <ItemCode>7290100704837</ItemCode>
      <ItemType>1</ItemType>
      <ItemName>שעועית השף (לבנה) 50</ItemName>
      <ManufacturerName>סוגת תעשיות בע"מ</ManufacturerName>
      <ManufactureCountry>ישראל</ManufactureCountry>
      <ManufacturerItemDescription>סוגת</ManufacturerItemDescription>
      <UnitQty>גרמים</UnitQty>
      <Quantity>500.00</Quantity>
      <UnitOfMeasure>100 גרם</UnitOfMeasure>
      <bIsWeighted>0</bIsWeighted>
      <QtyInPackage>לא ידוע</QtyInPackage>
      <ItemPrice>13.00</ItemPrice>
      <UnitOfMeasurePrice>0.0260</UnitOfMeasurePrice>
      <AllowDiscount>1</AllowDiscount>
      <ItemStatus>1</ItemStatus>
      <ItemId>96255</ItemId>
    </Item>
    <Item>
      <PriceUpdateDate>2025-06-03 12:43:31</PriceUpdateDate>
      <ItemCode>8711327649026</ItemCode>
      <ItemType>1</ItemType>
      <ItemName>מגנום סנדוויץ' בטעם</ItemName>
      <ManufacturerName>לא ידוע</ManufacturerName>
      <ManufactureCountry>לא ידוע</ManufactureCountry>
      <ManufacturerItemDescription>מגנום סנדוויץ' בטעם</ManufacturerItemDescription>
      <UnitQty>גרמים</UnitQty>
      <Quantity>96.00</Quantity>
      <UnitOfMeasure>100 גרם</UnitOfMeasure>
      <bIsWeighted>0</bIsWeighted>
      <QtyInPackage>לא ידוע</QtyInPackage>
      <ItemPrice>12.90</ItemPrice>
      <UnitOfMeasurePrice>0.1344</UnitOfMeasurePrice>
      <AllowDiscount>1</AllowDiscount>
      <ItemStatus>1</ItemStatus>
      <ItemId>97414</ItemId>
    </Item>
    <Item>
      <PriceUpdateDate>2024-08-13 17:16:53</PriceUpdateDate>
      <ItemCode>7290004771782</ItemCode>
      <ItemType>1</ItemType>
      <ItemName>פתיתים אפויים בצורת</ItemName>
      <ManufacturerName>לא ידוע</ManufacturerName>
      <ManufactureCountry>ישראל</ManufactureCountry>
      <ManufacturerItemDescription>פתיתים אפויים בצורת</ManufacturerItemDescription>
      <UnitQty>גרמים</UnitQty>
      <Quantity>500.00</Quantity>
      <UnitOfMeasure>100 גרם</UnitOfMeasure>
      <bIsWeighted>0</bIsWeighted>
      <QtyInPackage>לא ידוע</QtyInPackage>
      <ItemPrice>4.90</ItemPrice>
      <UnitOfMeasurePrice>0.0098</UnitOfMeasurePrice>
      <AllowDiscount>1</AllowDiscount>
      <ItemStatus>1</ItemStatus>
      <ItemId>97618</ItemId>
    </Item>
    <Item>
      <PriceUpdateDate>2024-08-13 17:16:53</PriceUpdateDate>
      <ItemCode>7290117265796</ItemCode>
      <ItemType>1</ItemType>
      <ItemName>נתחי טונה בהירה בשמן</ItemName>
      <ManufacturerName>לא ידוע</ManufacturerName>
      <ManufactureCountry>TH</ManufactureCountry>
      <ManufacturerItemDescription>נתחי טונה בהירה בשמן</ManufacturerItemDescription>
      <UnitQty>יחידה   </UnitQty>
      <Quantity>0.00</Quantity>
      <UnitOfMeasure>יחידה   </UnitOfMeasure>
      <bIsWeighted>0</bIsWeighted>
      <QtyInPackage>לא ידוע</QtyInPackage>
      <ItemPrice>19.90</ItemPrice>
      <UnitOfMeasurePrice>0.0000</UnitOfMeasurePrice>
      <AllowDiscount>1</AllowDiscount>
      <ItemStatus>1</ItemStatus>
      <ItemId>97619</ItemId>
    </Item>
    <Item>
      <PriceUpdateDate>2024-08-13 17:16:53</PriceUpdateDate>
      <ItemCode>7290117265819</ItemCode>
      <ItemType>1</ItemType>
      <ItemName>נתחי טונה בהירה במים</ItemName>
      <ManufacturerName>לא ידוע</ManufacturerName>
      <ManufactureCountry>תאילנד</ManufactureCountry>
      <ManufacturerItemDescription>נתחי טונה בהירה במים</ManufacturerItemDescription>
      <UnitQty>גרמים</UnitQty>
      <Quantity>640.00</Quantity>
      <UnitOfMeasure>100 גרם</UnitOfMeasure>
      <bIsWeighted>0</bIsWeighted>
      <QtyInPackage>לא ידוע</QtyInPackage>
      <ItemPrice>19.90</ItemPrice>
      <UnitOfMeasurePrice>0.0311</UnitOfMeasurePrice>
      <AllowDiscount>1</AllowDiscount>
      <ItemStatus>1</ItemStatus>
      <ItemId>97621</ItemId>
    </Item>
    <Item>
      <PriceUpdateDate>2025-01-05 16:22:06</PriceUpdateDate>
      <ItemCode>6111243621977</ItemCode>
      <ItemType>1</ItemType>
      <ItemName>קוסקוס מרוקאי דק 1 ק</ItemName>
      <ManufacturerName>לא ידוע</ManufacturerName>
      <ManufactureCountry>מרוקו</ManufactureCountry>
      <ManufacturerItemDescription>קוסקוס מרוקאי דק 1 ק</ManufacturerItemDescription>
      <UnitQty>קילוגרמים</UnitQty>
      <Quantity>1.00</Quantity>
      <UnitOfMeasure>ק"ג     </UnitOfMeasure>
      <bIsWeighted>0</bIsWeighted>
      <QtyInPackage>לא ידוע</QtyInPackage>
      <ItemPrice>16.00</ItemPrice>
      <UnitOfMeasurePrice>16.0000</UnitOfMeasurePrice>
      <AllowDiscount>1</AllowDiscount>
      <ItemStatus>1</ItemStatus>
      <ItemId>97627</ItemId>
    </Item>
    <Item>
      <PriceUpdateDate>2025-01-05 18:12:50</PriceUpdateDate>
      <ItemCode>7290121290036</ItemCode>
      <ItemType>1</ItemType>
      <ItemName>וינסטון כחול קצר (לי</ItemName>
      <ManufacturerName>לא ידוע</ManufacturerName>
      <ManufactureCountry>כללי</ManufactureCountry>
      <ManufacturerItemDescription>וינסטון כחול בוקס</ManufacturerItemDescription>
      <UnitQty>יח'</UnitQty>
      <Quantity>1.00</Quantity>
      <UnitOfMeasure>יח'</UnitOfMeasure>
      <bIsWeighted>0</bIsWeighted>
      <QtyInPackage>לא ידוע</QtyInPackage>
      <ItemPrice>42.00</ItemPrice>
      <UnitOfMeasurePrice>42.0000</UnitOfMeasurePrice>
      <AllowDiscount>1</AllowDiscount>
      <ItemStatus>1</ItemStatus>
      <ItemId>100046</ItemId>
    </Item>
    <Item>
      <PriceUpdateDate>2024-12-03 12:29:25</PriceUpdateDate>
      <ItemCode>8700216527941</ItemCode>
      <ItemType>1</ItemType>
      <ItemName>פנטן שמפו קלאסי 600</ItemName>
      <ManufacturerName>פרוקטר אנד גמבל</ManufacturerName>
      <ManufactureCountry>רומניה</ManufactureCountry>
      <ManufacturerItemDescription>פנטן</ManufacturerItemDescription>
      <UnitQty>מיליליטרים</UnitQty>
      <Quantity>600.00</Quantity>
      <UnitOfMeasure>100 מ"ל</UnitOfMeasure>
      <bIsWeighted>0</bIsWeighted>
      <QtyInPackage>לא ידוע</QtyInPackage>
      <ItemPrice>21.90</ItemPrice>
      <UnitOfMeasurePrice>0.0365</UnitOfMeasurePrice>
      <AllowDiscount>1</AllowDiscount>
      <ItemStatus>1</ItemStatus>
      <ItemId>104704</ItemId>
    </Item>
    <Item>
      <PriceUpdateDate>2025-09-02 13:40:12</PriceUpdateDate>
      <ItemCode>7290019204381</ItemCode>
      <ItemType>1</ItemType>
      <ItemName>אצבעות שניצל בציפוי</ItemName>
      <ManufacturerName>עוף טוב</ManufacturerName>
      <ManufactureCountry>ישראל</ManufactureCountry>
      <ManufacturerItemDescription>עוף טוב</ManufacturerItemDescription>
      <UnitQty>גרמים</UnitQty>
      <Quantity>600.00</Quantity>
      <UnitOfMeasure>100 גרם</UnitOfMeasure>
      <bIsWeighted>0</bIsWeighted>
      <QtyInPackage>לא ידוע</QtyInPackage>
      <ItemPrice>37.90</ItemPrice>
      <UnitOfMeasurePrice>0.0632</UnitOfMeasurePrice>
      <AllowDiscount>1</AllowDiscount>
      <ItemStatus>1</ItemStatus>
      <ItemId>105319</ItemId>
    </Item>
    <Item>
      <PriceUpdateDate>2024-12-31 16:41:18</PriceUpdateDate>
      <ItemCode>7290019870562</ItemCode>
      <ItemType>1</ItemType>
      <ItemName>לוקיטוס גומי בטעם פי</ItemName>
      <ManufacturerName>קנדי פלוס</ManufacturerName>
      <ManufactureCountry>צכיה</ManufactureCountry>
      <ManufacturerItemDescription>לוקיטוס גומי בטעם פי</ManufacturerItemDescription>
      <UnitQty>גרמים</UnitQty>
      <Quantity>150.00</Quantity>
      <UnitOfMeasure>100 גרם</UnitOfMeasure>
      <bIsWeighted>0</bIsWeighted>
      <QtyInPackage>לא ידוע</QtyInPackage>
      <ItemPrice>8.90</ItemPrice>
      <UnitOfMeasurePrice>0.0593</UnitOfMeasurePrice>
      <AllowDiscount>1</AllowDiscount>
      <ItemStatus>1</ItemStatus>
      <ItemId>105890</ItemId>
    </Item>
    <Item>
      <PriceUpdateDate>2025-03-30 12:00:31</PriceUpdateDate>
      <ItemCode>7290121162616</ItemCode>
      <ItemType>1</ItemType>
      <ItemName>מאסטר שף ממרח פלפלים</ItemName>
      <ManufacturerName>MANA GI SMPC</ManufacturerName>
      <ManufactureCountry>יוון</ManufactureCountry>
      <ManufacturerItemDescription>מאסטר שף ממרח פלפלים</ManufacturerItemDescription>
      <UnitQty>גרמים</UnitQty>
      <Quantity>200.00</Quantity>
      <UnitOfMeasure>100 גרם</UnitOfMeasure>
      <bIsWeighted>0</bIsWeighted>
      <QtyInPackage>לא ידוע</QtyInPackage>
      <ItemPrice>17.90</ItemPrice>
      <UnitOfMeasurePrice>0.0895</UnitOfMeasurePrice>
      <AllowDiscount>1</AllowDiscount>
      <ItemStatus>1</ItemStatus>
      <ItemId>110311</ItemId>
    </Item>
    <Item>
      <PriceUpdateDate>2025-03-30 12:00:31</PriceUpdateDate>
      <ItemCode>7290121162623</ItemCode>
      <ItemType>1</ItemType>
      <ItemName>מאסטר שף אריסה 200 ג</ItemName>
      <ManufacturerName>MANA GI SMPC</ManufacturerName>
      <ManufactureCountry>יוון</ManufactureCountry>
      <ManufacturerItemDescription>מאסטר שף אריסה 200 ג</ManufacturerItemDescription>
      <UnitQty>גרמים</UnitQty>
      <Quantity>200.00</Quantity>
      <UnitOfMeasure>100 גרם</UnitOfMeasure>
      <bIsWeighted>0</bIsWeighted>
      <QtyInPackage>לא ידוע</QtyInPackage>
      <ItemPrice>17.90</ItemPrice>
      <UnitOfMeasurePrice>0.0895</UnitOfMeasurePrice>
      <AllowDiscount>1</AllowDiscount>
      <ItemStatus>1</ItemStatus>
      <ItemId>110312</ItemId>
    </Item>
    <Item>
      <PriceUpdateDate>2025-05-09 11:33:24</PriceUpdateDate>
      <ItemCode>7290110117924</ItemCode>
      <ItemType>1</ItemType>
      <ItemName>נורדיק מוגז בטעם לימ</ItemName>
      <ManufacturerName>החברה המרכזית לייצור</ManufacturerName>
      <ManufactureCountry>ישראל</ManufactureCountry>
      <ManufacturerItemDescription>נורדיק מוגז בטעם לימ</ManufacturerItemDescription>
      <UnitQty>ליטרים</UnitQty>
      <Quantity>1.00</Quantity>
      <UnitOfMeasure>ליטר    </UnitOfMeasure>
      <bIsWeighted>0</bIsWeighted>
      <QtyInPackage>לא ידוע</QtyInPackage>
      <ItemPrice>15.90</ItemPrice>
      <UnitOfMeasurePrice>15.9000</UnitOfMeasurePrice>
      <AllowDiscount>1</AllowDiscount>
      <ItemStatus>1</ItemStatus>
      <ItemId>112247</ItemId>
    </Item>
    <Item>
      <PriceUpdateDate>2025-06-08 14:48:55</PriceUpdateDate>
      <ItemCode>7290001985007</ItemCode>
      <ItemType>1</ItemType>
      <ItemName>שלגון מצופה שוקו</ItemName>
      <ManufacturerName>גלידות שטראוס</ManufacturerName>
      <ManufactureCountry>לא ידוע</ManufactureCountry>
      <ManufacturerItemDescription>שלגון מצופה שוקו</ManufacturerItemDescription>
      <UnitQty>יח</UnitQty>
      <Quantity>1.00</Quantity>
      <UnitOfMeasure>יח</UnitOfMeasure>
      <bIsWeighted>0</bIsWeighted>
      <QtyInPackage>לא ידוע</QtyInPackage>
      <ItemPrice>6.90</ItemPrice>
      <UnitOfMeasurePrice>6.9000</UnitOfMeasurePrice>
      <AllowDiscount>1</AllowDiscount>
      <ItemStatus>1</ItemStatus>
      <ItemId>113539</ItemId>
    </Item>
    <Item>
      <PriceUpdateDate>2025-07-27 17:41:12</PriceUpdateDate>
      <ItemCode>7290121162203</ItemCode>
      <ItemType>1</ItemType>
      <ItemName>קולגייט טוטאל אוריג'</ItemName>
      <ManufacturerName>cp</ManufacturerName>
      <ManufactureCountry>פולין</ManufactureCountry>
      <ManufacturerItemDescription>קולגייט טוטאל אוריג'</ManufacturerItemDescription>
      <UnitQty>מיליליטרים</UnitQty>
      <Quantity>200.00</Quantity>
      <UnitOfMeasure>100 מ"ל</UnitOfMeasure>
      <bIsWeighted>0</bIsWeighted>
      <QtyInPackage>לא ידוע</QtyInPackage>
      <ItemPrice>29.90</ItemPrice>
      <UnitOfMeasurePrice>0.1495</UnitOfMeasurePrice>
      <AllowDiscount>1</AllowDiscount>
      <ItemStatus>1</ItemStatus>
      <ItemId>116191</ItemId>
    </Item>
    <Item>
      <PriceUpdateDate>2025-08-19 16:32:01</PriceUpdateDate>
      <ItemCode>7291083532684</ItemCode>
      <ItemType>1</ItemType>
      <ItemName>מדבקה לטלפון (סלולר)</ItemName>
      <ManufacturerName>לא ידוע</ManufacturerName>
      <ManufactureCountry>לא ידוע</ManufactureCountry>
      <ManufacturerItemDescription>מדבקה לטלפון (סלולר)</ManufacturerItemDescription>
      <UnitQty>יח'</UnitQty>
      <Quantity>1.00</Quantity>
      <UnitOfMeasure>יח'</UnitOfMeasure>
      <bIsWeighted>0</bIsWeighted>
      <QtyInPackage>לא ידוע</QtyInPackage>
      <ItemPrice>5.90</ItemPrice>
      <UnitOfMeasurePrice>5.9000</UnitOfMeasurePrice>
      <AllowDiscount>1</AllowDiscount>
      <ItemStatus>1</ItemStatus>
      <ItemId>117423</ItemId>
    </Item>
    <Item>
      <PriceUpdateDate>2025-10-19 15:01:41</PriceUpdateDate>
      <ItemCode>7290100704707</ItemCode>
      <ItemType>1</ItemType>
      <ItemName>אורז מיקס 500 גרם</ItemName>
      <ManufacturerName>סוגת</ManufacturerName>
      <ManufactureCountry>ישראל</ManufactureCountry>
      <ManufacturerItemDescription>אורז מיקס 500 גרם</ManufacturerItemDescription>
      <UnitQty>גרמים</UnitQty>
      <Quantity>500.00</Quantity>
      <UnitOfMeasure>100 גרם</UnitOfMeasure>
      <bIsWeighted>0</bIsWeighted>
      <QtyInPackage>לא ידוע</QtyInPackage>
      <ItemPrice>10.00</ItemPrice>
      <UnitOfMeasurePrice>0.0200</UnitOfMeasurePrice>
      <AllowDiscount>1</AllowDiscount>
      <ItemStatus>1</ItemStatus>
      <ItemId>119239</ItemId>
    </Item>
    <Item>
      <PriceUpdateDate>2025-11-04 18:56:22</PriceUpdateDate>
      <ItemCode>7290119383917</ItemCode>
      <ItemType>1</ItemType>
      <ItemName>רבע לשבע לימון</ItemName>
      <ManufacturerName>שטראוס גרופ</ManufacturerName>
      <ManufactureCountry>ישראל</ManufactureCountry>
      <ManufacturerItemDescription>עלית</ManufacturerItemDescription>
      <UnitQty>גרמים</UnitQty>
      <Quantity>120.00</Quantity>
      <UnitOfMeasure>100 גרם</UnitOfMeasure>
      <bIsWeighted>0</bIsWeighted>
      <QtyInPackage>לא ידוע</QtyInPackage>
      <ItemPrice>15.90</ItemPrice>
      <UnitOfMeasurePrice>0.1325</UnitOfMeasurePrice>
      <AllowDiscount>1</AllowDiscount>
      <ItemStatus>1</ItemStatus>
      <ItemId>119964</ItemId>
    </Item>
    <Item>
      <PriceUpdateDate>2025-11-16 16:24:16</PriceUpdateDate>
      <ItemCode>7622200003938</ItemCode>
      <ItemType>1</ItemType>
      <ItemName>אצבעות מילקיניס מילק</ItemName>
      <ManufacturerName>לא ידוע</ManufacturerName>
      <ManufactureCountry>לא ידוע</ManufactureCountry>
      <ManufacturerItemDescription>אצבעות מילקיניס מילק</ManufacturerItemDescription>
      <UnitQty>גרמים</UnitQty>
      <Quantity>87.50</Quantity>
      <UnitOfMeasure>100 גרם</UnitOfMeasure>
      <bIsWeighted>0</bIsWeighted>
      <QtyInPackage>לא ידוע</QtyInPackage>
      <ItemPrice>11.90</ItemPrice>
      <UnitOfMeasurePrice>0.1360</UnitOfMeasurePrice>
      <AllowDiscount>1</AllowDiscount>
      <ItemStatus>1</ItemStatus>
      <ItemId>120431</ItemId>
    </Item>
    <Item>
      <PriceUpdateDate>2015-01-01 00:00:00</PriceUpdateDate>
      <ItemCode>88888000</ItemCode>
      <ItemType>0</ItemType>
      <ItemName>Temp SuperDept</ItemName>
      <ManufacturerName>לא ידוע</ManufacturerName>
      <ManufactureCountry>לא ידוע</ManufactureCountry>
      <ManufacturerItemDescription>Temp SuperDept</ManufacturerItemDescription>
      <UnitQty>לא ידוע</UnitQty>
      <Quantity>0.00</Quantity>
      <UnitOfMeasure>לא ידוע</UnitOfMeasure>
      <bIsWeighted>0</bIsWeighted>
      <QtyInPackage>לא ידוע</QtyInPackage>
      <ItemPrice>0.00</ItemPrice>
      <UnitOfMeasurePrice>0.0000</UnitOfMeasurePrice>
      <AllowDiscount>1</AllowDiscount>
      <ItemStatus>1</ItemStatus>
      <ItemId>30353</ItemId>
    </Item>
    <Item>
      <PriceUpdateDate>2015-01-01 00:00:00</PriceUpdateDate>
      <ItemCode>88888001</ItemCode>
      <ItemType>0</ItemType>
      <ItemName>מכולת</ItemName>
      <ManufacturerName>לא ידוע</ManufacturerName>
      <ManufactureCountry>לא ידוע</ManufactureCountry>
      <ManufacturerItemDescription>מכולת</ManufacturerItemDescription>
      <UnitQty>לא ידוע</UnitQty>
      <Quantity>0.00</Quantity>
      <UnitOfMeasure>לא ידוע</UnitOfMeasure>
      <bIsWeighted>0</bIsWeighted>
      <QtyInPackage>לא ידוע</QtyInPackage>
      <ItemPrice>0.00</ItemPrice>
      <UnitOfMeasurePrice>0.0000</UnitOfMeasurePrice>
      <AllowDiscount>1</AllowDiscount>
      <ItemStatus>1</ItemStatus>
      <ItemId>30354</ItemId>
    </Item>
    <Item>
      <PriceUpdateDate>2015-01-01 00:00:00</PriceUpdateDate>
      <ItemCode>88888002</ItemCode>
      <ItemType>0</ItemType>
      <ItemName>פירות וירקות</ItemName>
      <ManufacturerName>לא ידוע</ManufacturerName>
      <ManufactureCountry>לא ידוע</ManufactureCountry>
      <ManufacturerItemDescription>פירות וירקות</ManufacturerItemDescription>
      <UnitQty>לא ידוע</UnitQty>
      <Quantity>0.00</Quantity>
      <UnitOfMeasure>לא ידוע</UnitOfMeasure>
      <bIsWeighted>0</bIsWeighted>
      <QtyInPackage>לא ידוע</QtyInPackage>
      <ItemPrice>0.00</ItemPrice>
      <UnitOfMeasurePrice>0.0000</UnitOfMeasurePrice>
      <AllowDiscount>1</AllowDiscount>
      <ItemStatus>1</ItemStatus>
      <ItemId>30355</ItemId>
    </Item>
    <Item>
      <PriceUpdateDate>2015-01-01 00:00:00</PriceUpdateDate>
      <ItemCode>88888003</ItemCode>
      <ItemType>0</ItemType>
      <ItemName>קצביה</ItemName>
      <ManufacturerName>לא ידוע</ManufacturerName>
      <ManufactureCountry>לא ידוע</ManufactureCountry>
      <ManufacturerItemDescription>קצביה</ManufacturerItemDescription>
      <UnitQty>לא ידוע</UnitQty>
      <Quantity>0.00</Quantity>
      <UnitOfMeasure>לא ידוע</UnitOfMeasure>
      <bIsWeighted>0</bIsWeighted>
      <QtyInPackage>לא ידוע</QtyInPackage>
      <ItemPrice>0.00</ItemPrice>
      <UnitOfMeasurePrice>0.0000</UnitOfMeasurePrice>
      <AllowDiscount>1</AllowDiscount>
      <ItemStatus>1</ItemStatus>
      <ItemId>30356</ItemId>
    </Item>
    <Item>
      <PriceUpdateDate>2015-01-01 00:00:00</PriceUpdateDate>
      <ItemCode>88888004</ItemCode>
      <ItemType>0</ItemType>
      <ItemName>קפואים</ItemName>
      <ManufacturerName>לא ידוע</ManufacturerName>
      <ManufactureCountry>לא ידוע</ManufactureCountry>
      <ManufacturerItemDescription>קפואים</ManufacturerItemDescription>
      <UnitQty>לא ידוע</UnitQty>
      <Quantity>0.00</Quantity>
      <UnitOfMeasure>לא ידוע</UnitOfMeasure>
      <bIsWeighted>0</bIsWeighted>
      <QtyInPackage>לא ידוע</QtyInPackage>
      <ItemPrice>0.00</ItemPrice>
      <UnitOfMeasurePrice>0.0000</UnitOfMeasurePrice>
      <AllowDiscount>1</AllowDiscount>
      <ItemStatus>1</ItemStatus>
      <ItemId>30357</ItemId>
    </Item>
    <Item>
      <PriceUpdateDate>2015-01-01 00:00:00</PriceUpdateDate>
      <ItemCode>88888005</ItemCode>
      <ItemType>0</ItemType>
      <ItemName>מעדניה</ItemName>
      <ManufacturerName>לא ידוע</ManufacturerName>
      <ManufactureCountry>לא ידוע</ManufactureCountry>
      <ManufacturerItemDescription>מעדניה</ManufacturerItemDescription>
      <UnitQty>לא ידוע</UnitQty>
      <Quantity>0.00</Quantity>
      <UnitOfMeasure>לא ידוע</UnitOfMeasure>
      <bIsWeighted>0</bIsWeighted>
      <QtyInPackage>לא ידוע</QtyInPackage>
      <ItemPrice>0.00</ItemPrice>
      <UnitOfMeasurePrice>0.0000</UnitOfMeasurePrice>
      <AllowDiscount>1</AllowDiscount>
      <ItemStatus>1</ItemStatus>
      <ItemId>30358</ItemId>
    </Item>
    <Item>
      <PriceUpdateDate>2015-01-01 00:00:00</PriceUpdateDate>
      <ItemCode>88888006</ItemCode>
      <ItemType>0</ItemType>
      <ItemName>משקאות</ItemName>
      <ManufacturerName>לא ידוע</ManufacturerName>
      <ManufactureCountry>לא ידוע</ManufactureCountry>
      <ManufacturerItemDescription>משקאות</ManufacturerItemDescription>
      <UnitQty>לא ידוע</UnitQty>
      <Quantity>0.00</Quantity>
      <UnitOfMeasure>לא ידוע</UnitOfMeasure>
      <bIsWeighted>0</bIsWeighted>
      <QtyInPackage>לא ידוע</QtyInPackage>
      <ItemPrice>0.00</ItemPrice>
      <UnitOfMeasurePrice>0.0000</UnitOfMeasurePrice>
      <AllowDiscount>1</AllowDiscount>
      <ItemStatus>1</ItemStatus>
      <ItemId>30359</ItemId>
    </Item>
    <Item>
      <PriceUpdateDate>2015-01-01 00:00:00</PriceUpdateDate>
      <ItemCode>88888007</ItemCode>
      <ItemType>0</ItemType>
      <ItemName>תינוקות</ItemName>
      <ManufacturerName>לא ידוע</ManufacturerName>
      <ManufactureCountry>לא ידוע</ManufactureCountry>
      <ManufacturerItemDescription>תינוקות</ManufacturerItemDescription>
      <UnitQty>לא ידוע</UnitQty>
      <Quantity>0.00</Quantity>
      <UnitOfMeasure>לא ידוע</UnitOfMeasure>
      <bIsWeighted>0</bIsWeighted>
      <QtyInPackage>לא ידוע</QtyInPackage>
      <ItemPrice>0.00</ItemPrice>
      <UnitOfMeasurePrice>0.0000</UnitOfMeasurePrice>
      <AllowDiscount>1</AllowDiscount>
      <ItemStatus>1</ItemStatus>
      <ItemId>30360</ItemId>
    </Item>
    <Item>
      <PriceUpdateDate>2015-01-01 00:00:00</PriceUpdateDate>
      <ItemCode>88888008</ItemCode>
      <ItemType>0</ItemType>
      <ItemName>חומרי ניקוי</ItemName>
      <ManufacturerName>לא ידוע</ManufacturerName>
      <ManufactureCountry>לא ידוע</ManufactureCountry>
      <ManufacturerItemDescription>חומרי ניקוי</ManufacturerItemDescription>
      <UnitQty>לא ידוע</UnitQty>
      <Quantity>0.00</Quantity>
      <UnitOfMeasure>לא ידוע</UnitOfMeasure>
      <bIsWeighted>0</bIsWeighted>
      <QtyInPackage>לא ידוע</QtyInPackage>
      <ItemPrice>0.00</ItemPrice>
      <UnitOfMeasurePrice>0.0000</UnitOfMeasurePrice>
      <AllowDiscount>1</AllowDiscount>
      <ItemStatus>1</ItemStatus>
      <ItemId>30361</ItemId>
    </Item>
    <Item>
      <PriceUpdateDate>2015-01-01 00:00:00</PriceUpdateDate>
      <ItemCode>88888009</ItemCode>
      <ItemType>0</ItemType>
      <ItemName>טיפוח והגינה</ItemName>
      <ManufacturerName>לא ידוע</ManufacturerName>
      <ManufactureCountry>לא ידוע</ManufactureCountry>
      <ManufacturerItemDescription>טיפוח והגינה</ManufacturerItemDescription>
      <UnitQty>לא ידוע</UnitQty>
      <Quantity>0.00</Quantity>
      <UnitOfMeasure>לא ידוע</UnitOfMeasure>
      <bIsWeighted>0</bIsWeighted>
      <QtyInPackage>לא ידוע</QtyInPackage>
      <ItemPrice>0.00</ItemPrice>
      <UnitOfMeasurePrice>0.0000</UnitOfMeasurePrice>
      <AllowDiscount>1</AllowDiscount>
      <ItemStatus>1</ItemStatus>
      <ItemId>30362</ItemId>
    </Item>
    <Item>
      <PriceUpdateDate>2015-01-01 00:00:00</PriceUpdateDate>
      <ItemCode>88888010</ItemCode>
      <ItemType>0</ItemType>
      <ItemName>לא מזון</ItemName>
      <ManufacturerName>לא ידוע</ManufacturerName>
      <ManufactureCountry>לא ידוע</ManufactureCountry>
      <ManufacturerItemDescription>לא מזון</ManufacturerItemDescription>
      <UnitQty>לא ידוע</UnitQty>
      <Quantity>0.00</Quantity>
      <UnitOfMeasure>לא ידוע</UnitOfMeasure>
      <bIsWeighted>0</bIsWeighted>
      <QtyInPackage>לא ידוע</QtyInPackage>
      <ItemPrice>0.00</ItemPrice>
      <UnitOfMeasurePrice>0.0000</UnitOfMeasurePrice>
      <AllowDiscount>1</AllowDiscount>
      <ItemStatus>1</ItemStatus>
      <ItemId>30363</ItemId>
    </Item>
    <Item>
      <PriceUpdateDate>2015-01-01 00:00:00</PriceUpdateDate>
      <ItemCode>88888011</ItemCode>
      <ItemType>0</ItemType>
      <ItemName>קופונים/מבצעים</ItemName>
      <ManufacturerName>לא ידוע</ManufacturerName>
      <ManufactureCountry>לא ידוע</ManufactureCountry>
      <ManufacturerItemDescription>קופונים/מבצעים</ManufacturerItemDescription>
      <UnitQty>לא ידוע</UnitQty>
      <Quantity>0.00</Quantity>
      <UnitOfMeasure>לא ידוע</UnitOfMeasure>
      <bIsWeighted>0</bIsWeighted>
      <QtyInPackage>לא ידוע</QtyInPackage>
      <ItemPrice>0.00</ItemPrice>
      <UnitOfMeasurePrice>0.0000</UnitOfMeasurePrice>
      <AllowDiscount>1</AllowDiscount>
      <ItemStatus>1</ItemStatus>
      <ItemId>30364</ItemId>
    </Item>
    <Item>
      <PriceUpdateDate>2015-01-01 00:00:00</PriceUpdateDate>
      <ItemCode>88888013</ItemCode>
      <ItemType>0</ItemType>
      <ItemName>מאפית</ItemName>
      <ManufacturerName>לא ידוע</ManufacturerName>
      <ManufactureCountry>לא ידוע</ManufactureCountry>
      <ManufacturerItemDescription>מאפית</ManufacturerItemDescription>
      <UnitQty>לא ידוע</UnitQty>
      <Quantity>0.00</Quantity>
      <UnitOfMeasure>לא ידוע</UnitOfMeasure>
      <bIsWeighted>0</bIsWeighted>
      <QtyInPackage>לא ידוע</QtyInPackage>
      <ItemPrice>0.00</ItemPrice>
      <UnitOfMeasurePrice>0.0000</UnitOfMeasurePrice>
      <AllowDiscount>1</AllowDiscount>
      <ItemStatus>1</ItemStatus>
      <ItemId>30365</ItemId>
    </Item>
    <Item>
      <PriceUpdateDate>2015-01-01 00:00:00</PriceUpdateDate>
      <ItemCode>88888014</ItemCode>
      <ItemType>0</ItemType>
      <ItemName>דין שיווק זכיינות</ItemName>
      <ManufacturerName>לא ידוע</ManufacturerName>
      <ManufactureCountry>לא ידוע</ManufactureCountry>
      <ManufacturerItemDescription>דין שיווק זכיינות</ManufacturerItemDescription>
      <UnitQty>לא ידוע</UnitQty>
      <Quantity>0.00</Quantity>
      <UnitOfMeasure>לא ידוע</UnitOfMeasure>
      <bIsWeighted>0</bIsWeighted>
      <QtyInPackage>לא ידוע</QtyInPackage>
      <ItemPrice>0.00</ItemPrice>
      <UnitOfMeasurePrice>0.0000</UnitOfMeasurePrice>
      <AllowDiscount>1</AllowDiscount>
      <ItemStatus>1</ItemStatus>
      <ItemId>30366</ItemId>
    </Item>
    <Item>
      <PriceUpdateDate>2015-01-01 00:00:00</PriceUpdateDate>
      <ItemCode>88888015</ItemCode>
      <ItemType>0</ItemType>
      <ItemName>ווק זכיינות ללא מע"מ</ItemName>
      <ManufacturerName>לא ידוע</ManufacturerName>
      <ManufactureCountry>לא ידוע</ManufactureCountry>
      <ManufacturerItemDescription>ווק זכיינות ללא מע"מ</ManufacturerItemDescription>
      <UnitQty>לא ידוע</UnitQty>
      <Quantity>0.00</Quantity>
      <UnitOfMeasure>לא ידוע</UnitOfMeasure>
      <bIsWeighted>0</bIsWeighted>
      <QtyInPackage>לא ידוע</QtyInPackage>
      <ItemPrice>0.00</ItemPrice>
      <UnitOfMeasurePrice>0.0000</UnitOfMeasurePrice>
      <AllowDiscount>1</AllowDiscount>
      <ItemStatus>1</ItemStatus>
      <ItemId>30367</ItemId>
    </Item>
    <Item>
      <PriceUpdateDate>2015-01-01 00:00:00</PriceUpdateDate>
      <ItemCode>88888016</ItemCode>
      <ItemType>0</ItemType>
      <ItemName>תרומות</ItemName>
      <ManufacturerName>לא ידוע</ManufacturerName>
      <ManufactureCountry>לא ידוע</ManufactureCountry>
      <ManufacturerItemDescription>תרומות</ManufacturerItemDescription>
      <UnitQty>לא ידוע</UnitQty>
      <Quantity>0.00</Quantity>
      <UnitOfMeasure>לא ידוע</UnitOfMeasure>
      <bIsWeighted>0</bIsWeighted>
      <QtyInPackage>לא ידוע</QtyInPackage>
      <ItemPrice>0.00</ItemPrice>
      <UnitOfMeasurePrice>0.0000</UnitOfMeasurePrice>
      <AllowDiscount>1</AllowDiscount>
      <ItemStatus>1</ItemStatus>
      <ItemId>30368</ItemId>
    </Item>
    <Item>
      <PriceUpdateDate>2015-01-01 00:00:00</PriceUpdateDate>
      <ItemCode>88888017</ItemCode>
      <ItemType>0</ItemType>
      <ItemName>י מחפוד ארוז זכיינות</ItemName>
      <ManufacturerName>לא ידוע</ManufacturerName>
      <ManufactureCountry>לא ידוע</ManufactureCountry>
      <ManufacturerItemDescription>י מחפוד ארוז זכיינות</ManufacturerItemDescription>
      <UnitQty>לא ידוע</UnitQty>
      <Quantity>0.00</Quantity>
      <UnitOfMeasure>לא ידוע</UnitOfMeasure>
      <bIsWeighted>0</bIsWeighted>
      <QtyInPackage>לא ידוע</QtyInPackage>
      <ItemPrice>0.00</ItemPrice>
      <UnitOfMeasurePrice>0.0000</UnitOfMeasurePrice>
      <AllowDiscount>1</AllowDiscount>
      <ItemStatus>1</ItemStatus>
      <ItemId>30369</ItemId>
    </Item>
    <Item>
      <PriceUpdateDate>2015-01-01 00:00:00</PriceUpdateDate>
      <ItemCode>88888018</ItemCode>
      <ItemType>0</ItemType>
      <ItemName>קפואים מחפוד זכיינות</ItemName>
      <ManufacturerName>לא ידוע</ManufacturerName>
      <ManufactureCountry>לא ידוע</ManufactureCountry>
      <ManufacturerItemDescription>קפואים מחפוד זכיינות</ManufacturerItemDescription>
      <UnitQty>לא ידוע</UnitQty>
      <Quantity>0.00</Quantity>
      <UnitOfMeasure>לא ידוע</UnitOfMeasure>
      <bIsWeighted>0</bIsWeighted>
      <QtyInPackage>לא ידוע</QtyInPackage>
      <ItemPrice>0.00</ItemPrice>
      <UnitOfMeasurePrice>0.0000</UnitOfMeasurePrice>
      <AllowDiscount>1</AllowDiscount>
      <ItemStatus>1</ItemStatus>
      <ItemId>30370</ItemId>
    </Item>
    <Item>
      <PriceUpdateDate>2015-01-01 00:00:00</PriceUpdateDate>
      <ItemCode>88888020</ItemCode>
      <ItemType>0</ItemType>
      <ItemName>מחלקת חלב</ItemName>
      <ManufacturerName>לא ידוע</ManufacturerName>
      <ManufactureCountry>לא ידוע</ManufactureCountry>
      <ManufacturerItemDescription>מחלקת חלב</ManufacturerItemDescription>
      <UnitQty>לא ידוע</UnitQty>
      <Quantity>0.00</Quantity>
      <UnitOfMeasure>לא ידוע</UnitOfMeasure>
      <bIsWeighted>0</bIsWeighted>
      <QtyInPackage>לא ידוע</QtyInPackage>
      <ItemPrice>0.00</ItemPrice>
      <UnitOfMeasurePrice>0.0000</UnitOfMeasurePrice>
      <AllowDiscount>1</AllowDiscount>
      <ItemStatus>1</ItemStatus>
      <ItemId>30371</ItemId>
    </Item>
    <Item>
      <PriceUpdateDate>2015-01-01 00:00:00</PriceUpdateDate>
      <ItemCode>88888021</ItemCode>
      <ItemType>0</ItemType>
      <ItemName>אוכל מוכן</ItemName>
      <ManufacturerName>לא ידוע</ManufacturerName>
      <ManufactureCountry>לא ידוע</ManufactureCountry>
      <ManufacturerItemDescription>אוכל מוכן</ManufacturerItemDescription>
      <UnitQty>לא ידוע</UnitQty>
      <Quantity>0.00</Quantity>
      <UnitOfMeasure>לא ידוע</UnitOfMeasure>
      <bIsWeighted>0</bIsWeighted>
      <QtyInPackage>לא ידוע</QtyInPackage>
      <ItemPrice>0.00</ItemPrice>
      <UnitOfMeasurePrice>0.0000</UnitOfMeasurePrice>
      <AllowDiscount>1</AllowDiscount>
      <ItemStatus>1</ItemStatus>
      <ItemId>30372</ItemId>
    </Item>
    <Item>
      <PriceUpdateDate>2015-01-01 00:00:00</PriceUpdateDate>
      <ItemCode>88888022</ItemCode>
      <ItemType>0</ItemType>
      <ItemName>אוכל מוכן - חדש</ItemName>
      <ManufacturerName>לא ידוע</ManufacturerName>
      <ManufactureCountry>לא ידוע</ManufactureCountry>
      <ManufacturerItemDescription>אוכל מוכן - חדש</ManufacturerItemDescription>
      <UnitQty>לא ידוע</UnitQty>
      <Quantity>0.00</Quantity>
      <UnitOfMeasure>לא ידוע</UnitOfMeasure>
      <bIsWeighted>0</bIsWeighted>
      <QtyInPackage>לא ידוע</QtyInPackage>
      <ItemPrice>0.00</ItemPrice>
      <UnitOfMeasurePrice>0.0000</UnitOfMeasurePrice>
      <AllowDiscount>1</AllowDiscount>
      <ItemStatus>1</ItemStatus>
      <ItemId>30373</ItemId>
    </Item>
    <Item>
      <PriceUpdateDate>2015-01-01 00:00:00</PriceUpdateDate>
      <ItemCode>88888023</ItemCode>
      <ItemType>0</ItemType>
      <ItemName>שימוש פנימי</ItemName>
      <ManufacturerName>לא ידוע</ManufacturerName>
      <ManufactureCountry>לא ידוע</ManufactureCountry>
      <ManufacturerItemDescription>שימוש פנימי</ManufacturerItemDescription>
      <UnitQty>לא ידוע</UnitQty>
      <Quantity>0.00</Quantity>
      <UnitOfMeasure>לא ידוע</UnitOfMeasure>
      <bIsWeighted>0</bIsWeighted>
      <QtyInPackage>לא ידוע</QtyInPackage>
      <ItemPrice>0.00</ItemPrice>
      <UnitOfMeasurePrice>0.0000</UnitOfMeasurePrice>
      <AllowDiscount>1</AllowDiscount>
      <ItemStatus>1</ItemStatus>
      <ItemId>30374</ItemId>
    </Item>
    <Item>
      <PriceUpdateDate>2015-01-01 00:00:00</PriceUpdateDate>
      <ItemCode>88888024</ItemCode>
      <ItemType>0</ItemType>
      <ItemName>אריזות כללי</ItemName>
      <ManufacturerName>לא ידוע</ManufacturerName>
      <ManufactureCountry>לא ידוע</ManufactureCountry>
      <ManufacturerItemDescription>אריזות כללי</ManufacturerItemDescription>
      <UnitQty>לא ידוע</UnitQty>
      <Quantity>0.00</Quantity>
      <UnitOfMeasure>לא ידוע</UnitOfMeasure>
      <bIsWeighted>0</bIsWeighted>
      <QtyInPackage>לא ידוע</QtyInPackage>
      <ItemPrice>0.00</ItemPrice>
      <UnitOfMeasurePrice>0.0000</UnitOfMeasurePrice>
      <AllowDiscount>1</AllowDiscount>
      <ItemStatus>1</ItemStatus>
      <ItemId>30375</ItemId>
    </Item>
    <Item>
      <PriceUpdateDate>2015-01-01 00:00:00</PriceUpdateDate>
      <ItemCode>88888025</ItemCode>
      <ItemType>0</ItemType>
      <ItemName>ביגוד</ItemName>
      <ManufacturerName>לא ידוע</ManufacturerName>
      <ManufactureCountry>לא ידוע</ManufactureCountry>
      <ManufacturerItemDescription>ביגוד</ManufacturerItemDescription>
      <UnitQty>לא ידוע</UnitQty>
      <Quantity>0.00</Quantity>
      <UnitOfMeasure>לא ידוע</UnitOfMeasure>
      <bIsWeighted>0</bIsWeighted>
      <QtyInPackage>לא ידוע</QtyInPackage>
      <ItemPrice>0.00</ItemPrice>
      <UnitOfMeasurePrice>0.0000</UnitOfMeasurePrice>
      <AllowDiscount>1</AllowDiscount>
      <ItemStatus>1</ItemStatus>
      <ItemId>30376</ItemId>
    </Item>
    <Item>
      <PriceUpdateDate>2015-01-01 00:00:00</PriceUpdateDate>
      <ItemCode>88888026</ItemCode>
      <ItemType>0</ItemType>
      <ItemName>אחזקה</ItemName>
      <ManufacturerName>לא ידוע</ManufacturerName>
      <ManufactureCountry>לא ידוע</ManufactureCountry>
      <ManufacturerItemDescription>אחזקה</ManufacturerItemDescription>
      <UnitQty>לא ידוע</UnitQty>
      <Quantity>0.00</Quantity>
      <UnitOfMeasure>לא ידוע</UnitOfMeasure>
      <bIsWeighted>0</bIsWeighted>
      <QtyInPackage>לא ידוע</QtyInPackage>
      <ItemPrice>0.00</ItemPrice>
      <UnitOfMeasurePrice>0.0000</UnitOfMeasurePrice>
      <AllowDiscount>1</AllowDiscount>
      <ItemStatus>1</ItemStatus>
      <ItemId>30377</ItemId>
    </Item>
    <Item>
      <PriceUpdateDate>2015-01-01 00:00:00</PriceUpdateDate>
      <ItemCode>88888027</ItemCode>
      <ItemType>0</ItemType>
      <ItemName>כלים מתכלים</ItemName>
      <ManufacturerName>לא ידוע</ManufacturerName>
      <ManufactureCountry>לא ידוע</ManufactureCountry>
      <ManufacturerItemDescription>כלים מתכלים</ManufacturerItemDescription>
      <UnitQty>לא ידוע</UnitQty>
      <Quantity>0.00</Quantity>
      <UnitOfMeasure>לא ידוע</UnitOfMeasure>
      <bIsWeighted>0</bIsWeighted>
      <QtyInPackage>לא ידוע</QtyInPackage>
      <ItemPrice>0.00</ItemPrice>
      <UnitOfMeasurePrice>0.0000</UnitOfMeasurePrice>
      <AllowDiscount>1</AllowDiscount>
      <ItemStatus>1</ItemStatus>
      <ItemId>30378</ItemId>
    </Item>
    <Item>
      <PriceUpdateDate>2015-01-01 00:00:00</PriceUpdateDate>
      <ItemCode>88888028</ItemCode>
      <ItemType>0</ItemType>
      <ItemName>צרכי משרד</ItemName>
      <ManufacturerName>לא ידוע</ManufacturerName>
      <ManufactureCountry>לא ידוע</ManufactureCountry>
      <ManufacturerItemDescription>צרכי משרד</ManufacturerItemDescription>
      <UnitQty>לא ידוע</UnitQty>
      <Quantity>0.00</Quantity>
      <UnitOfMeasure>לא ידוע</UnitOfMeasure>
      <bIsWeighted>0</bIsWeighted>
      <QtyInPackage>לא ידוע</QtyInPackage>
      <ItemPrice>0.00</ItemPrice>
      <UnitOfMeasurePrice>0.0000</UnitOfMeasurePrice>
      <AllowDiscount>1</AllowDiscount>
      <ItemStatus>1</ItemStatus>
      <ItemId>30379</ItemId>
    </Item>
    <Item>
      <PriceUpdateDate>2015-01-01 00:00:00</PriceUpdateDate>
      <ItemCode>88888029</ItemCode>
      <ItemType>0</ItemType>
      <ItemName>אחזקת קופות ומחשבים</ItemName>
      <ManufacturerName>לא ידוע</ManufacturerName>
      <ManufactureCountry>לא ידוע</ManufactureCountry>
      <ManufacturerItemDescription>אחזקת קופות ומחשבים</ManufacturerItemDescription>
      <UnitQty>לא ידוע</UnitQty>
      <Quantity>0.00</Quantity>
      <UnitOfMeasure>לא ידוע</UnitOfMeasure>
      <bIsWeighted>0</bIsWeighted>
      <QtyInPackage>לא ידוע</QtyInPackage>
      <ItemPrice>0.00</ItemPrice>
      <UnitOfMeasurePrice>0.0000</UnitOfMeasurePrice>
      <AllowDiscount>1</AllowDiscount>
      <ItemStatus>1</ItemStatus>
      <ItemId>30380</ItemId>
    </Item>
    <Item>
      <PriceUpdateDate>2015-01-01 00:00:00</PriceUpdateDate>
      <ItemCode>88888030</ItemCode>
      <ItemType>0</ItemType>
      <ItemName>אריזות שקיות גופיה</ItemName>
      <ManufacturerName>לא ידוע</ManufacturerName>
      <ManufactureCountry>לא ידוע</ManufactureCountry>
      <ManufacturerItemDescription>אריזות שקיות גופיה</ManufacturerItemDescription>
      <UnitQty>לא ידוע</UnitQty>
      <Quantity>0.00</Quantity>
      <UnitOfMeasure>לא ידוע</UnitOfMeasure>
      <bIsWeighted>0</bIsWeighted>
      <QtyInPackage>לא ידוע</QtyInPackage>
      <ItemPrice>0.00</ItemPrice>
      <UnitOfMeasurePrice>0.0000</UnitOfMeasurePrice>
      <AllowDiscount>1</AllowDiscount>
      <ItemStatus>1</ItemStatus>
      <ItemId>30381</ItemId>
    </Item>
    <Item>
      <PriceUpdateDate>2015-01-01 00:00:00</PriceUpdateDate>
      <ItemCode>88888031</ItemCode>
      <ItemType>0</ItemType>
      <ItemName>פירות וירקות עם מע"מ</ItemName>
      <ManufacturerName>לא ידוע</ManufacturerName>
      <ManufactureCountry>לא ידוע</ManufactureCountry>
      <ManufacturerItemDescription>פירות וירקות עם מע"מ</ManufacturerItemDescription>
      <UnitQty>לא ידוע</UnitQty>
      <Quantity>0.00</Quantity>
      <UnitOfMeasure>לא ידוע</UnitOfMeasure>
      <bIsWeighted>0</bIsWeighted>
      <QtyInPackage>לא ידוע</QtyInPackage>
      <ItemPrice>0.00</ItemPrice>
      <UnitOfMeasurePrice>0.0000</UnitOfMeasurePrice>
      <AllowDiscount>1</AllowDiscount>
      <ItemStatus>1</ItemStatus>
      <ItemId>30382</ItemId>
    </Item>
    <Item>
      <PriceUpdateDate>2015-01-01 00:00:00</PriceUpdateDate>
      <ItemCode>88888032</ItemCode>
      <ItemType>0</ItemType>
      <ItemName>פיצוחיה יוחננוף</ItemName>
      <ManufacturerName>לא ידוע</ManufacturerName>
      <ManufactureCountry>לא ידוע</ManufactureCountry>
      <ManufacturerItemDescription>פיצוחיה יוחננוף</ManufacturerItemDescription>
      <UnitQty>לא ידוע</UnitQty>
      <Quantity>0.00</Quantity>
      <UnitOfMeasure>לא ידוע</UnitOfMeasure>
      <bIsWeighted>0</bIsWeighted>
      <QtyInPackage>לא ידוע</QtyInPackage>
      <ItemPrice>0.00</ItemPrice>
      <UnitOfMeasurePrice>0.0000</UnitOfMeasurePrice>
      <AllowDiscount>1</AllowDiscount>
      <ItemStatus>1</ItemStatus>
      <ItemId>30383</ItemId>
    </Item>
    <Item>
      <PriceUpdateDate>2015-01-01 00:00:00</PriceUpdateDate>
      <ItemCode>88888035</ItemCode>
      <ItemType>0</ItemType>
      <ItemName>סנדוויצים</ItemName>
      <ManufacturerName>לא ידוע</ManufacturerName>
      <ManufactureCountry>לא ידוע</ManufactureCountry>
      <ManufacturerItemDescription>סנדוויצים</ManufacturerItemDescription>
      <UnitQty>לא ידוע</UnitQty>
      <Quantity>0.00</Quantity>
      <UnitOfMeasure>לא ידוע</UnitOfMeasure>
      <bIsWeighted>0</bIsWeighted>
      <QtyInPackage>לא ידוע</QtyInPackage>
      <ItemPrice>0.00</ItemPrice>
      <UnitOfMeasurePrice>0.0000</UnitOfMeasurePrice>
      <AllowDiscount>1</AllowDiscount>
      <ItemStatus>1</ItemStatus>
      <ItemId>30384</ItemId>
    </Item>
    <Item>
      <PriceUpdateDate>2015-01-01 00:00:00</PriceUpdateDate>
      <ItemCode>88888040</ItemCode>
      <ItemType>0</ItemType>
      <ItemName>צביה זכיינות - גורמה</ItemName>
      <ManufacturerName>לא ידוע</ManufacturerName>
      <ManufactureCountry>לא ידוע</ManufactureCountry>
      <ManufacturerItemDescription>צביה זכיינות - גורמה</ManufacturerItemDescription>
      <UnitQty>לא ידוע</UnitQty>
      <Quantity>0.00</Quantity>
      <UnitOfMeasure>לא ידוע</UnitOfMeasure>
      <bIsWeighted>0</bIsWeighted>
      <QtyInPackage>לא ידוע</QtyInPackage>
      <ItemPrice>0.00</ItemPrice>
      <UnitOfMeasurePrice>0.0000</UnitOfMeasurePrice>
      <AllowDiscount>1</AllowDiscount>
      <ItemStatus>1</ItemStatus>
      <ItemId>30385</ItemId>
    </Item>
    <Item>
      <PriceUpdateDate>2015-01-01 00:00:00</PriceUpdateDate>
      <ItemCode>88888041</ItemCode>
      <ItemType>0</ItemType>
      <ItemName>קפואים זכיינות גורמה</ItemName>
      <ManufacturerName>לא ידוע</ManufacturerName>
      <ManufactureCountry>לא ידוע</ManufactureCountry>
      <ManufacturerItemDescription>קפואים זכיינות גורמה</ManufacturerItemDescription>
      <UnitQty>לא ידוע</UnitQty>
      <Quantity>0.00</Quantity>
      <UnitOfMeasure>לא ידוע</UnitOfMeasure>
      <bIsWeighted>0</bIsWeighted>
      <QtyInPackage>לא ידוע</QtyInPackage>
      <ItemPrice>0.00</ItemPrice>
      <UnitOfMeasurePrice>0.0000</UnitOfMeasurePrice>
      <AllowDiscount>1</AllowDiscount>
      <ItemStatus>1</ItemStatus>
      <ItemId>30386</ItemId>
    </Item>
    <Item>
      <PriceUpdateDate>2015-01-01 00:00:00</PriceUpdateDate>
      <ItemCode>88888042</ItemCode>
      <ItemType>0</ItemType>
      <ItemName>זכיינות מעדני גורמה</ItemName>
      <ManufacturerName>לא ידוע</ManufacturerName>
      <ManufactureCountry>לא ידוע</ManufactureCountry>
      <ManufacturerItemDescription>זכיינות מעדני גורמה</ManufacturerItemDescription>
      <UnitQty>לא ידוע</UnitQty>
      <Quantity>0.00</Quantity>
      <UnitOfMeasure>לא ידוע</UnitOfMeasure>
      <bIsWeighted>0</bIsWeighted>
      <QtyInPackage>לא ידוע</QtyInPackage>
      <ItemPrice>0.00</ItemPrice>
      <UnitOfMeasurePrice>0.0000</UnitOfMeasurePrice>
      <AllowDiscount>1</AllowDiscount>
      <ItemStatus>1</ItemStatus>
      <ItemId>30387</ItemId>
    </Item>
    <Item>
      <PriceUpdateDate>2015-01-01 00:00:00</PriceUpdateDate>
      <ItemCode>88888043</ItemCode>
      <ItemType>0</ItemType>
      <ItemName>דגים טריים גורמה</ItemName>
      <ManufacturerName>לא ידוע</ManufacturerName>
      <ManufactureCountry>לא ידוע</ManufactureCountry>
      <ManufacturerItemDescription>דגים טריים גורמה</ManufacturerItemDescription>
      <UnitQty>לא ידוע</UnitQty>
      <Quantity>0.00</Quantity>
      <UnitOfMeasure>לא ידוע</UnitOfMeasure>
      <bIsWeighted>0</bIsWeighted>
      <QtyInPackage>לא ידוע</QtyInPackage>
      <ItemPrice>0.00</ItemPrice>
      <UnitOfMeasurePrice>0.0000</UnitOfMeasurePrice>
      <AllowDiscount>1</AllowDiscount>
      <ItemStatus>1</ItemStatus>
      <ItemId>30388</ItemId>
    </Item>
    <Item>
      <PriceUpdateDate>2015-01-01 00:00:00</PriceUpdateDate>
      <ItemCode>88888044</ItemCode>
      <ItemType>0</ItemType>
      <ItemName>דגת הארץ קונסיגנציה</ItemName>
      <ManufacturerName>לא ידוע</ManufacturerName>
      <ManufactureCountry>לא ידוע</ManufactureCountry>
      <ManufacturerItemDescription>דגת הארץ קונסיגנציה</ManufacturerItemDescription>
      <UnitQty>לא ידוע</UnitQty>
      <Quantity>0.00</Quantity>
      <UnitOfMeasure>לא ידוע</UnitOfMeasure>
      <bIsWeighted>0</bIsWeighted>
      <QtyInPackage>לא ידוע</QtyInPackage>
      <ItemPrice>0.00</ItemPrice>
      <UnitOfMeasurePrice>0.0000</UnitOfMeasurePrice>
      <AllowDiscount>1</AllowDiscount>
      <ItemStatus>1</ItemStatus>
      <ItemId>30389</ItemId>
    </Item>
    <Item>
      <PriceUpdateDate>2015-01-01 00:00:00</PriceUpdateDate>
      <ItemCode>88888050</ItemCode>
      <ItemType>0</ItemType>
      <ItemName>לחמים ומאפים</ItemName>
      <ManufacturerName>לא ידוע</ManufacturerName>
      <ManufactureCountry>לא ידוע</ManufactureCountry>
      <ManufacturerItemDescription>לחמים ומאפים</ManufacturerItemDescription>
      <UnitQty>לא ידוע</UnitQty>
      <Quantity>0.00</Quantity>
      <UnitOfMeasure>לא ידוע</UnitOfMeasure>
      <bIsWeighted>0</bIsWeighted>
      <QtyInPackage>לא ידוע</QtyInPackage>
      <ItemPrice>0.00</ItemPrice>
      <UnitOfMeasurePrice>0.0000</UnitOfMeasurePrice>
      <AllowDiscount>1</AllowDiscount>
      <ItemStatus>1</ItemStatus>
      <ItemId>30390</ItemId>
    </Item>
    <Item>
      <PriceUpdateDate>2015-01-01 00:00:00</PriceUpdateDate>
      <ItemCode>88888052</ItemCode>
      <ItemType>0</ItemType>
      <ItemName>סלטים ונקניקים</ItemName>
      <ManufacturerName>לא ידוע</ManufacturerName>
      <ManufactureCountry>לא ידוע</ManufactureCountry>
      <ManufacturerItemDescription>סלטים ונקניקים</ManufacturerItemDescription>
      <UnitQty>לא ידוע</UnitQty>
      <Quantity>0.00</Quantity>
      <UnitOfMeasure>לא ידוע</UnitOfMeasure>
      <bIsWeighted>0</bIsWeighted>
      <QtyInPackage>לא ידוע</QtyInPackage>
      <ItemPrice>0.00</ItemPrice>
      <UnitOfMeasurePrice>0.0000</UnitOfMeasurePrice>
      <AllowDiscount>1</AllowDiscount>
      <ItemStatus>1</ItemStatus>
      <ItemId>30391</ItemId>
    </Item>
    <Item>
      <PriceUpdateDate>2015-01-01 00:00:00</PriceUpdateDate>
      <ItemCode>88888053</ItemCode>
      <ItemType>0</ItemType>
      <ItemName>ללא גלוטן וללא סוכר</ItemName>
      <ManufacturerName>לא ידוע</ManufacturerName>
      <ManufactureCountry>לא ידוע</ManufactureCountry>
      <ManufacturerItemDescription>ללא גלוטן וללא סוכר</ManufacturerItemDescription>
      <UnitQty>לא ידוע</UnitQty>
      <Quantity>0.00</Quantity>
      <UnitOfMeasure>לא ידוע</UnitOfMeasure>
      <bIsWeighted>0</bIsWeighted>
      <QtyInPackage>לא ידוע</QtyInPackage>
      <ItemPrice>0.00</ItemPrice>
      <UnitOfMeasurePrice>0.0000</UnitOfMeasurePrice>
      <AllowDiscount>1</AllowDiscount>
      <ItemStatus>1</ItemStatus>
      <ItemId>30392</ItemId>
    </Item>
    <Item>
      <PriceUpdateDate>2015-01-01 00:00:00</PriceUpdateDate>
      <ItemCode>88888054</ItemCode>
      <ItemType>0</ItemType>
      <ItemName>בעלי חיים</ItemName>
      <ManufacturerName>לא ידוע</ManufacturerName>
      <ManufactureCountry>לא ידוע</ManufactureCountry>
      <ManufacturerItemDescription>בעלי חיים</ManufacturerItemDescription>
      <UnitQty>לא ידוע</UnitQty>
      <Quantity>0.00</Quantity>
      <UnitOfMeasure>לא ידוע</UnitOfMeasure>
      <bIsWeighted>0</bIsWeighted>
      <QtyInPackage>לא ידוע</QtyInPackage>
      <ItemPrice>0.00</ItemPrice>
      <UnitOfMeasurePrice>0.0000</UnitOfMeasurePrice>
      <AllowDiscount>1</AllowDiscount>
      <ItemStatus>1</ItemStatus>
      <ItemId>30393</ItemId>
    </Item>
    <Item>
      <PriceUpdateDate>2015-01-01 00:00:00</PriceUpdateDate>
      <ItemCode>88888055</ItemCode>
      <ItemType>0</ItemType>
      <ItemName>זול סטוק</ItemName>
      <ManufacturerName>לא ידוע</ManufacturerName>
      <ManufactureCountry>לא ידוע</ManufactureCountry>
      <ManufacturerItemDescription>זול סטוק</ManufacturerItemDescription>
      <UnitQty>לא ידוע</UnitQty>
      <Quantity>0.00</Quantity>
      <UnitOfMeasure>לא ידוע</UnitOfMeasure>
      <bIsWeighted>0</bIsWeighted>
      <QtyInPackage>לא ידוע</QtyInPackage>
      <ItemPrice>0.00</ItemPrice>
      <UnitOfMeasurePrice>0.0000</UnitOfMeasurePrice>
      <AllowDiscount>1</AllowDiscount>
      <ItemStatus>1</ItemStatus>
      <ItemId>30394</ItemId>
    </Item>
    <Item>
      <PriceUpdateDate>2015-01-01 00:00:00</PriceUpdateDate>
      <ItemCode>88888090</ItemCode>
      <ItemType>0</ItemType>
      <ItemName>עגלות לקוחות ומחסן</ItemName>
      <ManufacturerName>לא ידוע</ManufacturerName>
      <ManufactureCountry>לא ידוע</ManufactureCountry>
      <ManufacturerItemDescription>עגלות לקוחות ומחסן</ManufacturerItemDescription>
      <UnitQty>לא ידוע</UnitQty>
      <Quantity>0.00</Quantity>
      <UnitOfMeasure>לא ידוע</UnitOfMeasure>
      <bIsWeighted>0</bIsWeighted>
      <QtyInPackage>לא ידוע</QtyInPackage>
      <ItemPrice>0.00</ItemPrice>
      <UnitOfMeasurePrice>0.0000</UnitOfMeasurePrice>
      <AllowDiscount>1</AllowDiscount>
      <ItemStatus>1</ItemStatus>
      <ItemId>30395</ItemId>
    </Item>
    <Item>
      <PriceUpdateDate>2015-01-01 00:00:00</PriceUpdateDate>
      <ItemCode>88888099</ItemCode>
      <ItemType>0</ItemType>
      <ItemName>שווה פלוס</ItemName>
      <ManufacturerName>לא ידוע</ManufacturerName>
      <ManufactureCountry>לא ידוע</ManufactureCountry>
      <ManufacturerItemDescription>שווה פלוס</ManufacturerItemDescription>
      <UnitQty>לא ידוע</UnitQty>
      <Quantity>0.00</Quantity>
      <UnitOfMeasure>לא ידוע</UnitOfMeasure>
      <bIsWeighted>0</bIsWeighted>
      <QtyInPackage>לא ידוע</QtyInPackage>
      <ItemPrice>0.00</ItemPrice>
      <UnitOfMeasurePrice>0.0000</UnitOfMeasurePrice>
      <AllowDiscount>1</AllowDiscount>
      <ItemStatus>1</ItemStatus>
      <ItemId>30396</ItemId>
    </Item>
    <Item>
      <PriceUpdateDate>2015-01-01 00:00:00</PriceUpdateDate>
      <ItemCode>88888101</ItemCode>
      <ItemType>0</ItemType>
      <ItemName>עמלת משיכת מזומן</ItemName>
      <ManufacturerName>לא ידוע</ManufacturerName>
      <ManufactureCountry>לא ידוע</ManufactureCountry>
      <ManufacturerItemDescription>עמלת משיכת מזומן</ManufacturerItemDescription>
      <UnitQty>לא ידוע</UnitQty>
      <Quantity>0.00</Quantity>
      <UnitOfMeasure>לא ידוע</UnitOfMeasure>
      <bIsWeighted>0</bIsWeighted>
      <QtyInPackage>לא ידוע</QtyInPackage>
      <ItemPrice>0.00</ItemPrice>
      <UnitOfMeasurePrice>0.0000</UnitOfMeasurePrice>
      <AllowDiscount>1</AllowDiscount>
      <ItemStatus>1</ItemStatus>
      <ItemId>30397</ItemId>
    </Item>
    <Item>
      <PriceUpdateDate>2015-01-01 00:00:00</PriceUpdateDate>
      <ItemCode>88888991</ItemCode>
      <ItemType>0</ItemType>
      <ItemName>שחר ריטייל  סיגריות</ItemName>
      <ManufacturerName>לא ידוע</ManufacturerName>
      <ManufactureCountry>לא ידוע</ManufactureCountry>
      <ManufacturerItemDescription>שחר ריטייל  סיגריות</ManufacturerItemDescription>
      <UnitQty>לא ידוע</UnitQty>
      <Quantity>0.00</Quantity>
      <UnitOfMeasure>לא ידוע</UnitOfMeasure>
      <bIsWeighted>0</bIsWeighted>
      <QtyInPackage>לא ידוע</QtyInPackage>
      <ItemPrice>0.00</ItemPrice>
      <UnitOfMeasurePrice>0.0000</UnitOfMeasurePrice>
      <AllowDiscount>1</AllowDiscount>
      <ItemStatus>1</ItemStatus>
      <ItemId>30398</ItemId>
    </Item>
    <Item>
      <PriceUpdateDate>2015-01-01 00:00:00</PriceUpdateDate>
      <ItemCode>88888992</ItemCode>
      <ItemType>0</ItemType>
      <ItemName>יתן ספקים לבתי מרקחת</ItemName>
      <ManufacturerName>לא ידוע</ManufacturerName>
      <ManufactureCountry>לא ידוע</ManufactureCountry>
      <ManufacturerItemDescription>יתן ספקים לבתי מרקחת</ManufacturerItemDescription>
      <UnitQty>לא ידוע</UnitQty>
      <Quantity>0.00</Quantity>
      <UnitOfMeasure>לא ידוע</UnitOfMeasure>
      <bIsWeighted>0</bIsWeighted>
      <QtyInPackage>לא ידוע</QtyInPackage>
      <ItemPrice>0.00</ItemPrice>
      <UnitOfMeasurePrice>0.0000</UnitOfMeasurePrice>
      <AllowDiscount>1</AllowDiscount>
      <ItemStatus>1</ItemStatus>
      <ItemId>30399</ItemId>
    </Item>
    <Item>
      <PriceUpdateDate>2015-01-01 00:00:00</PriceUpdateDate>
      <ItemCode>88888100</ItemCode>
      <ItemType>0</ItemType>
      <ItemName>א. יעקב</ItemName>
      <ManufacturerName>לא ידוע</ManufacturerName>
      <ManufactureCountry>לא ידוע</ManufactureCountry>
      <ManufacturerItemDescription>א. יעקב</ManufacturerItemDescription>
      <UnitQty>לא ידוע</UnitQty>
      <Quantity>0.00</Quantity>
      <UnitOfMeasure>לא ידוע</UnitOfMeasure>
      <bIsWeighted>0</bIsWeighted>
      <QtyInPackage>לא ידוע</QtyInPackage>
      <ItemPrice>0.00</ItemPrice>
      <UnitOfMeasurePrice>0.0000</UnitOfMeasurePrice>
      <AllowDiscount>1</AllowDiscount>
      <ItemStatus>1</ItemStatus>
      <ItemId>30400</ItemId>
    </Item>
    <Item>
      <PriceUpdateDate>2025-11-17 14:54:58</PriceUpdateDate>
      <ItemCode>7290116534237</ItemCode>
      <ItemType>1</ItemType>
      <ItemName>רוטב טריאקי קנור 370</ItemName>
      <ManufacturerName>אתר חיפה  778 - Food</ManufacturerName>
      <ManufactureCountry>ישראל</ManufactureCountry>
      <ManufacturerItemDescription>KNORR</ManufacturerItemDescription>
      <UnitQty>גרמים</UnitQty>
      <Quantity>370.00</Quantity>
      <UnitOfMeasure>100 גרם</UnitOfMeasure>
      <bIsWeighted>0</bIsWeighted>
      <QtyInPackage>לא ידוע</QtyInPackage>
      <ItemPrice>14.90</ItemPrice>
      <UnitOfMeasurePrice>0.0403</UnitOfMeasurePrice>
      <AllowDiscount>1</AllowDiscount>
      <ItemStatus>1</ItemStatus>
      <ItemId>74428</ItemId>
    </Item>
    <Item>
      <PriceUpdateDate>2025-01-01 21:30:06</PriceUpdateDate>
      <ItemCode>7290000144467</ItemCode>
      <ItemType>1</ItemType>
      <ItemName>שמן חמניות בריאות מה</ItemName>
      <ManufacturerName>שמן תעשיות</ManufacturerName>
      <ManufactureCountry>ישראל</ManufactureCountry>
      <ManufacturerItemDescription>עץ הזית</ManufacturerItemDescription>
      <UnitQty>ליטרים</UnitQty>
      <Quantity>1.00</Quantity>
      <UnitOfMeasure>ליטר    </UnitOfMeasure>
      <bIsWeighted>0</bIsWeighted>
      <QtyInPackage>לא ידוע</QtyInPackage>
      <ItemPrice>18.10</ItemPrice>
      <UnitOfMeasurePrice>18.1000</UnitOfMeasurePrice>
      <AllowDiscount>1</AllowDiscount>
      <ItemStatus>1</ItemStatus>
      <ItemId>30485</ItemId>
    </Item>
    <Item>
      <PriceUpdateDate>2024-03-19 14:21:25</PriceUpdateDate>
      <ItemCode>7290000144474</ItemCode>
      <ItemType>1</ItemType>
      <ItemName>שמן קנולה בריאות מהט</ItemName>
      <ManufacturerName>שמן תעשיות</ManufacturerName>
      <ManufactureCountry>ישראל</ManufactureCountry>
      <ManufacturerItemDescription>עץ הזית</ManufacturerItemDescription>
      <UnitQty>ליטרים</UnitQty>
      <Quantity>1.00</Quantity>
      <UnitOfMeasure>ליטר    </UnitOfMeasure>
      <bIsWeighted>0</bIsWeighted>
      <QtyInPackage>לא ידוע</QtyInPackage>
      <ItemPrice>16.90</ItemPrice>
      <UnitOfMeasurePrice>16.9000</UnitOfMeasurePrice>
      <AllowDiscount>1</AllowDiscount>
      <ItemStatus>1</ItemStatus>
      <ItemId>30486</ItemId>
    </Item>
    <Item>
      <PriceUpdateDate>2025-12-02 10:43:28</PriceUpdateDate>
      <ItemCode>7290000211169</ItemCode>
      <ItemType>1</ItemType>
      <ItemName>אורז תאילנדי 1 קג</ItemName>
      <ManufacturerName>סוגת תעשיות בעמ</ManufacturerName>
      <ManufactureCountry>ישראל</ManufactureCountry>
      <ManufacturerItemDescription>סוגת</ManufacturerItemDescription>
      <UnitQty>קילוגרמים</UnitQty>
      <Quantity>1.00</Quantity>
      <UnitOfMeasure>ק"ג     </UnitOfMeasure>
      <bIsWeighted>0</bIsWeighted>
      <QtyInPackage>לא ידוע</QtyInPackage>
      <ItemPrice>8.90</ItemPrice>
      <UnitOfMeasurePrice>8.9000</UnitOfMeasurePrice>
      <AllowDiscount>1</AllowDiscount>
      <ItemStatus>1</ItemStatus>
      <ItemId>30487</ItemId>
    </Item>
    <Item>
      <PriceUpdateDate>2025-01-01 21:30:07</PriceUpdateDate>
      <ItemCode>7290000211312</ItemCode>
      <ItemType>1</ItemType>
      <ItemName>אורז מלא 1 ק"ג.</ItemName>
      <ManufacturerName>סוגת תעשיות בעמ</ManufacturerName>
      <ManufactureCountry>ישראל</ManufactureCountry>
      <ManufacturerItemDescription>סוגת</ManufacturerItemDescription>
      <UnitQty>קילוגרמים</UnitQty>
      <Quantity>1.00</Quantity>
      <UnitOfMeasure>ק"ג     </UnitOfMeasure>
      <bIsWeighted>0</bIsWeighted>
      <QtyInPackage>לא ידוע</QtyInPackage>
      <ItemPrice>8.00</ItemPrice>
      <UnitOfMeasurePrice>8.0000</UnitOfMeasurePrice>
      <AllowDiscount>1</AllowDiscount>
      <ItemStatus>1</ItemStatus>
      <ItemId>30488</ItemId>
    </Item>
    <Item>
      <PriceUpdateDate>2025-07-07 16:05:45</PriceUpdateDate>
      <ItemCode>7290000211442</ItemCode>
      <ItemType>1</ItemType>
      <ItemName>אורז פרסי סוגת 1 ק"ג</ItemName>
      <ManufacturerName>סוגת תעשיות בעמ</ManufacturerName>
      <ManufactureCountry>ישראל</ManufactureCountry>
      <ManufacturerItemDescription>סוגת</ManufacturerItemDescription>
      <UnitQty>קילוגרמים</UnitQty>
      <Quantity>1.00</Quantity>
      <UnitOfMeasure>ק"ג     </UnitOfMeasure>
      <bIsWeighted>0</bIsWeighted>
      <QtyInPackage>לא ידוע</QtyInPackage>
      <ItemPrice>11.90</ItemPrice>
      <UnitOfMeasurePrice>11.9000</UnitOfMeasurePrice>
      <AllowDiscount>1</AllowDiscount>
      <ItemStatus>1</ItemStatus>
      <ItemId>30491</ItemId>
    </Item>
    <Item>
      <PriceUpdateDate>2024-03-19 14:21:25</PriceUpdateDate>
      <ItemCode>7290000211503</ItemCode>
      <ItemType>1</ItemType>
      <ItemName>סוכר 1 ק"ג</ItemName>
      <ManufacturerName>סוגת תעשיות בע"מ</ManufacturerName>
      <ManufactureCountry>ישראל</ManufactureCountry>
      <ManufacturerItemDescription>סוגת</ManufacturerItemDescription>
      <UnitQty>קילוגרמים</UnitQty>
      <Quantity>1.00</Quantity>
      <UnitOfMeasure>ק"ג     </UnitOfMeasure>
      <bIsWeighted>0</bIsWeighted>
      <QtyInPackage>לא ידוע</QtyInPackage>
      <ItemPrice>5.50</ItemPrice>
      <UnitOfMeasurePrice>5.5000</UnitOfMeasurePrice>
      <AllowDiscount>1</AllowDiscount>
      <ItemStatus>1</ItemStatus>
      <ItemId>30492</ItemId>
    </Item>
    <Item>
      <PriceUpdateDate>2025-12-07 17:51:11</PriceUpdateDate>
      <ItemCode>7290000211985</ItemCode>
      <ItemType>1</ItemType>
      <ItemName>אורז עגול 1 ק"ג</ItemName>
      <ManufacturerName>סוגת תעשיות בעמ</ManufacturerName>
      <ManufactureCountry>ישראל</ManufactureCountry>
      <ManufacturerItemDescription>סוגת</ManufacturerItemDescription>
      <UnitQty>קילוגרמים</UnitQty>
      <Quantity>1.00</Quantity>
      <UnitOfMeasure>ק"ג     </UnitOfMeasure>
      <bIsWeighted>0</bIsWeighted>
      <QtyInPackage>לא ידוע</QtyInPackage>
      <ItemPrice>12.90</ItemPrice>
      <UnitOfMeasurePrice>12.9000</UnitOfMeasurePrice>
      <AllowDiscount>1</AllowDiscount>
      <ItemStatus>1</ItemStatus>
      <ItemId>30495</ItemId>
    </Item>
    <Item>
      <PriceUpdateDate>2025-01-12 11:48:22</PriceUpdateDate>
      <ItemCode>7290000523125</ItemCode>
      <ItemType>1</ItemType>
      <ItemName>מלח ים 250  גרם.</ItemName>
      <ManufacturerName>מלח הארץ אילת</ManufacturerName>
      <ManufactureCountry>ישראל</ManufactureCountry>
      <ManufacturerItemDescription>מלח הארץ</ManufacturerItemDescription>
      <UnitQty>גרמים</UnitQty>
      <Quantity>250.00</Quantity>
      <UnitOfMeasure>100 גרם</UnitOfMeasure>
      <bIsWeighted>0</bIsWeighted>
      <QtyInPackage>לא ידוע</QtyInPackage>
      <ItemPrice>6.90</ItemPrice>
      <UnitOfMeasurePrice>0.0276</UnitOfMeasurePrice>
      <AllowDiscount>1</AllowDiscount>
      <ItemStatus>1</ItemStatus>
      <ItemId>30496</ItemId>
    </Item>
    <Item>
      <PriceUpdateDate>2025-01-02 16:45:10</PriceUpdateDate>
      <ItemCode>7290000523224</ItemCode>
      <ItemType>1</ItemType>
      <ItemName>מלח ים 500 גרם.</ItemName>
      <ManufacturerName>מלח הארץ אילת</ManufacturerName>
      <ManufactureCountry>לא ידוע</ManufactureCountry>
      <ManufacturerItemDescription>מלח הארץ</ManufacturerItemDescription>
      <UnitQty>יחידה   </UnitQty>
      <Quantity>0.00</Quantity>
      <UnitOfMeasure>יחידה   </UnitOfMeasure>
      <bIsWeighted>0</bIsWeighted>
      <QtyInPackage>לא ידוע</QtyInPackage>
      <ItemPrice>9.10</ItemPrice>
      <UnitOfMeasurePrice>0.0000</UnitOfMeasurePrice>
      <AllowDiscount>1</AllowDiscount>
      <ItemStatus>1</ItemStatus>
      <ItemId>30497</ItemId>
    </Item>
    <Item>
      <PriceUpdateDate>2025-12-09 13:47:37</PriceUpdateDate>
      <ItemCode>7290000523514</ItemCode>
      <ItemType>1</ItemType>
      <ItemName>מלח מופחת נתרן</ItemName>
      <ManufacturerName>מלח הארץ אילת</ManufacturerName>
      <ManufactureCountry>ישראל</ManufactureCountry>
      <ManufacturerItemDescription>מלח הארץ</ManufacturerItemDescription>
      <UnitQty>גרמים</UnitQty>
      <Quantity>250.00</Quantity>
      <UnitOfMeasure>100 גרם</UnitOfMeasure>
      <bIsWeighted>0</bIsWeighted>
      <QtyInPackage>לא ידוע</QtyInPackage>
      <ItemPrice>11.90</ItemPrice>
      <UnitOfMeasurePrice>0.0476</UnitOfMeasurePrice>
      <AllowDiscount>1</AllowDiscount>
      <ItemStatus>1</ItemStatus>
      <ItemId>30498</ItemId>
    </Item>
    <Item>
      <PriceUpdateDate>2025-01-05 18:11:59</PriceUpdateDate>
      <ItemCode>7290000523804</ItemCode>
      <ItemType>1</ItemType>
      <ItemName>מלח עדין 1 ק"ג צנצנת</ItemName>
      <ManufacturerName>מלח הארץ אילת</ManufacturerName>
      <ManufactureCountry>ישראל</ManufactureCountry>
      <ManufacturerItemDescription>מלח הארץ</ManufacturerItemDescription>
      <UnitQty>קילוגרמים</UnitQty>
      <Quantity>1.00</Quantity>
      <UnitOfMeasure>ק"ג     </UnitOfMeasure>
      <bIsWeighted>0</bIsWeighted>
      <QtyInPackage>לא ידוע</QtyInPackage>
      <ItemPrice>7.40</ItemPrice>
      <UnitOfMeasurePrice>7.4000</UnitOfMeasurePrice>
      <AllowDiscount>1</AllowDiscount>
      <ItemStatus>1</ItemStatus>
      <ItemId>30500</ItemId>
    </Item>
    <Item>
      <PriceUpdateDate>2025-01-01 21:30:08</PriceUpdateDate>
      <ItemCode>7290001216040</ItemCode>
      <ItemType>1</ItemType>
      <ItemName>*מבצע* טחינה 500 ג</ItemName>
      <ManufacturerName>לא ידוע</ManufacturerName>
      <ManufactureCountry>לא ידוע</ManufactureCountry>
      <ManufacturerItemDescription>טחינה 500 ג אל ארז</ManufacturerItemDescription>
      <UnitQty>יחידה   </UnitQty>
      <Quantity>0.00</Quantity>
      <UnitOfMeasure>יחידה   </UnitOfMeasure>
      <bIsWeighted>0</bIsWeighted>
      <QtyInPackage>לא ידוע</QtyInPackage>
      <ItemPrice>19.00</ItemPrice>
      <UnitOfMeasurePrice>0.0000</UnitOfMeasurePrice>
      <AllowDiscount>1</AllowDiscount>
      <ItemStatus>1</ItemStatus>
      <ItemId>30509</ItemId>
    </Item>
    <Item>
      <PriceUpdateDate>2025-01-01 21:30:08</PriceUpdateDate>
      <ItemCode>7290001216057</ItemCode>
      <ItemType>1</ItemType>
      <ItemName>טחינה 1 ק"ג אל ארז</ItemName>
      <ManufacturerName>לא ידוע</ManufacturerName>
      <ManufactureCountry>כללי</ManufactureCountry>
      <ManufacturerItemDescription>טחינה 1 ק"ג אל ארז</ManufacturerItemDescription>
      <UnitQty>קילוגרמים</UnitQty>
      <Quantity>1.00</Quantity>
      <UnitOfMeasure>ק"ג     </UnitOfMeasure>
      <bIsWeighted>0</bIsWeighted>
      <QtyInPackage>לא ידוע</QtyInPackage>
      <ItemPrice>32.20</ItemPrice>
      <UnitOfMeasurePrice>32.2000</UnitOfMeasurePrice>
      <AllowDiscount>1</AllowDiscount>
      <ItemStatus>1</ItemStatus>
      <ItemId>30510</ItemId>
    </Item>
    <Item>
      <PriceUpdateDate>2025-12-07 17:51:11</PriceUpdateDate>
      <ItemCode>7290001216231</ItemCode>
      <ItemType>1</ItemType>
      <ItemName>טחינה מלאה 500 ג אל</ItemName>
      <ManufacturerName>לא ידוע</ManufacturerName>
      <ManufactureCountry>כללי</ManufactureCountry>
      <ManufacturerItemDescription>טחינה מלאה 500 ג אל</ManufacturerItemDescription>
      <UnitQty>גרמים</UnitQty>
      <Quantity>500.00</Quantity>
      <UnitOfMeasure>100 גרם</UnitOfMeasure>
      <bIsWeighted>0</bIsWeighted>
      <QtyInPackage>לא ידוע</QtyInPackage>
      <ItemPrice>19.90</ItemPrice>
      <UnitOfMeasurePrice>0.0398</UnitOfMeasurePrice>
      <AllowDiscount>1</AllowDiscount>
      <ItemStatus>1</ItemStatus>
      <ItemId>30511</ItemId>
    </Item>
    <Item>
      <PriceUpdateDate>2024-01-15 09:07:39</PriceUpdateDate>
      <ItemCode>7290001990117</ItemCode>
      <ItemType>1</ItemType>
      <ItemName>שומשום 100 גרם</ItemName>
      <ManufacturerName>סוגת תעשיות בע"מ</ManufacturerName>
      <ManufactureCountry>ישראל</ManufactureCountry>
      <ManufacturerItemDescription>סוגת</ManufacturerItemDescription>
      <UnitQty>גרמים</UnitQty>
      <Quantity>100.00</Quantity>
      <UnitOfMeasure>100 גרם</UnitOfMeasure>
      <bIsWeighted>0</bIsWeighted>
      <QtyInPackage>לא ידוע</QtyInPackage>
      <ItemPrice>4.50</ItemPrice>
      <UnitOfMeasurePrice>0.0450</UnitOfMeasurePrice>
      <AllowDiscount>1</AllowDiscount>
      <ItemStatus>1</ItemStatus>
      <ItemId>30513</ItemId>
    </Item>
    <Item>
      <PriceUpdateDate>2025-01-01 21:30:09</PriceUpdateDate>
      <ItemCode>7290002374268</ItemCode>
      <ItemType>1</ItemType>
      <ItemName>שמן חמניות מילומור</ItemName>
      <ManufacturerName>סוגת</ManufacturerName>
      <ManufactureCountry>ישראל</ManufactureCountry>
      <ManufacturerItemDescription>שמן חמניות מילומור</ManufacturerItemDescription>
      <UnitQty>ליטרים</UnitQty>
      <Quantity>1.00</Quantity>
      <UnitOfMeasure>ליטר    </UnitOfMeasure>
      <bIsWeighted>0</bIsWeighted>
      <QtyInPackage>לא ידוע</QtyInPackage>
      <ItemPrice>11.60</ItemPrice>
      <UnitOfMeasurePrice>11.6000</UnitOfMeasurePrice>
      <AllowDiscount>1</AllowDiscount>
      <ItemStatus>1</ItemStatus>
      <ItemId>30522</ItemId>
    </Item>
    <Item>
      <PriceUpdateDate>2025-11-23 14:53:22</PriceUpdateDate>
      <ItemCode>7290002374312</ItemCode>
      <ItemType>0</ItemType>
      <ItemName>שמן קנולה "מילומור"</ItemName>
      <ManufacturerName>שמן תעשיות</ManufacturerName>
      <ManufactureCountry>ישראל</ManufactureCountry>
      <ManufacturerItemDescription>עץ הזית</ManufacturerItemDescription>
      <UnitQty>ליטרים</UnitQty>
      <Quantity>1.00</Quantity>
      <UnitOfMeasure>ליטר    </UnitOfMeasure>
      <bIsWeighted>0</bIsWeighted>
      <QtyInPackage>לא ידוע</QtyInPackage>
      <ItemPrice>10.90</ItemPrice>
      <UnitOfMeasurePrice>10.9000</UnitOfMeasurePrice>
      <AllowDiscount>1</AllowDiscount>
      <ItemStatus>1</ItemStatus>
      <ItemId>30523</ItemId>
    </Item>
    <Item>
      <PriceUpdateDate>2025-01-01 21:30:09</PriceUpdateDate>
      <ItemCode>7290002374640</ItemCode>
      <ItemType>1</ItemType>
      <ItemName>שמן קנולה בריאות מהט</ItemName>
      <ManufacturerName>שמן תעשיות</ManufacturerName>
      <ManufactureCountry>ישראל</ManufactureCountry>
      <ManufacturerItemDescription>עץ הזית</ManufacturerItemDescription>
      <UnitQty>ליטרים</UnitQty>
      <Quantity>1.00</Quantity>
      <UnitOfMeasure>ליטר    </UnitOfMeasure>
      <bIsWeighted>0</bIsWeighted>
      <QtyInPackage>לא ידוע</QtyInPackage>
      <ItemPrice>17.00</ItemPrice>
      <UnitOfMeasurePrice>17.0000</UnitOfMeasurePrice>
      <AllowDiscount>1</AllowDiscount>
      <ItemStatus>1</ItemStatus>
      <ItemId>30525</ItemId>
    </Item>
    <Item>
      <PriceUpdateDate>2024-01-15 09:07:39</PriceUpdateDate>
      <ItemCode>7290002692782</ItemCode>
      <ItemType>1</ItemType>
      <ItemName>תרסיס שמן זית ללא תו</ItemName>
      <ManufacturerName>שמן תעשיות</ManufacturerName>
      <ManufactureCountry>ישראל</ManufactureCountry>
      <ManufacturerItemDescription>עץ הזית</ManufacturerItemDescription>
      <UnitQty>מיליליטרים</UnitQty>
      <Quantity>150.00</Quantity>
      <UnitOfMeasure>100 מ"ל</UnitOfMeasure>
      <bIsWeighted>0</bIsWeighted>
      <QtyInPackage>לא ידוע</QtyInPackage>
      <ItemPrice>18.90</ItemPrice>
      <UnitOfMeasurePrice>0.1260</UnitOfMeasurePrice>
      <AllowDiscount>1</AllowDiscount>
      <ItemStatus>1</ItemStatus>
      <ItemId>30530</ItemId>
    </Item>
    <Item>
      <PriceUpdateDate>2024-03-19 14:21:25</PriceUpdateDate>
      <ItemCode>7290003643004</ItemCode>
      <ItemType>1</ItemType>
      <ItemName>אורז בסמטי 1 ק"ג</ItemName>
      <ManufacturerName>סוגת תעשיות בעמ</ManufacturerName>
      <ManufactureCountry>ישראל</ManufactureCountry>
      <ManufacturerItemDescription>סוגת</ManufacturerItemDescription>
      <UnitQty>קילוגרמים</UnitQty>
      <Quantity>1.00</Quantity>
      <UnitOfMeasure>ק"ג     </UnitOfMeasure>
      <bIsWeighted>0</bIsWeighted>
      <QtyInPackage>לא ידוע</QtyInPackage>
      <ItemPrice>15.90</ItemPrice>
      <UnitOfMeasurePrice>15.9000</UnitOfMeasurePrice>
      <AllowDiscount>1</AllowDiscount>
      <ItemStatus>1</ItemStatus>
      <ItemId>30531</ItemId>
    </Item>
    <Item>
      <PriceUpdateDate>2025-01-01 21:30:11</PriceUpdateDate>
      <ItemCode>7290003643325</ItemCode>
      <ItemType>1</ItemType>
      <ItemName>קוסקוס בינוני 350 ג</ItemName>
      <ManufacturerName>אסיף תעשיות מזון בע"</ManufacturerName>
      <ManufactureCountry>ישראל</ManufactureCountry>
      <ManufacturerItemDescription>סוגת</ManufacturerItemDescription>
      <UnitQty>גרמים</UnitQty>
      <Quantity>350.00</Quantity>
      <UnitOfMeasure>100 גרם</UnitOfMeasure>
      <bIsWeighted>0</bIsWeighted>
      <QtyInPackage>לא ידוע</QtyInPackage>
      <ItemPrice>6.60</ItemPrice>
      <UnitOfMeasurePrice>0.0189</UnitOfMeasurePrice>
      <AllowDiscount>1</AllowDiscount>
      <ItemStatus>1</ItemStatus>
      <ItemId>30539</ItemId>
    </Item>
    <Item>
      <PriceUpdateDate>2025-01-01 21:30:11</PriceUpdateDate>
      <ItemCode>7290003643387</ItemCode>
      <ItemType>1</ItemType>
      <ItemName>סוכר לבן בצנצנת 1ק"ג</ItemName>
      <ManufacturerName>סוגת תעשיות בע"מ</ManufacturerName>
      <ManufactureCountry>ישראל</ManufactureCountry>
      <ManufacturerItemDescription>סוגת</ManufacturerItemDescription>
      <UnitQty>קילוגרמים</UnitQty>
      <Quantity>1.00</Quantity>
      <UnitOfMeasure>ק"ג     </UnitOfMeasure>
      <bIsWeighted>0</bIsWeighted>
      <QtyInPackage>לא ידוע</QtyInPackage>
      <ItemPrice>13.00</ItemPrice>
      <UnitOfMeasurePrice>13.0000</UnitOfMeasurePrice>
      <AllowDiscount>1</AllowDiscount>
      <ItemStatus>1</ItemStatus>
      <ItemId>30540</ItemId>
    </Item>
    <Item>
      <PriceUpdateDate>2025-12-07 17:51:11</PriceUpdateDate>
      <ItemCode>7290003643646</ItemCode>
      <ItemType>1</ItemType>
      <ItemName>סוכר דמררה צנצנת 1 ק</ItemName>
      <ManufacturerName>סוגת תעשיות בעמ</ManufacturerName>
      <ManufactureCountry>ישראל</ManufactureCountry>
      <ManufacturerItemDescription>סוגת</ManufacturerItemDescription>
      <UnitQty>קילוגרמים</UnitQty>
      <Quantity>1.00</Quantity>
      <UnitOfMeasure>ק"ג     </UnitOfMeasure>
      <bIsWeighted>0</bIsWeighted>
      <QtyInPackage>לא ידוע</QtyInPackage>
      <ItemPrice>15.90</ItemPrice>
      <UnitOfMeasurePrice>15.9000</UnitOfMeasurePrice>
      <AllowDiscount>1</AllowDiscount>
      <ItemStatus>1</ItemStatus>
      <ItemId>30541</ItemId>
    </Item>
    <Item>
      <PriceUpdateDate>2025-01-01 21:30:11</PriceUpdateDate>
      <ItemCode>7290003643684</ItemCode>
      <ItemType>1</ItemType>
      <ItemName>אפונה 500 גרם</ItemName>
      <ManufacturerName>סוגת תעשיות בע"מ</ManufacturerName>
      <ManufactureCountry>ישראל</ManufactureCountry>
      <ManufacturerItemDescription>סוגת</ManufacturerItemDescription>
      <UnitQty>גרמים</UnitQty>
      <Quantity>500.00</Quantity>
      <UnitOfMeasure>100 גרם</UnitOfMeasure>
      <bIsWeighted>0</bIsWeighted>
      <QtyInPackage>לא ידוע</QtyInPackage>
      <ItemPrice>6.00</ItemPrice>
      <UnitOfMeasurePrice>0.0120</UnitOfMeasurePrice>
      <AllowDiscount>1</AllowDiscount>
      <ItemStatus>1</ItemStatus>
      <ItemId>30542</ItemId>
    </Item>
    <Item>
      <PriceUpdateDate>2025-06-22 15:56:01</PriceUpdateDate>
      <ItemCode>7290003643707</ItemCode>
      <ItemType>1</ItemType>
      <ItemName>גריסים סוגת 500 גרם</ItemName>
      <ManufacturerName>סוגת תעשיות בע"מ</ManufacturerName>
      <ManufactureCountry>ישראל</ManufactureCountry>
      <ManufacturerItemDescription>סוגת</ManufacturerItemDescription>
      <UnitQty>גרמים</UnitQty>
      <Quantity>500.00</Quantity>
      <UnitOfMeasure>100 גרם</UnitOfMeasure>
      <bIsWeighted>0</bIsWeighted>
      <QtyInPackage>לא ידוע</QtyInPackage>
      <ItemPrice>8.00</ItemPrice>
      <UnitOfMeasurePrice>0.0160</UnitOfMeasurePrice>
      <AllowDiscount>1</AllowDiscount>
      <ItemStatus>1</ItemStatus>
      <ItemId>30543</ItemId>
    </Item>
    <Item>
      <PriceUpdateDate>2025-02-02 13:31:57</PriceUpdateDate>
      <ItemCode>7290003643714</ItemCode>
      <ItemType>1</ItemType>
      <ItemName>חומוס 500 ג'</ItemName>
      <ManufacturerName>סוגת תעשיות בע"מ</ManufacturerName>
      <ManufactureCountry>ישראל</ManufactureCountry>
      <ManufacturerItemDescription>סוגת</ManufacturerItemDescription>
      <UnitQty>גרמים</UnitQty>
      <Quantity>500.00</Quantity>
      <UnitOfMeasure>100 גרם</UnitOfMeasure>
      <bIsWeighted>0</bIsWeighted>
      <QtyInPackage>לא ידוע</QtyInPackage>
      <ItemPrice>10.00</ItemPrice>
      <UnitOfMeasurePrice>0.0200</UnitOfMeasurePrice>
      <AllowDiscount>1</AllowDiscount>
      <ItemStatus>1</ItemStatus>
      <ItemId>30544</ItemId>
    </Item>
    <Item>
      <PriceUpdateDate>2025-06-22 15:56:01</PriceUpdateDate>
      <ItemCode>7290003643738</ItemCode>
      <ItemType>1</ItemType>
      <ItemName>חיטה סוגת 500 גרם</ItemName>
      <ManufacturerName>סוגת תעשיות בע"מ</ManufacturerName>
      <ManufactureCountry>ישראל</ManufactureCountry>
      <ManufacturerItemDescription>סוגת</ManufacturerItemDescription>
      <UnitQty>גרמים</UnitQty>
      <Quantity>500.00</Quantity>
      <UnitOfMeasure>100 גרם</UnitOfMeasure>
      <bIsWeighted>0</bIsWeighted>
      <QtyInPackage>לא ידוע</QtyInPackage>
      <ItemPrice>8.00</ItemPrice>
      <UnitOfMeasurePrice>0.0160</UnitOfMeasurePrice>
      <AllowDiscount>1</AllowDiscount>
      <ItemStatus>1</ItemStatus>
      <ItemId>30545</ItemId>
    </Item>
    <Item>
      <PriceUpdateDate>2025-01-01 21:30:11</PriceUpdateDate>
      <ItemCode>7290003643745</ItemCode>
      <ItemType>1</ItemType>
      <ItemName>כוסמת 500 גר</ItemName>
      <ManufacturerName>סוגת תעשיות בע"מ</ManufacturerName>
      <ManufactureCountry>ישראל</ManufactureCountry>
      <ManufacturerItemDescription>סוגת</ManufacturerItemDescription>
      <UnitQty>גרמים</UnitQty>
      <Quantity>500.00</Quantity>
      <UnitOfMeasure>100 גרם</UnitOfMeasure>
      <bIsWeighted>0</bIsWeighted>
      <QtyInPackage>לא ידוע</QtyInPackage>
      <ItemPrice>8.40</ItemPrice>
      <UnitOfMeasurePrice>0.0168</UnitOfMeasurePrice>
      <AllowDiscount>1</AllowDiscount>
      <ItemStatus>1</ItemStatus>
      <ItemId>30546</ItemId>
    </Item>
    <Item>
      <PriceUpdateDate>2025-12-01 14:53:47</PriceUpdateDate>
      <ItemCode>7290003643752</ItemCode>
      <ItemType>1</ItemType>
      <ItemName>עדשים ירוקים 500 גרם</ItemName>
      <ManufacturerName>סוגת תעשיות בע"מ</ManufacturerName>
      <ManufactureCountry>ישראל</ManufactureCountry>
      <ManufacturerItemDescription>סוגת</ManufacturerItemDescription>
      <UnitQty>גרמים</UnitQty>
      <Quantity>500.00</Quantity>
      <UnitOfMeasure>100 גרם</UnitOfMeasure>
      <bIsWeighted>0</bIsWeighted>
      <QtyInPackage>לא ידוע</QtyInPackage>
      <ItemPrice>9.90</ItemPrice>
      <UnitOfMeasurePrice>0.0198</UnitOfMeasurePrice>
      <AllowDiscount>1</AllowDiscount>
      <ItemStatus>1</ItemStatus>
      <ItemId>30547</ItemId>
    </Item>
    <Item>
      <PriceUpdateDate>2025-12-01 15:33:46</PriceUpdateDate>
      <ItemCode>7290003643769</ItemCode>
      <ItemType>1</ItemType>
      <ItemName>עדשים אדומים 500 גרם</ItemName>
      <ManufacturerName>סוגת תעשיות בע"מ</ManufacturerName>
      <ManufactureCountry>ישראל</ManufactureCountry>
      <ManufacturerItemDescription>סוגת</ManufacturerItemDescription>
      <UnitQty>גרמים</UnitQty>
      <Quantity>500.00</Quantity>
      <UnitOfMeasure>100 גרם</UnitOfMeasure>
      <bIsWeighted>0</bIsWeighted>
      <QtyInPackage>לא ידוע</QtyInPackage>
      <ItemPrice>9.90</ItemPrice>
      <UnitOfMeasurePrice>0.0198</UnitOfMeasurePrice>
      <AllowDiscount>1</AllowDiscount>
      <ItemStatus>1</ItemStatus>
      <ItemId>30548</ItemId>
    </Item>
    <Item>
      <PriceUpdateDate>2025-12-07 17:51:11</PriceUpdateDate>
      <ItemCode>7290003643776</ItemCode>
      <ItemType>1</ItemType>
      <ItemName>פופקורן 500 גרם</ItemName>
      <ManufacturerName>סוגת תעשיות בע"מ</ManufacturerName>
      <ManufactureCountry>ישראל</ManufactureCountry>
      <ManufacturerItemDescription>סוגת</ManufacturerItemDescription>
      <UnitQty>גרמים</UnitQty>
      <Quantity>500.00</Quantity>
      <UnitOfMeasure>100 גרם</UnitOfMeasure>
      <bIsWeighted>0</bIsWeighted>
      <QtyInPackage>לא ידוע</QtyInPackage>
      <ItemPrice>7.90</ItemPrice>
      <UnitOfMeasurePrice>0.0158</UnitOfMeasurePrice>
      <AllowDiscount>1</AllowDiscount>
      <ItemStatus>1</ItemStatus>
      <ItemId>30549</ItemId>
    </Item>
    <Item>
      <PriceUpdateDate>2025-01-01 21:30:11</PriceUpdateDate>
      <ItemCode>7290003643806</ItemCode>
      <ItemType>1</ItemType>
      <ItemName>שעועית לבנה 500 גרם</ItemName>
      <ManufacturerName>סוגת תעשיות בע"מ</ManufacturerName>
      <ManufactureCountry>ישראל</ManufactureCountry>
      <ManufacturerItemDescription>סוגת</ManufacturerItemDescription>
      <UnitQty>גרמים</UnitQty>
      <Quantity>500.00</Quantity>
      <UnitOfMeasure>100 גרם</UnitOfMeasure>
      <bIsWeighted>0</bIsWeighted>
      <QtyInPackage>לא ידוע</QtyInPackage>
      <ItemPrice>13.00</ItemPrice>
      <UnitOfMeasurePrice>0.0260</UnitOfMeasurePrice>
      <AllowDiscount>1</AllowDiscount>
      <ItemStatus>1</ItemStatus>
      <ItemId>30551</ItemId>
    </Item>
    <Item>
      <PriceUpdateDate>2025-01-01 21:30:11</PriceUpdateDate>
      <ItemCode>7290003643813</ItemCode>
      <ItemType>1</ItemType>
      <ItemName>שעועית אדומה 500 גר</ItemName>
      <ManufacturerName>סוגת תעשיות בע"מ</ManufacturerName>
      <ManufactureCountry>ישראל</ManufactureCountry>
      <ManufacturerItemDescription>סוגת</ManufacturerItemDescription>
      <UnitQty>גרמים</UnitQty>
      <Quantity>500.00</Quantity>
      <UnitOfMeasure>100 גרם</UnitOfMeasure>
      <bIsWeighted>0</bIsWeighted>
      <QtyInPackage>לא ידוע</QtyInPackage>
      <ItemPrice>13.00</ItemPrice>
      <UnitOfMeasurePrice>0.0260</UnitOfMeasurePrice>
      <AllowDiscount>1</AllowDiscount>
      <ItemStatus>1</ItemStatus>
      <ItemId>30552</ItemId>
    </Item>
    <Item>
      <PriceUpdateDate>2024-12-15 17:02:16</PriceUpdateDate>
      <ItemCode>7290004063016</ItemCode>
      <ItemType>1</ItemType>
      <ItemName>מלח  שולחן.</ItemName>
      <ManufacturerName>לא ידוע</ManufacturerName>
      <ManufactureCountry>כללי</ManufactureCountry>
      <ManufacturerItemDescription>מלח שולחן</ManufacturerItemDescription>
      <UnitQty>קילוגרמים</UnitQty>
      <Quantity>1.00</Quantity>
      <UnitOfMeasure>ק"ג     </UnitOfMeasure>
      <bIsWeighted>0</bIsWeighted>
      <QtyInPackage>לא ידוע</QtyInPackage>
      <ItemPrice>1.95</ItemPrice>
      <UnitOfMeasurePrice>1.9500</UnitOfMeasurePrice>
      <AllowDiscount>1</AllowDiscount>
      <ItemStatus>1</ItemStatus>
      <ItemId>30553</ItemId>
    </Item>
    <Item>
      <PriceUpdateDate>2024-12-15 17:02:16</PriceUpdateDate>
      <ItemCode>7290004063115</ItemCode>
      <ItemType>1</ItemType>
      <ItemName>מלח מטבח.</ItemName>
      <ManufacturerName>לא ידוע</ManufacturerName>
      <ManufactureCountry>כללי</ManufactureCountry>
      <ManufacturerItemDescription>מלח מטבח</ManufacturerItemDescription>
      <UnitQty>קילוגרמים</UnitQty>
      <Quantity>1.00</Quantity>
      <UnitOfMeasure>ק"ג     </UnitOfMeasure>
      <bIsWeighted>0</bIsWeighted>
      <QtyInPackage>לא ידוע</QtyInPackage>
      <ItemPrice>1.95</ItemPrice>
      <UnitOfMeasurePrice>1.9500</UnitOfMeasurePrice>
      <AllowDiscount>1</AllowDiscount>
      <ItemStatus>1</ItemStatus>
      <ItemId>30555</ItemId>
    </Item>
  </Items>
</Root>